Product ID,Title,EAN,Family ID,Department ID,Packaging,Brand,Category,Price,Price Per Unit,Image URL,Promo End,Product URL
13897,Lombo sem Osso,2891053000000,11539,11537,Vendido ao peso a partir de 1 kg,Porco,,"4,28€/Kg","4,28€",https://cdn.intermarche.pt/pt/Content/images/boitmal/produit/zoom/415564DA70574ED3C1D7475F1F28BDB6.jpg,2024-11-27T23:59:59.999Z,/product/lombo-sem-osso/2891053000000
13865,Costeletas do Cachaço,2891042000000,11539,11537,Vendido ao peso a partir de 1 kg,Porco,,"4,98€/Kg","4,98€",https://cdn.intermarche.pt/pt/Content/images/boitmal/produit/zoom/9CC30521C194F3CF0E71F32C6E004880.jpg,,/product/costeletas-do-cachaco/2891042000000
13866,Bifanas,2891048000000,11539,11537,Vendido ao peso a partir de 1 kg,Porco,,"4,89€/Kg","4,89€",https://cdn.intermarche.pt/pt/Content/images/boitmal/produit/zoom/C9E276B082B119EFEDC2A2B0E1BC737E.jpg,,/product/bifanas/2891048000000
13893,Entrecosto,2891043000000,11539,11537,Vendido ao peso a partir de 1 kg,Porco,,"6,28€/Kg","6,28€",https://cdn.intermarche.pt/pt/Content/images/boitmal/produit/zoom/AA05EE99D302D59771FCC108473E0700.jpg,2024-11-27T23:59:59.999Z,/product/entrecosto/2891043000000
13881,Lombinhos,2891051000000,11539,11537,1 un=500 gr aprox.,Porco,,"7,99€/Kg","4,00€",https://cdn.intermarche.pt/pt/Content/images/boitmal/produit/zoom/72A8F969F14B8E66787332FACB9A8F30.jpg,,/product/lombinhos/2891051000000
13894,Entremeada sem Entrecosto,2891044000000,11539,11537,Vendido ao peso a partir de 1 kg,Porco,,"4,88€/Kg","4,88€",https://cdn.intermarche.pt/pt/Content/images/boitmal/produit/zoom/C03EF63C56AFB4E4EA78E134436BF30C.jpg,,/product/entremeada-sem-entrecosto/2891044000000
13892,Costeletas do Lombo,2891041000000,11539,11537,Vendido ao peso a partir de 1 kg,Porco,,"3,99€/Kg","3,99€",https://cdn.intermarche.pt/pt/Content/images/boitmal/produit/zoom/0CEDBCB04142A68CDED3690FB39820D0.jpg,,/product/costeletas-do-lombo/2891041000000
17523,Pá York c/ Osso c/ Couro,2891246000000,11539,11537,Vendido ao peso a partir de 1 kg,Porco,,"3,99€/Kg","3,99€",https://cdn.intermarche.pt/pt/Content/images/boitmal/produit/zoom/B1774B7150E1E65399A00A5F3DC93922.jpg,2024-11-27T23:59:59.999Z,/product/pa-york-c-ou-osso-c-ou-couro/2891246000000
13895,Espetadas,2891047000000,11539,11537,1 un = 150 gr (aprox.),Porco,,"6,49€/Kg","0,97€",https://cdn.intermarche.pt/pt/Content/images/boitmal/produit/zoom/401EE6D6FA8B752FC8E1714FD69830E3.jpg,2024-11-27T23:59:59.999Z,/product/espetadas/2891047000000
13954,Tiras da Costela/Piano,2891192000000,11539,11537,1 un = 500 gr (aprox.),Porco,,"7,99€/Kg","4,00€",https://cdn.intermarche.pt/pt/Content/images/boitmal/produit/zoom/7D0B09E93398DFB0B31D06D5AFBD6B99.jpg,,/product/tiras-da-costela-ou-piano/2891192000000
13934,Rojões,2891062000000,11539,11537,1 un = 250 gr  (aprox.),Porco,,"4,29€/Kg","1,07€",https://cdn.intermarche.pt/pt/Content/images/boitmal/produit/zoom/EC22EC97C3D422144CA5D38D9F748D88.jpg,,/product/rojoes/2891062000000
13896,Fígado,2891049000000,11539,11537,Vendido ao peso a partir de 1 kg,Porco,,"2,99€/Kg","2,99€",https://cdn.intermarche.pt/pt/Content/images/boitmal/produit/zoom/740BF060094E10F038B52E10E6D0AA68.jpg,,/product/figado/2891049000000
14936,Pá com Osso,2891055000000,11539,11537,Vendido ao peso a partir de 1 kg,Porco,,"3,17€/Kg","3,17€",https://cdn.intermarche.pt/pt/Content/images/boitmal/produit/zoom/DCB3979D4697BF7A768518A7C52DC125.jpg,,/product/pa-com-osso/2891055000000
14025,Bochechas,2891195000000,11539,11537,1 un = 150 gr (aprox.),Porco,,"12,99€/Kg","1,95€",https://cdn.intermarche.pt/pt/Content/images/boitmal/produit/zoom/3D60CE0A2317E208CB420B4ACEB4DFAC.jpg,,/product/bochechas/2891195000000
21291,Cachaço s/ Osso,2891140000000,11539,11537,Vendido ao peso a partir de 1 kg,Porco,,"5,49€/Kg","5,49€",https://cdn.intermarche.pt/pt/Content/images/boitmal/produit/zoom/5959AA495A4B146D941DA93F1CFF6837.jpg,,/product/cachaco-s-ou-osso/2891140000000
13873,Cachaço c/ Osso,2891197000000,11539,11537,1 un= 500 gr (aprox.),Porco,,"4,88€/Kg","2,44€",https://cdn.intermarche.pt/pt/Content/images/boitmal/produit/zoom/641196B6FD150D9312988E658BC35D8E.jpg,,/product/cachaco-c-ou-osso/2891197000000
13944,Orelhas,2891054000000,11539,11537,1 un = 250 gr (aprox.),Porco,,"5,99€/Kg","1,50€",https://cdn.intermarche.pt/pt/Content/images/boitmal/produit/zoom/58E736C9F70B312B5FE9853375C94DCC.jpg,,/product/orelhas/2891054000000
47807,"Secretos de porco preto, 250 g",5604260316724,11539,11537,,PorSi Select,,"17,96€/Kg","4,49€",https://cdn.intermarche.pt/pt/Content/images/boitmal/produit/zoom/FD0704EDEE2D2962C3E737A18550E6E5.jpg,,/product/secretos-de-porco-preto-250-g/5604260316724
47808,Lagartos de porco preto,5604260316731,11539,11537,250 g,PorSi Select,,"17,96€/Kg","4,49€",https://cdn.intermarche.pt/pt/Content/images/boitmal/produit/zoom/1A5F2D05ECEA15FFCADDABD0BCCBF902.jpg,,/product/lagartos-de-porco-preto/5604260316731
13891,Costeleta mista,2891040000000,11539,11537,1 un = 150 gr (aprox.),Porco,,"4,49€/Kg","0,67€",https://cdn.intermarche.pt/pt/Content/images/boitmal/produit/zoom/6B722F9909362F2F1A2998382EA0EE82.jpg,,/product/costeleta-mista/2891040000000
36829,Costeleta do cachaço de porco,5604260291533,11539,11537,Embalagem de 1 kg,PorSi,,"4,98€/Kg","4,98€",https://cdn.intermarche.pt/pt/Content/images/boitmal/produit/zoom/FF0C927FDDCA81029A3A6CF580547213.jpg,,/product/costeleta-do-cachaco-de-porco/5604260291533
14831,Bifanas,2891550000000,11539,11537,1 un = 100 gr (aprox.),Porco,,"3,79€/Kg","0,76€",https://cdn.intermarche.pt/pt/Content/images/boitmal/produit/zoom/3722127D55723618A546ABA2D21A0A46.jpg,,/product/bifanas/2891550000000
13864,Chispe da Perna,2891037000000,11539,11537,1 un = 800 gr (aprox.),Porco,,"1,99€/Kg","1,59€",https://cdn.intermarche.pt/pt/Content/images/boitmal/produit/zoom/B3DAAD6BE624664B4FCA9BE619015E84.jpg,,/product/chispe-da-perna/2891037000000
36830,Entremeada de porco fatiada,5604260291540,11539,11537,Embalagem de 1 kg,PorSi,,"4,88€/Kg","4,88€",https://cdn.intermarche.pt/pt/Content/images/boitmal/produit/zoom/90649E0C3D168F929A048A85CF0A720B.jpg,,/product/entremeada-de-porco-fatiada/5604260291540
13859,Pernil,2891058000000,11539,11537,1 un = 1 kg (aprox.),Porco,,"3,99€/Kg","3,99€",https://cdn.intermarche.pt/pt/Content/images/boitmal/produit/zoom/C4572635831A08625EF6328534B36B49.jpg,,/product/pernil/2891058000000
15413,Tiras de entrecosto pré temperado,2891167000000,11539,11537,1 un = 500 gr (aprox.),Porco,,"8,99€/Kg","4,50€",https://cdn.intermarche.pt/pt/Content/images/boitmal/produit/zoom/94A8BBF1098414A7D51C8F634050B411.jpg,,/product/tiras-de-entrecosto-pre-temperado/2891167000000
17215,Entrecosto pré temperado,2891168000000,11539,11537,"Vendido ao peso, a partir de 500 g",Porco,,"5,99€/Kg","3,00€",https://cdn.intermarche.pt/pt/Content/images/boitmal/produit/zoom/BF1377FBCEF601E8A152A3371F07D907.jpg,,/product/entrecosto-pre-temperado/2891168000000
13887,Unha,2891196000000,11539,11537,1 un = 500 gr (aprox.),Porco,,"2,99€/Kg","1,50€",https://cdn.intermarche.pt/pt/Content/images/boitmal/produit/zoom/A67A6A30CAF4733127975F594664EA8C.jpg,,/product/unha/2891196000000
14008,Cabeça c/ Osso,2891036000000,11539,11537,1 un = 1.5 kg (aprox.),Porco,,"2,49€/Kg","3,74€",https://cdn.intermarche.pt/pt/Content/images/boitmal/produit/zoom/BE1B3FD5AC77D6536B3889726BD957B5.jpg,,/product/cabeca-c-ou-osso/2891036000000
13962,Focinho,2891543000000,11539,11537,1 un = 300 gr (aprox.),Porco,,"5,99€/Kg","1,80€",https://cdn.intermarche.pt/pt/Content/images/boitmal/produit/zoom/D6C5F066CD4F3F79D26D3BD2BF1029DE.jpg,,/product/focinho/2891543000000
14943,Leitão Crú,2891160000000,11539,11537,"1/2 un = 3 kg, 1 un = 6 kg",Porco,,"14,99€/Kg","44,97€",https://cdn.intermarche.pt/pt/Content/images/boitmal/produit/zoom/675E10DCDC994371562FBBE76A57DC99.jpg,,/product/leitao-cru/2891160000000
13933,Rabos,2891059000000,11539,11537,1 un = 250 gr  (aprox.),Porco,,"4,99€/Kg","1,25€",https://cdn.intermarche.pt/pt/Content/images/boitmal/produit/zoom/52BFDE659CA3BCC2159ED97AA231C217.jpg,,/product/rabos/2891059000000
15207,Orelheira Fumada Ponte de Lima,2894151000000,11539,11537,1 un = 1 kg (aprox.),PorSi,,"6,99€/Kg","6,99€",https://cdn.intermarche.pt/pt/Content/images/boitmal/produit/zoom/4688F4734BBE38826A4E7417B17C2D6D.jpg,,/product/orelheira-fumada-ponte-de-lima/2894151000000
45465,Entremeada de novilho,5604260315604,11539,11537,Embalagem de 400 g,PorSi,,"9,73€/Kg","3,89€",https://cdn.intermarche.pt/pt/Content/images/boitmal/produit/zoom/860AE54ACDD4C2FB96B2DBCE20402F9C.jpg,,/product/entremeada-de-novilho/5604260315604
17272,Carne p/ Estufar,2891375000000,11540,11537,Vendido ao peso a partir de 800 g,Novilho,PT-R95-C,"8,99€/Kg","7,19€",https://cdn.intermarche.pt/pt/Content/images/boitmal/produit/zoom/74A9E71258207F3FD300DB35B0F5BB18.jpg,,/product/carne-p-ou-estufar/2891375000000
13844,Carne p/ Assar,2891011000000,11540,11537,Vendido ao peso a partir de 800 g,Novilho,PT-R95-C,"9,59€/Kg","7,67€",https://cdn.intermarche.pt/pt/Content/images/boitmal/produit/zoom/5BE20A86BAEB137E382553205DC9D349.jpg,,/product/carne-p-ou-assar/2891011000000
13838,Bife do Lombo,2891005000000,11540,11537,1 un= 150 gr (aprox.),Novilho,PT-R95-C,"26,99€/Kg","4,05€",https://cdn.intermarche.pt/pt/Content/images/boitmal/produit/zoom/E8004D30030C5BE75C3DEB9449E59D0A.jpg,,/product/bife-do-lombo/2891005000000
13839,Bife da Pá,2891006000000,11540,11537,Vendido ao peso a partir de 800 g,Novilho,PT-R95-C,"9,49€/Kg","7,59€",https://cdn.intermarche.pt/pt/Content/images/boitmal/produit/zoom/CFA6C3958119482911BB8DE0A0199C98.jpg,,/product/bife-da-pa/2891006000000
14056,Bife do Acém,2891280000000,11540,11537,Vendido ao peso a partir de 800 g,Novilho,,"9,49€/Kg","7,59€",https://cdn.intermarche.pt/pt/Content/images/boitmal/produit/zoom/552F67FF75CD62F25CC9EE25BCCA669C.jpg,,/product/bife-do-acem/2891280000000
17174,Costeletão,2891285000000,11540,11537,Vendido ao peso a partir de 1 kg,Novilho,PT-R95-C,"8,59€/Kg","8,59€",https://cdn.intermarche.pt/pt/Content/images/boitmal/produit/zoom/3119B572BBCB66D5B0D8D4234718B722.jpg,,/product/costeletao/2891285000000
13852,Fígado,2891020000000,11540,11537,1 un = 100 gr (aprox.),Novilho,,"6,99€/Kg","0,70€",https://cdn.intermarche.pt/pt/Content/images/boitmal/produit/zoom/7F21D014BF856223502CE366D77F0F5C.jpg,,/product/figado/2891020000000
14075,Picanha,2891270000000,11540,11537,Vendido ao peso a partir de 800 g,Bovino,PT-R95-C,"15,99€/Kg","12,79€",https://cdn.intermarche.pt/pt/Content/images/boitmal/produit/zoom/0D53841F7FAAB339706426EF33AAF920.jpg,,/product/picanha/2891270000000
13858,Hambúrgueres,2891035000000,11540,11537,1 un = 100 gr (aprox.),Novilho,,"8,99€/Kg","0,90€",https://cdn.intermarche.pt/pt/Content/images/boitmal/produit/zoom/C346582C2D01EAC41F877BB24B00A56E.jpg,,/product/hamburgueres/2891035000000
13890,Costeleta,2891017000000,11540,11537,1 un= 400 gr aprox.,Novilho,PT-R95-C,"13,99€/Kg","5,60€",https://cdn.intermarche.pt/pt/Content/images/boitmal/produit/zoom/1E30B29CED8DE853BBFB70B478C1AF58.jpg,,/product/costeleta/2891017000000
13837,Bife da Alcatra,2891004000000,11540,11537,1 un = 250 gr (aprox.),Novilho,PT-R95-C,"14,99€/Kg","3,75€",https://cdn.intermarche.pt/pt/Content/images/boitmal/produit/zoom/0DB4E73429948AD44AC689613310FABC.jpg,,/product/bife-da-alcatra/2891004000000
45456,Bifes do pojadouro de novilho,5604260315550,11540,11537,Embalagem de 400 g,PorSi,,"12,98€/Kg","5,19€",https://cdn.intermarche.pt/pt/Content/images/boitmal/produit/zoom/72F163C4A7056918BC8D8E53B9C488E4.jpg,,/product/bifes-do-pojadouro-de-novilho/5604260315550
13848,Entremeada Novilho,2891015000000,11540,11537,1 un=150 gr (aprox),Novilho,PT-R95-C,"8,59€/Kg","1,29€",https://cdn.intermarche.pt/pt/Content/images/boitmal/produit/zoom/ACCD84223C8F31B7632094FDB8ADB807.jpg,,/product/entremeada-novilho/2891015000000
32318,Bife da Rabadilha,2891008000000,11540,11537,Vendido ao peso a partir de 800 g,Novilho,PT-R95-C,"11,69€/Kg","9,35€",https://cdn.intermarche.pt/pt/Content/images/boitmal/produit/zoom/6FF7AD5E41DE4EA33707216209323350.jpg,,/product/bife-da-rabadilha/2891008000000
13856,Picanha,2891025000000,11540,11537,1 un = 1.250 kg (aprox.),Bovino,,"22,00€/Kg","27,50€",https://cdn.intermarche.pt/pt/Content/images/boitmal/produit/zoom/759532435621A3D4B458F022D645930E.jpg,,/product/picanha/2891025000000
13840,Bife do Pojadouro,2891007000000,11540,11537,Vendido ao peso a partir de 800 g,Novilho,PT-R95-C,"11,69€/Kg","9,35€",https://cdn.intermarche.pt/pt/Content/images/boitmal/produit/zoom/9D26C7053D3F4ACB4F82B306719D79B5.jpg,,/product/bife-do-pojadouro/2891007000000
18332,Espetadas Novilho,2891313000000,11540,11537,1 un=300 gr aprox.,Mertolenga,,"9,99€/Kg","3,00€",https://cdn.intermarche.pt/pt/Content/images/boitmal/produit/zoom/48A7533076DB9FB9560C1DB38D0F7ECB.jpg,,/product/espetadas-novilho/2891313000000
49628,Picanha Fatiada,5600757203959,11540,11537,embalagem com 450 g,Bovino Maturado,,"23,53€/Kg","10,59€",https://cdn.intermarche.pt/pt/Content/images/boitmal/produit/zoom/756E2D6905DE08531F1029F558F52D02.jpg,,/product/picanha-fatiada/5600757203959
13863,Ganso Redondo,2891293000000,11540,11537,1 un = 150 gr (aprox.),Novilho,,"10,49€/Kg","1,57€",https://cdn.intermarche.pt/pt/Content/images/boitmal/produit/zoom/D06E21B501895FE58333983352AB8D67.jpg,,/product/ganso-redondo/2891293000000
16599,Bife Alcatra,2891414000000,11540,11537,1 un = 200 gr (aprox.),Vitela,,"15,99€/Kg","3,20€",https://cdn.intermarche.pt/pt/Content/images/boitmal/produit/zoom/9D59FB71DAC2411FC84347888559BDF4.jpg,,/product/bife-alcatra/2891414000000
45458,Bifes do dianteiro de novilho,5604260315574,11540,11537,Embalagem de 400 g,PorSi,,"12,98€/Kg","5,19€",https://cdn.intermarche.pt/pt/Content/images/boitmal/produit/zoom/17CFECCA50856CEDC8E547FE90EFA37F.jpg,,/product/bifes-do-dianteiro-de-novilho/5604260315574
14777,Bife da Alcatra Novilho,2701068000000,11540,11537,Embalagem de 500 g (aprox.),Campicarn,,"20,29€/Kg","10,15€",https://cdn.intermarche.pt/pt/Content/images/boitmal/produit/zoom/9B815B2AAA68A79062DC4A169AE3A016.jpg,,/product/bife-da-alcatra-novilho/2701068000000
14838,Osso Buco Novilho,2724081000000,11540,11537,embalagem de 600 g (aprox.),Campicarn,,"9,99€/Kg","5,99€",https://cdn.intermarche.pt/pt/Content/images/boitmal/produit/zoom/15EF893CD64E4BCF9F2D45F9D183DD7E.jpg,,/product/osso-buco-novilho/2724081000000
16600,Costeleta Acém Redondo,2891251000000,11540,11537,1 un=300 gr aprox.,Vitela,,"16,95€/Kg","5,09€",https://cdn.intermarche.pt/pt/Content/images/boitmal/produit/zoom/BC43AD1CA51EABFE05F83A6FDF84E1C6.jpg,,/product/costeleta-acem-redondo/2891251000000
45457,Bifes da rabadilha de novilho,5604260315567,11540,11537,Embalagem de 400 g,PorSi,,"12,98€/Kg","5,19€",https://cdn.intermarche.pt/pt/Content/images/boitmal/produit/zoom/35B9E1F4C7232267A6B3C9762D51266D.jpg,,/product/bifes-da-rabadilha-de-novilho/5604260315567
45463,Carne para assar de novilho,5604260315598,11540,11537,Embalagem de 400 g,PorSi,,"12,45€/Kg","4,98€",https://cdn.intermarche.pt/pt/Content/images/boitmal/produit/zoom/F489339564FF84726F3535A15495CEE7.jpg,,/product/carne-para-assar-de-novilho/5604260315598
14775,Bife à Cortador Novilho,2736206000000,11540,11537,Embalagem de 400 g (aprox.),Campicarn,,"20,29€/Kg","8,12€",https://cdn.intermarche.pt/pt/Content/images/boitmal/produit/zoom/2443A298FCBF131A9CB41E1BED175E16.jpg,,/product/bife-a-cortador-novilho/2736206000000
14776,Bife do Pojadouro Novilho,2701067000000,11540,11537,embalagem de 500 g (aprox.),Campicarn,,"14,99€/Kg","7,50€",https://cdn.intermarche.pt/pt/Content/images/boitmal/produit/zoom/4924879A11E39B775F5FF7EC2E844A75.jpg,,/product/bife-do-pojadouro-novilho/2701067000000
14778,Bife da Rabadilha Novilho,2724078000000,11540,11537,Embalagem de 500 g (aprox.),Campicarn,,"14,99€/Kg","7,50€",https://cdn.intermarche.pt/pt/Content/images/boitmal/produit/zoom/BECE5DC8AE0ED588AA560166D51C4414.jpg,,/product/bife-da-rabadilha-novilho/2724078000000
14780,Bife Sete da Pá Novilho,2724076000000,11540,11537,embalagem de 500 g (aprox.),Campicarn,,"14,38€/Kg","7,19€",https://cdn.intermarche.pt/pt/Content/images/boitmal/produit/zoom/DECCDC88968D8884B8D540C04EAEF66E.jpg,,/product/bife-sete-da-pa-novilho/2724076000000
14839,Bife do Acem Novilho,2724082000000,11540,11537,embalagem de 350 g (aprox.),Campicarn,,"14,38€/Kg","5,03€",https://cdn.intermarche.pt/pt/Content/images/boitmal/produit/zoom/557F78C4BC977457C1B1C183092F6CFE.jpg,,/product/bife-do-acem-novilho/2724082000000
14840,Bife da Vazia Novilho,2701134000000,11540,11537,embalagem de 500 g (aprox.),Campicarn,,"20,99€/Kg","10,50€",https://cdn.intermarche.pt/pt/Content/images/boitmal/produit/zoom/4B4EF9095AEBB97B3C29E8E095D48AC1.jpg,,/product/bife-da-vazia-novilho/2701134000000
49625,Tomahawk,2920159000000,11540,11537,embalado,Bovino Maturado,,"23,89€/Kg","23,89€",https://cdn.intermarche.pt/pt/Content/images/boitmal/produit/zoom/9867EDC83C91B6A80AE0BAA9880EFDA9.jpg,,/product/tomahawk/2920159000000
49627,Tornedó,2920295000000,11540,11537,embalado,Bovino Maturado,,"25,99€/Kg","25,99€",https://cdn.intermarche.pt/pt/Content/images/boitmal/produit/zoom/819DB48B73E5BF44A596FE29BEFC9EEC.jpg,,/product/tornedo/2920295000000
13940,Borrego,2891087000000,11541,11537,Vendido ao peso a partir de 4 kg,Borrego,,"11,12€/Kg","44,48€",https://cdn.intermarche.pt/pt/Content/images/boitmal/produit/zoom/9F1C6FF4AFD12DD85C906D272D53DF3C.jpg,,/product/borrego/2891087000000
14938,Inteiro/Metades,2891099000000,11541,11537,"1/2 un = 2.5 kg, 1 un = 5 kg (aprox.)",Cabrito,,"16,94€/Kg","42,35€",https://cdn.intermarche.pt/pt/Content/images/boitmal/produit/zoom/017962D342F22D757480BB3242189F4E.jpg,,/product/inteiro-ou-metades/2891099000000
13845,Borrego Inteiro/Metades,2891012000000,11541,11537,1/2 un = 7 kg <br> 1 un = 14 kg (aprox.),PorSi,,"11,12€/Kg","77,84€",https://cdn.intermarche.pt/pt/Content/images/boitmal/produit/zoom/27255CB3BFC69EE6B4C80C2CD3967735.jpg,,/product/borrego-inteiro-ou-metades/2891012000000
26376,Borrego de Leite,2891433000000,11541,11537,1 un = 14 kg (aprox.),Nossa Seleção,,"13,99€/Kg","19,59€",https://cdn.intermarche.pt/pt/Content/images/boitmal/produit/zoom/8254A3BD6997D0F8DE97A893DD7F4A30.jpg,,/product/borrego-de-leite/2891433000000
37628,4 Costeletas pé de Borrego,2776283000000,11541,11537,Embalagem ± 400 g,PorSi,,"22,95€/Kg","9,18€",https://cdn.intermarche.pt/pt/Content/images/boitmal/produit/zoom/B0A67E8492FBBC1337BFF4517F99BA82.jpg,,/product/4-costeletas-pe-de-borrego/2776283000000
13942,Quarto Dianteiro,2891089000000,11541,11537,"1 unidade = +/- 2,5kg",Borrego,,"9,53€/Kg","23,83€",https://cdn.intermarche.pt/pt/Content/images/boitmal/produit/zoom/8D9FD4B9C75E052F284E87C15664B7A9.jpg,,/product/quarto-dianteiro/2891089000000
17866,Borrego de Leite,2891296000000,11541,11537,1/2 un = 7 kg | 1 un = 14 kg (aprox.),PorSi,,"11,65€/Kg","81,55€",https://cdn.intermarche.pt/pt/Content/images/boitmal/produit/zoom/58677C1CCDAABD5B94408A7C0A61E33C.jpg,,/product/borrego-de-leite/2891296000000
17867,Cabrito Inteiro/Metades,2891297000000,11541,11537,1/2 un = 7 kg <br> 1 un = 14 kg (aprox.),PorSi,,"14,83€/Kg","103,81€",https://cdn.intermarche.pt/pt/Content/images/boitmal/produit/zoom/7501183DAF3D36674F4BA1492A86CC94.jpg,,/product/cabrito-inteiro-ou-metades/2891297000000
13869,Coelho inteiro,2891126000000,11542,11537,Vendido ao peso,PorSi,,"8,99€/Kg","8,99€",https://cdn.intermarche.pt/pt/Content/images/boitmal/produit/zoom/52C51860E551A8D97DAB91398A81FDB2.jpg,,/product/coelho-inteiro/2891126000000
13914,Perna com Costa,2891225000000,11543,11537,1 un. = 300 g (aprox.),Frango,,"2,99€/Kg","1,05€",https://cdn.intermarche.pt/pt/Content/images/boitmal/produit/zoom/89930EDC34D301922B922A95CF09456D.jpg,,/product/perna-com-costa/2891225000000
13947,Espetadas de Peru,2891125000000,11543,11537,1 un = 150 gr (aprox.),Peru,,"5,99€/Kg","0,90€",https://cdn.intermarche.pt/pt/Content/images/boitmal/produit/zoom/F64981E370592175339C16298CEA7C3B.jpg,2024-11-27T23:59:59.999Z,/product/espetadas-de-peru/2891125000000
49545,Frango aberto para churrasco,2706799000000,11543,11537,Embalagem com 1.1 kg (aprox.),PorSi,,"3,48€/Kg","3,83€",https://cdn.intermarche.pt/pt/Content/images/boitmal/produit/zoom/BCCABF33F3C7AE3F47F3E4B9833F6500.jpg,2024-11-27T23:59:59.999Z,/product/frango-aberto-para-churrasco/2706799000000
40762,Peito peito de peru Programa Origens,2708171000000,11543,11537,Vendido ao peso,PorSi,,"8,99€/Kg","4,50€",https://cdn.intermarche.pt/pt/Content/images/boitmal/produit/zoom/0A62C4A780EB4CF2F225FCE0EFDC4EA0.jpg,2024-11-27T23:59:59.999Z,/product/peito-peito-de-peru-programa-origens/2708171000000
14882,Frango Inteiro Grande,2891118000000,11543,11537,1 un = 1.6 kg (aprox.),Frango,,"2,99€/Kg","4,78€",https://cdn.intermarche.pt/pt/Content/images/boitmal/produit/zoom/1E124B70C1AD07E8012EAEA5CE4EDE3E.jpg,,/product/frango-inteiro-grande/2891118000000
36600,Peito de frango,5604260283842,11543,11537,Embalagem de 400 g,PorSi,,"6,98€/Kg","2,79€",https://cdn.intermarche.pt/pt/Content/images/boitmal/produit/zoom/90FDABFB89262D809B935AE954CE4C29.jpg,,/product/peito-de-frango/5604260283842
36602,Perninha de frango,5604260283866,11543,11537,Embalagem de 400 g,PorSi,,"5,28€/Kg","2,11€",https://cdn.intermarche.pt/pt/Content/images/boitmal/produit/zoom/D566D2CBC9AA5C1EABBF6080EA6F2556.jpg,,/product/perninha-de-frango/5604260283866
35219,Bife de frango,5604260292356,11543,11537,Embalagem de 400 g,PorSi,,"6,98€/Kg","2,79€",https://cdn.intermarche.pt/pt/Content/images/boitmal/produit/zoom/216F0D2226077488BD5003141271308D.jpg,,/product/bife-de-frango/5604260292356
13915,Perna com Osso,2891249000000,11543,11537,Vendido ao peso,Peru,,"4,99€/Kg","9,98€",https://cdn.intermarche.pt/pt/Content/images/boitmal/produit/zoom/1D88BA2E1544364C5EB66CF19AD6E70E.jpg,,/product/perna-com-osso/2891249000000
14950,Peru Costeletas,2891247000000,11543,11537,1 un = 100 gr (aprox.),Peru,,"5,29€/Kg","0,53€",https://cdn.intermarche.pt/pt/Content/images/boitmal/produit/zoom/DB956C07159F4D9A485773E18B3733E0.jpg,,/product/peru-costeletas/2891247000000
14758,Figados de Frango,2762299000000,11543,11537,embalagem de 350 g (aprox.),Lusiaves,,"2,09€/Kg","0,73€",https://cdn.intermarche.pt/pt/Content/images/boitmal/produit/zoom/8D220F2014809550FB2EE2893343A0BF.jpg,,/product/figados-de-frango/2762299000000
15113,Moelas,2891112000000,11543,11537,1 un = 200 gr (aprox.),Frango,,"3,99€/Kg","0,80€",https://cdn.intermarche.pt/pt/Content/images/boitmal/produit/zoom/B8C7BDB6F722DEF08EFB8D0186708F9D.jpg,,/product/moelas/2891112000000
35221,Coxa de frango,5604260292387,11543,11537,Embalagem de 400 g,PorSi,,"5,23€/Kg","2,09€",https://cdn.intermarche.pt/pt/Content/images/boitmal/produit/zoom/AFE130A3A7A8A76512AC91B080DC217B.jpg,,/product/coxa-de-frango/5604260292387
43878,Strogonoff de frango,5604260313716,11543,11537,Embalagem de 450g,PorSi,,"8,87€/Kg","3,99€",https://cdn.intermarche.pt/pt/Content/images/boitmal/produit/zoom/3258F6E1CD634531C3D7EE139A7EEDEC.jpg,,/product/strogonoff-de-frango/5604260313716
46920,Frango inteiro com miúdos,2735719000000,11543,11537,Embalagem com 1.4 kg (aprox.),PorSi,,"2,49€/Kg","3,49€",https://cdn.intermarche.pt/pt/Content/images/boitmal/produit/zoom/49E3A62158DD77A6C9548D00F1B32F09.jpg,,/product/frango-inteiro-com-miudos/2735719000000
13868,Asas de Frango,2891110000000,11543,11537,1 un = 100 gr (aprox.),Frango,,"2,99€/Kg","0,30€",https://cdn.intermarche.pt/pt/Content/images/boitmal/produit/zoom/2CEFD9249854318FFBADA33050B17121.jpg,,/product/asas-de-frango/2891110000000
14883,Galinha Grande com Miúdos,2891115000000,11543,11537,1 un = 1.8 kg (aprox.),Frango,,"2,99€/Kg","5,38€",https://cdn.intermarche.pt/pt/Content/images/boitmal/produit/zoom/C46F60DCF71FBF49309F3325F499D4F3.jpg,,/product/galinha-grande-com-miudos/2891115000000
14944,Cotos,2891191000000,11543,11537,A partir de 250 gr (aprox.),Peru,,"3,17€/Kg","0,79€",https://cdn.intermarche.pt/pt/Content/images/boitmal/produit/zoom/BA739227AF6E1145CC62DD8B656EE4DC.jpg,,/product/cotos/2891191000000
14947,Espetadas,2891215000000,11543,11537,1 un= 150 gr (aprox.),Frango,,"10,99€/Kg","1,65€",https://cdn.intermarche.pt/pt/Content/images/boitmal/produit/zoom/5A6662E0FAFA2253904D368CE98F370B.jpg,,/product/espetadas/2891215000000
35227,Perna de frango com costa,5604260292332,11543,11537,Embalagem de 1.5 Kg,PorSi,,"2,96€/Kg","4,44€",https://cdn.intermarche.pt/pt/Content/images/boitmal/produit/zoom/A47E0C75D9E54E826702BF3F59BF8279.jpg,,/product/perna-de-frango-com-costa/5604260292332
35232,Moelas de frango,5604260292400,11543,11537,Embalagem de 400 g,PorSi,,"4,48€/Kg","1,79€",https://cdn.intermarche.pt/pt/Content/images/boitmal/produit/zoom/9DE8C80ED347E25D072A8C87CA6AF1D2.jpg,,/product/moelas-de-frango/5604260292400
13884,Frango do Campo Inteiro c/ Miúdos Programa Origens,2891106000000,11543,11537,Vendido ao peso,PorSi Select,,"4,98€/Kg","9,96€",https://cdn.intermarche.pt/pt/Content/images/boitmal/produit/zoom/6B6825838652E244237081C091CB1D51.jpg,,/product/frango-do-campo-inteiro-c-ou-miudos-programa-origens/2891106000000
40764,Bife da perna de peru Programa Origens,2702160000000,11543,11537,Vendido ao peso,PorSi,,"6,38€/Kg","3,19€",https://cdn.intermarche.pt/pt/Content/images/boitmal/produit/zoom/63F23D09B7BF2629EA121A51AF281B40.jpg,,/product/bife-da-perna-de-peru-programa-origens/2702160000000
14884,Galinha Pequena com Miúdos,2891116000000,11543,11537,1 un = 1 kg (aprox.),Aves,,"2,49€/Kg","2,49€",https://cdn.intermarche.pt/pt/Content/images/boitmal/produit/zoom/20A6BFA82163B6E8DA0585FFEDD12ED3.jpg,,/product/galinha-pequena-com-miudos/2891116000000
13946,Patas,2891114000000,11543,11537,1 un = 250 gr  (aprox.),Frango,,"1,99€/Kg","0,50€",https://cdn.intermarche.pt/pt/Content/images/boitmal/produit/zoom/BB5DB3675510A299BB6EA5334DDCCC3F.jpg,,/product/patas/2891114000000
14854,Pato inteiro com miúdos,2891117000000,11543,11537,1 un = 2.250 kg (aprox.),PorSi,,"6,99€/Kg","16,43€",https://cdn.intermarche.pt/pt/Content/images/boitmal/produit/zoom/8590712CC932B136925D5328AF850637.jpg,,/product/pato-inteiro-com-miudos/2891117000000
35229,Espetada de peru,5604260292479,11543,11537,Embalagem de 400 g,PorSi,,"6,88€/Kg","2,75€",https://cdn.intermarche.pt/pt/Content/images/boitmal/produit/zoom/EA419A103B5A905123358EE8E544335C.jpg,,/product/espetada-de-peru/5604260292479
13945,Miúdos,2891111000000,11543,11537,1 un = 250 gr  (aprox.),Frango,,"2,49€/Kg","0,62€",https://cdn.intermarche.pt/pt/Content/images/boitmal/produit/zoom/A2C7CAE31D6C70ECE8426332A5172FA6.jpg,,/product/miudos/2891111000000
35234,Corações de frango,5604260292424,11543,11537,Embalagem de 400 g,PorSi,,"4,73€/Kg","1,89€",https://cdn.intermarche.pt/pt/Content/images/boitmal/produit/zoom/21DF345CD4D6571DB689D0DB74E885A8.jpg,,/product/coracoes-de-frango/5604260292424
36614,Perninha de frango,5604260291489,11543,11537,Embalagem de 800 g,PorSi,,"4,99€/Kg","3,99€",https://cdn.intermarche.pt/pt/Content/images/boitmal/produit/zoom/D41E807564DEEB0B29B1A67D2A8694EF.jpg,,/product/perninha-de-frango/5604260291489
35230,Canjinha de frango,5604260292370,11543,11537,Embalagem de 400 g,PorSi,,"3,78€/Kg","1,51€",https://cdn.intermarche.pt/pt/Content/images/boitmal/produit/zoom/2A8F7D9A3E47B8CAC7E7599B22165F54.jpg,,/product/canjinha-de-frango/5604260292370
14740,Peito de Frango do campo Lusitano,2767521000000,11543,11537,embalagem de 500 g (aprox.),PorSi Select,,"8,29€/Kg","4,15€",https://cdn.intermarche.pt/pt/Content/images/boitmal/produit/zoom/23A9A2678A97D4CBA2F7A2661A236085.jpg,,/product/peito-de-frango-do-campo-lusitano/2767521000000
13904,Asas,2891123000000,11543,11537,1 un = 500 gr (aprox.),Peru,,"3,49€/Kg","1,75€",https://cdn.intermarche.pt/pt/Content/images/boitmal/produit/zoom/D1DB26A7C7C8EDE7F85F79045F2FD848.jpg,,/product/asas/2891123000000
14741,Bife  de Frango do campo Lusitano,2767522000000,11543,11537,embalagem de 500 g (aprox.),PorSi Select,,"8,28€/Kg","4,14€",https://cdn.intermarche.pt/pt/Content/images/boitmal/produit/zoom/68C7659A651EB67DD7214EC4EB89BD45.jpg,,/product/bife-de-frango-do-campo-lusitano/2767522000000
13912,Frango do campo c/ Miúdos,2891219000000,11543,11537,1 un = 1.2 kg (aprox.),Frango,,"24,99€/Kg","29,99€",https://cdn.intermarche.pt/pt/Content/images/boitmal/produit/zoom/755C4869706496A35B8CE957ABFC9ECE.jpg,,/product/frango-do-campo-c-ou-miudos/2891219000000
14749,Frango de Churrasco,2769496000000,11543,11537,embalagem de 900 g (aprox.),Lusiaves,,"3,88€/Kg","3,49€",https://cdn.intermarche.pt/pt/Content/images/boitmal/produit/zoom/B7EE7CD11870D59C25614D6502A7AB2C.jpg,,/product/frango-de-churrasco/2769496000000
46919,Canjinha de frango,5604260313747,11543,11537,Embalagem de 650 g,PorSi,,"3,83€/Kg","2,49€",https://cdn.intermarche.pt/pt/Content/images/boitmal/produit/zoom/9DB07EE05FCB6105ABA50E161BFF63B7.jpg,,/product/canjinha-de-frango/5604260313747
14751,Peito de Frango,2762303000000,11543,11537,Embalagem de 500 g (aprox.),Lusiaves,,"7,98€/Kg","3,99€",https://cdn.intermarche.pt/pt/Content/images/boitmal/produit/zoom/7C8B19C3419E6356CB576AB52D74EC25.jpg,,/product/peito-de-frango/2762303000000
14759,Cotos da Asa de Frango,2708394000000,11543,11537,embalagem de 350 g (aprox.),Lusiaves,,"5,49€/Kg","1,92€",https://cdn.intermarche.pt/pt/Content/images/boitmal/produit/zoom/EE563C846ADEC3DDED83B3B9B3AB67C7.jpg,,/product/cotos-da-asa-de-frango/2708394000000
14746,Asas de Frango do Campo Lusitano,2767528000000,11543,11537,embalagem de 500 g (aprox.),PorSi Select,,"3,16€/Kg","1,58€",https://cdn.intermarche.pt/pt/Content/images/boitmal/produit/zoom/ACB5E19D52C292A4C91292DEE0AEDAED.jpg,,/product/asas-de-frango-do-campo-lusitano/2767528000000
43987,Salsichas frescas de porco tipo brasileiro,5604260292653,11544,11537,400 g,PorSi,,"6,23€/Kg","2,49€",https://cdn.intermarche.pt/pt/Content/images/boitmal/produit/zoom/AE8364FC9C500F44CB43B8D63EB104EF.jpg,,/product/salsichas-frescas-de-porco-tipo-brasileiro/5604260292653
13950,Salsicha Fresca,2891145000000,11544,11537,1 un = 100 gr (aprox.),Porco,,"5,98€/Kg","0,60€",https://cdn.intermarche.pt/pt/Content/images/boitmal/produit/zoom/2E1CED7EDF010F56C2BF0E6CDF74D52B.jpg,,/product/salsicha-fresca/2891145000000
13956,Salsicha Brasileira,2891205000000,11544,11537,1 un = 50 gr (aprox.),Porco,,"5,99€/Kg","0,30€",https://cdn.intermarche.pt/pt/Content/images/boitmal/produit/zoom/14EAE52DCA3FF1BF75259E62B26E7BDF.jpg,,/product/salsicha-brasileira/2891205000000
13957,Salsicha Fresca de Aves,2891233000000,11544,11537,1 un = 100 gr (aprox.),Aves,,"7,99€/Kg","0,80€",https://cdn.intermarche.pt/pt/Content/images/boitmal/produit/zoom/0A11AADC497489C7F99DD3047DDB09B1.jpg,,/product/salsicha-fresca-de-aves/2891233000000
14850,Salsicha Fresca com Ervas,2891146000000,11544,11537,1 un = 100 gr (aprox.),Porco,,"6,99€/Kg","0,70€",https://cdn.intermarche.pt/pt/Content/images/boitmal/produit/zoom/50D08B46BF15FDD4A94F3D92AEC66DDE.jpg,,/product/salsicha-fresca-com-ervas/2891146000000
35525,Salsichas frescas de porco,5604260292646,11544,11537,Embalagem de 400 g,PorSi,,"6,23€/Kg","2,49€",https://cdn.intermarche.pt/pt/Content/images/boitmal/produit/zoom/E30C1DA540EE807ED81A6C7CC08B1771.jpg,,/product/salsichas-frescas-de-porco/5604260292646
21071,Almôndegas de Novilho,2944622000000,11544,11537,embalagem de 500 g (aprox.),Mertolenga DOP,,"11,01€/Kg","5,51€",https://cdn.intermarche.pt/pt/Content/images/boitmal/produit/zoom/5D8A43CCD14FDBC909ABC253CAF3743F.jpg,,/product/almondegas-de-novilho/2944622000000
21072,Hamburguer de Novilho,2907173000000,11544,11537,Embalagem de 500 g (aprox.),Mertolenga DOP,,"15,98€/Kg","7,99€",https://cdn.intermarche.pt/pt/Content/images/boitmal/produit/zoom/221BEB692D9EDAF4B0CE873B68D9F4C0.jpg,,/product/hamburguer-de-novilho/2907173000000
14852,Salsicha Picante,2891467000000,11544,11537,1 un = 100 gr (aprox.),Porco,,"6,99€/Kg","0,70€",https://cdn.intermarche.pt/pt/Content/images/boitmal/produit/zoom/D55CAD148CD2B63D504B8575438EC0CC.jpg,,/product/salsicha-picante/2891467000000
40581,Salsichas Frescas Chipolatas,2732743000000,11544,11537,Embalagem com 1 kg (aprox.) ,PorSi,,"12,89€/Kg","12,89€",https://cdn.intermarche.pt/pt/Content/images/boitmal/produit/zoom/996B04AC70DE8BA5785E90BCAD9CF63C.jpg,,/product/salsichas-frescas-chipolatas/2732743000000
47788,6 Salsichas Frescas Chipolatas com Ervas,5604260325740,11544,11537,330 g,PorSi,,"13,91€/Kg","4,59€",https://cdn.intermarche.pt/pt/Content/images/boitmal/produit/zoom/F757EBD60368C9DF60B53A7951BEF7CB.jpg,,/product/6-salsichas-frescas-chipolatas-com-ervas/5604260325740
14010,Popietes,2891045000000,11544,11537,1 un = 250 gr  (aprox.),Novilho,,"10,49€/Kg","2,62€",https://cdn.intermarche.pt/pt/Content/images/boitmal/produit/zoom/238420AA6B105BA1827D3CCB15BBCC79.jpg,,/product/popietes/2891045000000
14834,Jardineira Novilho,2701132000000,11544,11537,embalagem de 600 g (aprox.),Campicarn,,"12,79€/Kg","7,67€",https://cdn.intermarche.pt/pt/Content/images/boitmal/produit/zoom/2CFBE1FFF6E3A409EC059B2BEEB99109.jpg,,/product/jardineira-novilho/2701132000000
35130,Medalhões de novilho,5604260315611,11544,11537,Embalagem de 400 g,PorSi,,"12,98€/Kg","5,19€",https://cdn.intermarche.pt/pt/Content/images/boitmal/produit/zoom/C5EF1EC51016F147BBEB6BEA7D75DD66.jpg,,/product/medalhoes-de-novilho/5604260315611
37281,Dobrada à Moda de Caen,3760034065655,11544,11537,Embalagem de 500 g,PorSi,,"9,18€/Kg","4,59€",https://cdn.intermarche.pt/pt/Content/images/boitmal/produit/zoom/1805D61DAEBBEF49A8E7889A0B74D89D.jpg,,/product/dobrada-a-moda-de-caen/3760034065655
38350,Dobrada com tomate aromatizada,3760034065679,11544,11537,Embalagem com 500 g,PorSi,,"9,18€/Kg","4,59€",https://cdn.intermarche.pt/pt/Content/images/boitmal/produit/zoom/E6F298096F97F8295ACA00BCEB628F55.jpg,,/product/dobrada-com-tomate-aromatizada/3760034065679
15162,Lombo de Bacalhau Congelado e Higienizado,2942700000000,11545,11538,"Vendido ao peso, 1 un  = 300 gr (aprox.)",PorSi,,"14,99€/Kg","4,50€",https://cdn.intermarche.pt/pt/Content/images/boitmal/produit/zoom/E0380226A99E3513956AC3E0819102F8.jpg,,/product/lombo-de-bacalhau-congelado-e-higienizado/2942700000000
15163,Bacalhau Posta Congelada e Higienizada,2993817000000,11545,11538,Vendido ao peso a partir de 350 g,PorSi,,"12,25€/Kg","4,29€",https://cdn.intermarche.pt/pt/Content/images/boitmal/produit/zoom/A5B3C129CB022361ABEB7E8C8039014B.jpg,,/product/bacalhau-posta-congelada-e-higienizada/2993817000000
50537,Porção de bacalhau,2693168000000,11545,11538,150 g,Bacalhau,,"19,93€/Kg","2,99€",https://cdn.intermarche.pt/pt/Content/images/boitmal/produit/zoom/148D3D67754BE560C44BCFC8C4042B63.jpg,,/product/porcao-de-bacalhau/2693168000000
13555,Caras de Bacalhau Congeladas,2893549000000,11545,11538,"Vendido ao peso, 1 un = 500g (aprox.)",Peixaria,CONG:11/,"5,19€/Kg","2,60€",https://cdn.intermarche.pt/pt/Content/images/boitmal/produit/zoom/2B829CF1032DEFD9A684FD98B7006160.jpg,,/product/caras-de-bacalhau-congeladas/2893549000000
15070,Bacalhau Crescido da Islândia,2893803000000,11545,11538,1 un = 1.5 kg (aprox.),Bacalhau,PROD.: 2,"13,99€/Kg","20,99€",https://cdn.intermarche.pt/pt/Content/images/boitmal/produit/zoom/8555454911E47BBEA765BD523448AA78.jpg,,/product/bacalhau-crescido-da-islandia/2893803000000
14911,Bacalhau Especial Asa Branca da Noruega,2893806000000,11545,11538,1 un= 4 kg (aprox.),Bacalhau,,"15,99€/Kg","63,96€",https://cdn.intermarche.pt/pt/Content/images/boitmal/produit/zoom/E27266F5B16F1FAA8F336C1A4E440D5E.jpg,,/product/bacalhau-especial-asa-branca-da-noruega/2893806000000
13216,Perca à Posta,2893201000000,11546,11538,1 un = 250g (aprox.),PorSi,LOTE: 31,"8,99€/Kg","2,25€",https://cdn.intermarche.pt/pt/Content/images/boitmal/produit/zoom/741D00CAD6DCC4EC729919B0800D71BD.jpg,,/product/perca-a-posta/2893201000000
13523,Lula Congelada,2893515000000,11546,11538,1 un= 250 gr (aprox.),Peixaria,CONG.: 1,"3,99€/Kg","1,00€",https://cdn.intermarche.pt/pt/Content/images/boitmal/produit/zoom/B2B7BBDC4CDC3C912C9CD2FEC6D3B682.jpg,2024-11-27T23:59:59.999Z,/product/lula-congelada/2893515000000
13094,Carapau Médio Fresco,2893070000000,11546,11538,1 un = 150 gr (aprox.),Peixaria,LOTE: 20,"3,49€/Kg","0,52€",https://cdn.intermarche.pt/pt/Content/images/boitmal/produit/zoom/5561FF39144D34B65C5FB553D6B1F100.jpg,2024-11-27T23:59:59.999Z,/product/carapau-medio-fresco/2893070000000
33884,Peixe espada preto inteiro,2893837000000,11546,11538,Vendido ao peso,Peixaria,LOTE: 48,"6,99€/Kg","10,49€",https://cdn.intermarche.pt/pt/Content/images/boitmal/produit/zoom/C67775DEF7965BD4AF6F93F01FE1AC28.jpg,2024-11-27T23:59:59.999Z,/product/peixe-espada-preto-inteiro/2893837000000
13242,Robalo de Viveiro,2893227000000,11546,11538,de 200 a 600 g (aprox.),Peixaria,LOTE: 20,"5,99€/Kg","1,20€",https://cdn.intermarche.pt/pt/Content/images/boitmal/produit/zoom/48561D1FC8B0542874DDBC21F2E9ADCA.jpg,2024-11-27T23:59:59.999Z,/product/robalo-de-viveiro/2893227000000
13201,Pargo Mulato,2893186000000,11546,11538, 1un = 800 gr (aprox.),Peixaria,LOTE:190,"8,99€/Kg","7,19€",https://cdn.intermarche.pt/pt/Content/images/boitmal/produit/zoom/E0618151B3B8B33430897B1086A8B8B7.jpg,2024-11-27T23:59:59.999Z,/product/pargo-mulato/2893186000000
14906,Raia Média,2893338000000,11546,11538,1un= 2.5 kg (aprox.),Peixaria,LOTE: DC,"4,99€/Kg","12,48€",https://cdn.intermarche.pt/pt/Content/images/boitmal/produit/zoom/F793DB00DDC6B724D88FB735A347087D.jpg,2024-11-27T23:59:59.999Z,/product/raia-media/2893338000000
13630,Maruca,2893625000000,11546,11538,Congelada,Nossa Seleção,CONG: 01,"6,99€/Kg","13,98€",https://cdn.intermarche.pt/pt/Content/images/boitmal/produit/zoom/695B6905D99FA9EA5644E4AEF4E924ED.jpg,2024-11-27T23:59:59.999Z,/product/maruca/2893625000000
44318,Tamboril,2893254000000,11546,11538,Vendido ao peso,Peixaria,LOTE: 17,"10,99€/Kg","21,98€",https://cdn.intermarche.pt/pt/Content/images/boitmal/produit/zoom/779A2AA54DB1730CAED33CD59B87F3EC.jpg,2024-11-27T23:59:59.999Z,/product/tamboril/2893254000000
13348,Raia Pequena Inteira Fresca,2893749000000,11546,11538,1 un=1.5kg (aprox.),Peixaria,,"9,99€/Kg","14,99€",https://cdn.intermarche.pt/pt/Content/images/boitmal/produit/zoom/4789CBA6A10FE80CF1408DC7E4B5069D.jpg,,/product/raia-pequena-inteira-fresca/2893749000000
14941,Safio Médio,2893850000000,11546,11538,1 un= 3kg (aprox.),Peixaria,LOTE: BF,"4,99€/Kg","14,97€",https://cdn.intermarche.pt/pt/Content/images/boitmal/produit/zoom/EB3D3584366D22239A20ACE785E0080C.jpg,2024-11-27T23:59:59.999Z,/product/safio-medio/2893850000000
13126,Dourada de Viveiro,2893105000000,11546,11538,de 600 a 800g,Peixaria,A.P.: NA,"8,99€/Kg","5,39€",https://cdn.intermarche.pt/pt/Content/images/boitmal/produit/zoom/029F52875DBC51F21511F40D4DB7EF92.jpg,,/product/dourada-de-viveiro/2893105000000
13602,Pescada Média Argentina Congelada,2893597000000,11546,11538,+ de 500 g,Peixaria,CONG.: 2,"3,99€/Kg","2,00€",https://cdn.intermarche.pt/pt/Content/images/boitmal/produit/zoom/0B666403B9A0F93B2C5A3F28805283FC.jpg,,/product/pescada-media-argentina-congelada/2893597000000
14908,Dourada Pequena,2893723000000,11546,11538,"Vendido ao peso, de 200 a 600 g",Peixaria,A.P.: NA,"6,99€/Kg","4,19€",https://cdn.intermarche.pt/pt/Content/images/boitmal/produit/zoom/71281EF345546B53934FBD5F0D1B6558.jpg,,/product/dourada-pequena/2893723000000
12898,Dourada,2893293000000,11546,11538,1 un= 400 grs (aprox.),Programa Origens,LOTE: 22,"9,99€/Kg","4,00€",https://cdn.intermarche.pt/pt/Content/images/boitmal/produit/zoom/C31674A8091A23D417267BFA3B068C9A.jpg,,/product/dourada/2893293000000
13241,Robalo Selvagem,2893739000000,11546,11538,1 un = 500 gr (aprox.),Peixaria,LOTE: FA,"23,99€/Kg","12,00€",https://cdn.intermarche.pt/pt/Content/images/boitmal/produit/zoom/3C4C7FFBA3E8D31AD4E8697948F237D5.jpg,,/product/robalo-selvagem/2893739000000
13582,Solha Congelada (200/400),2893577000000,11546,11538,Pescado no mar,Peixaria,CONG:18/,"5,59€/Kg","4,47€",https://cdn.intermarche.pt/pt/Content/images/boitmal/produit/zoom/09CD29C77ECA15BC59D0A288B72C20B4.jpg,,/product/solha-congelada-(200-ou-400)/2893577000000
13599,Red Fish Grande Congelado,2893594000000,11546,11538,1 un = 500 gr (aprox.),Peixaria,CONG: 01,"5,29€/Kg","2,91€",https://cdn.intermarche.pt/pt/Content/images/boitmal/produit/zoom/A3E98972B338DCF46BAA412A17BB9B0C.jpg,,/product/red-fish-grande-congelado/2893594000000
13625,Salmão de viveiro à posta,2893620000000,11546,11538,1 un. = 300 g (aprox.),Peixaria,LOTE: 20,"12,99€/Kg","3,90€",https://cdn.intermarche.pt/pt/Content/images/boitmal/produit/zoom/29B9DB2E73FB6AE756265DB326B65712.jpg,,/product/salmao-de-viveiro-a-posta/2893620000000
13095,Carapau Pequeno,2893071000000,11546,11538,1 un = 100 g (aprox.),Peixaria,LOTE:202,"2,99€/Kg","0,30€",https://cdn.intermarche.pt/pt/Content/images/boitmal/produit/zoom/A6FA4A5C89011F3F27A60AD959FD9913.jpg,,/product/carapau-pequeno/2893071000000
15215,Tentáculo de Pota Congelado,2942861000000,11546,11538,1 un = 1 Kg (aprox.),PorSi,,"6,99€/Kg","6,99€",https://cdn.intermarche.pt/pt/Content/images/boitmal/produit/zoom/6D723361BA984D05D3F7E2756F513783.jpg,,/product/tentaculo-de-pota-congelado/2942861000000
13577,Pota Inteira Congelada,2893572000000,11546,11538,1 un= 200 gr (aprox.),Peixaria,CONG.: 1,"6,99€/Kg","1,40€",https://cdn.intermarche.pt/pt/Content/images/boitmal/produit/zoom/B2D6321EA80C5271A6C9DE3162C36D95.jpg,,/product/pota-inteira-congelada/2893572000000
13529,Pescada do Chile Congelada Nº3,2893521000000,11546,11538,1 un= 1 kg (aprox.),Peixaria,CONG.: 1,"9,49€/Kg","9,49€",https://cdn.intermarche.pt/pt/Content/images/boitmal/produit/zoom/40D57D35BBDBDF72027C959F41A6E90C.jpg,,/product/pescada-do-chile-congelada-nº3/2893521000000
13595,Pescada Pequena da Argentina Congelada,2893590000000,11546,11538,1 un= 1kg (aprox.),Peixaria,CONG:24/,"4,99€/Kg","1,50€",https://cdn.intermarche.pt/pt/Content/images/boitmal/produit/zoom/55D0840C54B4509E0B02B8F93D8A0E14.jpg,,/product/pescada-pequena-da-argentina-congelada/2893590000000
13522,Choco Pequeno Congelado,2893514000000,11546,11538,1 un= 200 gr (aprox.),Peixaria,CONG.: 1,"9,99€/Kg","2,00€",https://cdn.intermarche.pt/pt/Content/images/boitmal/produit/zoom/37754AAC1A8B81BA5D21C470572981B5.jpg,,/product/choco-pequeno-congelado/2893514000000
13537,Sardinha Congelada,2893529000000,11546,11538,1 un = 250 gr  (aprox.),Peixaria,CONG: 24,"2,99€/Kg","0,75€",https://cdn.intermarche.pt/pt/Content/images/boitmal/produit/zoom/20CBBBB0702ADDE0888E404D1EC78925.jpg,,/product/sardinha-congelada/2893529000000
15168,Posta de Perca-do-Nilo Congelada,2927299000000,11546,11538,Vendido ao peso,PorSi,,"10,99€/Kg","4,40€",https://cdn.intermarche.pt/pt/Content/images/boitmal/produit/zoom/07248061BE63012F69F41EE54B6C54BA.jpg,,/product/posta-de-perca-do-nilo-congelada/2927299000000
13352,Robalo Viveiro,2893342000000,11546,11538,+600g,Peixaria,A.P.:NAO,"7,99€/Kg","6,39€",https://cdn.intermarche.pt/pt/Content/images/boitmal/produit/zoom/C64C7068C513ECB33F6E55EAEB9222F6.jpg,,/product/robalo-viveiro/2893342000000
13521,Pescada congelada 350-450 g,2893513000000,11546,11538,Peixe de aquacultura,Peixaria,CONG.: 2,"3,59€/Kg","1,26€",https://cdn.intermarche.pt/pt/Content/images/boitmal/produit/zoom/22F3B24F720E80E5292E5ED176EAD86C.jpg,,/product/pescada-congelada-350-450-g/2893513000000
13603,Sardinha Pequena Congelada,2893598000000,11546,11538,1 un= 250 gr (aprox.),Peixaria,CONG.:02,"2,69€/Kg","0,67€",https://cdn.intermarche.pt/pt/Content/images/boitmal/produit/zoom/3CA0FC96B889D2EC96F915EEAEB30E47.jpg,,/product/sardinha-pequena-congelada/2893598000000
48871,Posta de Abrótea Congelada,2927297000000,11546,11538,Vendido ao peso a partir de 200 g (aprox.),PorSi,,"8,99€/Kg","1,80€",https://cdn.intermarche.pt/pt/Content/images/boitmal/produit/zoom/B9329C3AFFBB92E52056EA9126342283.jpg,,/product/posta-de-abrotea-congelada/2927297000000
13227,Sardinha Pequena,2893212000000,11546,11538,1 un = 100 gr (aprox.),Peixaria,LOTE: 19,"4,99€/Kg","0,50€",https://cdn.intermarche.pt/pt/Content/images/boitmal/produit/zoom/6DA14603CCCB097A22BEF4C3D311CC0E.jpg,,/product/sardinha-pequena/2893212000000
13133,Faneca,2893114000000,11546,11538,"Vendido ao peso, 1 un = 500 g (aprox.)",Peixaria,LOTE: 01,"4,49€/Kg","2,25€",https://cdn.intermarche.pt/pt/Content/images/boitmal/produit/zoom/B3B2873A2D7B6182C4A2F2B5F7F12F0A.jpg,,/product/faneca/2893114000000
13158,Lula Descongelada,2893143000000,11546,11538,1 un= 100 gr (aprox.),Peixaria,LOTE: 02,"7,99€/Kg","0,80€",https://cdn.intermarche.pt/pt/Content/images/boitmal/produit/zoom/ED50EDDD473B6F16081950AF9B5B4382.jpg,,/product/lula-descongelada/2893143000000
13229,Polvo Médio,2893214000000,11546,11538,"1 un= 1,5 kg (aprox.)",Peixaria,LOTE: 01,"11,99€/Kg","17,99€",https://cdn.intermarche.pt/pt/Content/images/boitmal/produit/zoom/9D1AB3D3369817065610C29625A72F93.jpg,,/product/polvo-medio/2893214000000
13552,Pescada do Pacífico,2893546000000,11546,11538,"Congelada de 1 a 1,5 kg",Peixaria,CONG.: 1,"4,99€/Kg","4,99€",https://cdn.intermarche.pt/pt/Content/images/boitmal/produit/zoom/9338753B1C4ABFCE07E8B8D915DEBC97.jpg,,/product/pescada-do-pacifico/2893546000000
48128,Posta de Cação Congelado,2904751000000,11546,11538,Vendido ao peso a partir de 200 g (aprox.),PorSi,,"8,99€/Kg","1,80€",https://cdn.intermarche.pt/pt/Content/images/boitmal/produit/zoom/044D116CAF28B91D0E2776A766426F54.jpg,,/product/posta-de-cacao-congelado/2904751000000
13036,Robalo de viveiro,2893008000000,11546,11538,de 800 g a 1.5 kg,Programa Origens,A.P.: RE,"6,99€/Kg","5,59€",https://cdn.intermarche.pt/pt/Content/images/boitmal/produit/zoom/22D4D358AFC53256882D2078319B336F.jpg,,/product/robalo-de-viveiro/2893008000000
13056,Lombo Atum Descongelado,2893028000000,11546,11538,1 unidade = 300 gr (aprox.),Peixaria,LOTE:229,"14,99€/Kg","4,50€",https://cdn.intermarche.pt/pt/Content/images/boitmal/produit/zoom/974EDA59E8CACBADE7706F272F9C9025.jpg,,/product/lombo-atum-descongelado/2893028000000
13206,Peixe Espada Branco,2893191000000,11546,11538,1 un = 1 kg (aprox.),Peixaria,LOTE: 17,"8,99€/Kg","8,99€",https://cdn.intermarche.pt/pt/Content/images/boitmal/produit/zoom/A46580A829B91E6E5DA4753BBE8C6BE2.jpg,,/product/peixe-espada-branco/2893191000000
13048,Ameijoa Branca Vietnamita Congelada,2893561000000,11547,11538,Vendido a partir de 250 gr  (aprox.),Marisco,CONG. 20,"1,99€/Kg","0,50€",https://cdn.intermarche.pt/pt/Content/images/boitmal/produit/zoom/EB1BC296FF41180E6F3E1626AD4F78AA.jpg,2024-11-27T23:59:59.999Z,/product/ameijoa-branca-vietnamita-congelada/2893561000000
13566,Camarão Congelado 20/30,2893560000000,11547,11538,1 un = 250 gr  (aprox.),Congelado de Aquicultura,CONG.: 0,"8,99€/Kg","2,25€",https://cdn.intermarche.pt/pt/Content/images/boitmal/produit/zoom/863DB9F10BE616A55736AB7A17BC6BB5.jpg,2024-11-27T23:59:59.999Z,/product/camarao-congelado-20-ou-30/2893560000000
40578,"Camarão cozido 50/70, 1 kg",5604260299997,11547,11538,,PorSi,,"8,99€/Kg","8,99€",https://cdn.intermarche.pt/pt/Content/images/boitmal/produit/zoom/87B7BC41D08B1426B1C273A107FD65FF.jpg,2024-11-27T23:59:59.999Z,/product/camarao-cozido-50-ou-70-1-kg/5604260299997
13653,Camarão Selvagem Madagáscar 60/80,2893648000000,11547,11538,vendido ao peso,Nossa Seleção,CONG.: 1,"13,99€/Kg","8,39€",https://cdn.intermarche.pt/pt/Content/images/boitmal/produit/zoom/94C4C809B4315F70EB5E9C70DE019455.jpg,,/product/camarao-selvagem-madagascar-60-ou-80/2893648000000
13567,Ameijoa Castanha Vietnamita Congelada,2893562000000,11547,11538,Venda ao Kilo,Marisco,CONG: 20,"3,49€/Kg","0,87€",https://cdn.intermarche.pt/pt/Content/images/boitmal/produit/zoom/33CC3279E2741F227440A7AFDC3AEEF9.jpg,,/product/ameijoa-castanha-vietnamita-congelada/2893562000000
13585,Gambão Congelado 20/30,2893580000000,11547,11538,Vendido a partir de 250 (aprox.),Marisco,CONG.15/,"7,99€/Kg","2,00€",https://cdn.intermarche.pt/pt/Content/images/boitmal/produit/zoom/4D0BD52A2A6DCE6EE965D391A979212D.jpg,,/product/gambao-congelado-20-ou-30/2893580000000
13541,Camarão Congelado 60/80,2893533000000,11547,11538,1 un = 250 gr  (aprox.),Congelado de Aquicultura,CONG.: 0,"6,99€/Kg","1,75€",https://cdn.intermarche.pt/pt/Content/images/boitmal/produit/zoom/29A2DFA509FFDAFCD18E7F308BD753B4.jpg,,/product/camarao-congelado-60-ou-80/2893533000000
13511,Camarão Tigre Congelado 20/30,2893503000000,11547,11538,,Nossa Seleção,,"14,99€/Kg","5,25€",https://cdn.intermarche.pt/pt/Content/images/boitmal/produit/zoom/E82BCD25FFFB4DE2BFED051270400B76.jpg,,/product/camarao-tigre-congelado-20-ou-30/2893503000000
13551,Camarão Congelado 40/60,2893545000000,11547,11538,1 un = 250 gr  (aprox.),Congelado de Aquicultura,CONG.: 3,"10,99€/Kg","2,75€",https://cdn.intermarche.pt/pt/Content/images/boitmal/produit/zoom/72C3FD55BAB0CCCDCC2D655DFCED036D.jpg,,/product/camarao-congelado-40-ou-60/2893545000000
13643,Camarão Tigre Selvagem do Senegal 1/5,2893638000000,11547,11538,Congelado,Nossa Seleção,,"24,99€/Kg","12,50€",https://cdn.intermarche.pt/pt/Content/images/boitmal/produit/zoom/3188842265E28BDC4553A3B8B8372719.jpg,,/product/camarao-tigre-selvagem-do-senegal-1-ou-5/2893638000000
15581,Camarão 30/40 Madagascar,2893553000000,11547,11538,1 un = 250 gr  (aprox.),Congelado Selvagem,,"12,99€/Kg","3,25€",https://cdn.intermarche.pt/pt/Content/images/boitmal/produit/zoom/2724BC8EC94B24A0EA2A17EF66B8A97C.jpg,,/product/camarao-30-ou-40-madagascar/2893553000000
13609,Camarão tigre 10/15 Congelado,2893604000000,11547,11538,Vendido ao peso,Nossa Seleção,CONG.: 1,"29,99€/Kg","15,00€",https://cdn.intermarche.pt/pt/Content/images/boitmal/produit/zoom/19378E26D71FD78C14F8D967367F0951.jpg,,/product/camarao-tigre-10-ou-15-congelado/2893604000000
13613,Camarão Tigre 6/8,2893608000000,11547,11538,vendido ao peso,Nossa Seleção,CONG.: 0,"44,99€/Kg","11,25€",https://cdn.intermarche.pt/pt/Content/images/boitmal/produit/zoom/11CA1D12C00D63533607A8EEA2FA897F.jpg,,/product/camarao-tigre-6-ou-8/2893608000000
36745,Pera conference categoria: II,2892275000000,11508,11506,Vendido ao peso a partir de 300 g,Fruta,CAT II,"1,99€/Kg","0,60€",https://cdn.intermarche.pt/pt/Content/images/boitmal/produit/zoom/592E90297DE3CDE7F58E1FF322C66078.jpg,2024-11-27T23:59:59.999Z,/product/pera-conference-categoria:-ii/2892275000000
15020,Maçã Golden,2892199000000,11508,11506,1 un = 150 gr (aprox.),Fruta,CAT.: II,"1,99€/Kg","0,30€",https://cdn.intermarche.pt/pt/Content/images/boitmal/produit/zoom/AF46783081FB13FAA6C2471644DF937C.jpg,,/product/maca-golden/2892199000000
15044,Pera Packam,2892296000000,11508,11506,1 un = 150 gr (aprox.),Fruta,CAT II,"1,59€/Kg","0,24€",https://cdn.intermarche.pt/pt/Content/images/boitmal/produit/zoom/FB563A374F4EA6B318353237C8ABEC1F.jpg,,/product/pera-packam/2892296000000
18755,Pera Williams,2892287000000,11508,11506,1 un = 120 gr (aprox.),Fruta,CAT:II,"1,79€/Kg","0,21€",https://cdn.intermarche.pt/pt/Content/images/boitmal/produit/zoom/1CE2597981CADFF99DE227C27A208890.jpg,,/product/pera-williams/2892287000000
12961,Maçã Red Chief,2892217000000,11508,11506,1 un = 200 gr (aprox.),Programa Origens,,"2,49€/Kg","0,50€",https://cdn.intermarche.pt/pt/Content/images/boitmal/produit/zoom/C2FE5BBADCEEBCDB8B55A930C53D545A.jpg,,/product/maca-red-chief/2892217000000
45726,Pera Moretini,2892292000000,11508,11506,Vendido ao peso a partir de 500 g,Fruta,CAT.: II,"2,29€/Kg","1,15€",https://cdn.intermarche.pt/pt/Content/images/boitmal/produit/zoom/89BBA6D3C573250F4F178C2A36D182CA.jpg,,/product/pera-moretini/2892292000000
47632,Maçã Royal Gala de Alcobaça,2892047000000,11508,11506,Vendido ao peso a partir de 500 g,Fruta,,"2,25€/Kg","1,13€",https://cdn.intermarche.pt/pt/Content/images/boitmal/produit/zoom/AF7AFF2B982FAF7A7D98C64E2484FDC1.jpg,,/product/maca-royal-gala-de-alcobaca/2892047000000
14819,Pera Rocha,2892286000000,11508,11506,1 un = 150 gr (aprox.),Programa Origens,,"2,49€/Kg","0,37€",https://cdn.intermarche.pt/pt/Content/images/boitmal/produit/zoom/B2E2F24214CCC55D26179B9FD9531020.jpg,,/product/pera-rocha/2892286000000
13774,Maçã Pink Lady,2892213000000,11508,11506,1 un = 150 gr (aprox.),Fruta,CAT.: II,"3,99€/Kg","0,60€",https://cdn.intermarche.pt/pt/Content/images/boitmal/produit/zoom/98409036F25F3507962641376E0813AB.jpg,,/product/maca-pink-lady/2892213000000
13795,Maçã Fuji,2892186000000,11508,11506,1 un = 150 gr (aprox.),Fruta,CAT.: II,"2,29€/Kg","0,34€",https://cdn.intermarche.pt/pt/Content/images/boitmal/produit/zoom/FE18B3A40CF753A582E312825ED3CC79.jpg,,/product/maca-fuji/2892186000000
15030,Maçã Royal Gala,2892231000000,11508,11506,1 un = 150 gr (aprox.),Fruta,CAT.II,"1,99€/Kg","0,30€",https://cdn.intermarche.pt/pt/Content/images/boitmal/produit/zoom/6659420271B43ED8D587601BFE62FD2E.jpg,,/product/maca-royal-gala/2892231000000
35283,Pera forelle categoria II,2892396000000,11508,11506,Vendido ao peso,Fruta,CAT.: II,"2,49€/Kg","0,75€",https://cdn.intermarche.pt/pt/Content/images/boitmal/produit/zoom/0956C2DB9CF6969BCCF587A350B404B2.jpg,,/product/pera-forelle-categoria-ii/2892396000000
48827,Maçã Golden Premium,2892739000000,11508,11506,,Fruta,CAT.:I,"2,99€/Kg","0,90€",https://cdn.intermarche.pt/pt/Content/images/boitmal/produit/zoom/5E887B02FADE2A8202C9853E78D6B70A.jpg,,/product/maca-golden-premium/2892739000000
12960,Maçã Bravo Esmolfe,2892243000000,11508,11506,1 un = 150 gr (aprox.),Fruta,CAT II,"2,19€/Kg","0,33€",https://cdn.intermarche.pt/pt/Content/images/boitmal/produit/zoom/BD2F4A40E8728DBDBB9965F07794D178.jpg,,/product/maca-bravo-esmolfe/2892243000000
13026,Maçã Granny Smith,2892205000000,11508,11506,1 un = 150 gr (aprox.),Fruta,CAT.: I,"2,09€/Kg","0,31€",https://cdn.intermarche.pt/pt/Content/images/boitmal/produit/zoom/560041EEC5C67768E4125133A7EE8F0B.jpg,,/product/maca-granny-smith/2892205000000
14999,Maçã Fuji,2892192000000,11508,11506,1 un = 180 gr (aprox.),Programa Origens,CAT II,"1,89€/Kg","0,34€",https://cdn.intermarche.pt/pt/Content/images/boitmal/produit/zoom/7E803A9617FBA72C78DA7F94D99B4C03.jpg,,/product/maca-fuji/2892192000000
18260,Pera Rocha,2892284000000,11508,11506,1 un = 150 gr (aprox.),Programa Origens,CAT.II,"2,49€/Kg","0,37€",https://cdn.intermarche.pt/pt/Content/images/boitmal/produit/zoom/C6A79D66A734B820802321B84FF6E44E.jpg,,/product/pera-rocha/2892284000000
14074,Maçã Breaburn,2892179000000,11508,11506,1 un= 150 gr (aprox.),Nossa Seleção,,"1,99€/Kg","0,60€",https://cdn.intermarche.pt/pt/Content/images/boitmal/produit/zoom/3485D35781A466B58403BEDC4198D8B8.jpg,,/product/maca-breaburn/2892179000000
34967,Maçã Reineta Categoria: II,2892478000000,11508,11506,Vendido ao peso,Fruta,CAT.: II,"1,89€/Kg","0,95€",https://cdn.intermarche.pt/pt/Content/images/boitmal/produit/zoom/2C5E3C73864DB03E1C9ACCC9D0AA8A8D.jpg,,/product/maca-reineta-categoria:-ii/2892478000000
13785,Maçã Golden Económica,2892195000000,11508,11506,1 un = 120 gr (aprox.),Fruta,CAT.II,"1,29€/Kg","0,15€",https://cdn.intermarche.pt/pt/Content/images/boitmal/produit/zoom/998E2A1774116A0855767FF639A0161F.jpg,,/product/maca-golden-economica/2892195000000
15025,Maçã Red Delicious,2892218000000,11508,11506,1 un = 150 gr (aprox.),Fruta,,"2,19€/Kg","0,33€",https://cdn.intermarche.pt/pt/Content/images/boitmal/produit/zoom/A7456E69780AE696443A3932D858EB1E.jpg,,/product/maca-red-delicious/2892218000000
12906,Clementinas,2892001000000,11510,11506,1 un = 100 gr (aprox.),Fruta,CAT:II,"1,99€/Kg","0,20€",https://cdn.intermarche.pt/pt/Content/images/boitmal/produit/zoom/483A21231312DFA2BEAD08893E3D6F54.jpg,,/product/clementinas/2892001000000
12909,Laranja Económica,2892005000000,11510,11506,1 un = 250 gr  (aprox.),Fruta,CAT.: II,"1,39€/Kg","0,35€",https://cdn.intermarche.pt/pt/Content/images/boitmal/produit/zoom/E1EAB292C303D77FDC2FE941695C0092.jpg,,/product/laranja-economica/2892005000000
12956,Toranja,2892018000000,11510,11506,1 un = 300 gr  (aprox.),Fruta,CAT.: I,"1,99€/Kg","0,60€",https://cdn.intermarche.pt/pt/Content/images/boitmal/produit/zoom/C4B20F4AC0B35607B7246EDE01CE879E.jpg,,/product/toranja/2892018000000
48394,Clementinas,2892003000000,11510,11506,1 un = 100 gr (aprox.),Fruta,CAT: II,"1,69€/Kg","0,17€",https://cdn.intermarche.pt/pt/Content/images/boitmal/produit/zoom/4A2F29577A99021EFB6152CC66E31ABD.jpg,,/product/clementinas/2892003000000
12972,Banana,2892040000000,11511,11506,1 un = 200 gr (aprox.),Fruta,CAT: I,"1,09€/Kg","1,09€",https://cdn.intermarche.pt/pt/Content/images/boitmal/produit/zoom/C368220872795E9863F1F37C2230CCEA.jpg,2024-11-27T23:59:59.999Z,/product/banana/2892040000000
12894,Banana da  Madeira,2892042000000,11511,11506,1 un= 200 gr (aprox.),Fruta,CAT.: II,"2,89€/Kg","0,58€",https://cdn.intermarche.pt/pt/Content/images/boitmal/produit/zoom/AEB09FDBC77DC8299336F2901981AE66.jpg,,/product/banana-da-madeira/2892042000000
12889,Kiwi categoria II,2892175000000,11511,11506,1 un = 150 gr (aprox.),Fruta,CAT.: I,"3,49€/Kg","0,52€",https://cdn.intermarche.pt/pt/Content/images/boitmal/produit/zoom/8ECB4A8CBEF9251912188D64C7413AB3.jpg,2024-11-27T23:59:59.999Z,/product/kiwi-categoria-ii/2892175000000
14822,Kiwi Económico,2892176000000,11511,11506,1 un = 150 gr (aprox.),Fruta,,"1,99€/Kg","0,30€",https://cdn.intermarche.pt/pt/Content/images/boitmal/produit/zoom/C649417CB459701978602F8CD37855E9.jpg,,/product/kiwi-economico/2892176000000
14821,Banana,2892041000000,11511,11506,Vendido ao peso a partir de 500 gr,Nossa Seleção,,"2,99€/Kg","1,50€",https://cdn.intermarche.pt/pt/Content/images/boitmal/produit/zoom/304EF4F966C84F5C94706AD4432E6074.jpg,,/product/banana/2892041000000
19166,Kiwi,5604260274185,11511,11506,embalagem de 1Kg,PorSi,CAT: II,"2,49€/Kg","2,49€",https://cdn.intermarche.pt/pt/Content/images/boitmal/produit/zoom/4870AC33CB6A9CB26CD1F611A980C35F.jpg,,/product/kiwi/5604260274185
12945,Ameixa Amarela,2892154000000,11512,11506,1 un = 250 gr  (aprox.),Fruta,CAT.: II,"2,49€/Kg","0,62€",https://cdn.intermarche.pt/pt/Content/images/boitmal/produit/zoom/2090DD1A82171FDD907927AD0AF26B38.jpg,,/product/ameixa-amarela/2892154000000
14903,Alperce,2892152000000,11512,11506,Vendido a partir de 250 gr,Fruta,CAT.: II,"2,49€/Kg","0,62€",https://cdn.intermarche.pt/pt/Content/images/boitmal/produit/zoom/EF2EC7F966A96380EE409113CCEB09D2.jpg,,/product/alperce/2892152000000
15063,Nêspera,2892272000000,11512,11506,1 un = 250 gr  (aprox.),Fruta,CAT: II,"3,99€/Kg","1,00€",https://cdn.intermarche.pt/pt/Content/images/boitmal/produit/zoom/271B42FC0A8E9E652C409A06855364A7.jpg,,/product/nespera/2892272000000
12946,Ameixa Vermelha,2892155000000,11512,11506,1 un = 250 gr  (aprox.),Fruta,CAT.: II,"2,49€/Kg","0,62€",https://cdn.intermarche.pt/pt/Content/images/boitmal/produit/zoom/1F3553DA3EF8F6B165B1563A2EC408C3.jpg,,/product/ameixa-vermelha/2892155000000
41223,Pêssego amarelo categoria II,2892299000000,11512,11506,Vendido ao peso a partir de 300 g,Fruta,CAT.: II,"2,99€/Kg","0,90€",https://cdn.intermarche.pt/pt/Content/images/boitmal/produit/zoom/94E6434048502F382DB0A0B212145AC9.jpg,,/product/pessego-amarelo-categoria-ii/2892299000000
44324,Nectarina,2892266000000,11512,11506,1 un = 150 gr (aprox.),Fruta,CAT.: I,"3,49€/Kg","0,52€",https://cdn.intermarche.pt/pt/Content/images/boitmal/produit/zoom/D49F1495635C50DE9E4BD122108FBD8F.jpg,,/product/nectarina/2892266000000
12940,Lima,2892083000000,11509,11506,1 un = 200 gr (aprox.),Fruta,CAT: II,"2,49€/Kg","0,50€",https://cdn.intermarche.pt/pt/Content/images/boitmal/produit/zoom/20A6BBEF6B12F4FB4181A414DFA3AAB3.jpg,,/product/lima/2892083000000
12884,Limão,2892009000000,11509,11506,1 un = 200 gr (aprox.),Fruta,CAT.: II,"1,79€/Kg","0,36€",https://cdn.intermarche.pt/pt/Content/images/boitmal/produit/zoom/2F7773525E5DEBAE013C06CBE4768FAC.jpg,,/product/limao/2892009000000
44955,Abacaxi Maturado Plump Gold,2892732000000,11513,11506,1 un = 2kg ( aprox.),Fruta,CAT:II,"1,99€/Kg","3,98€",https://cdn.intermarche.pt/pt/Content/images/boitmal/produit/zoom/17671066900D42D10EF401FBE42F8ACF.jpg,,/product/abacaxi-maturado-plump-gold/2892732000000
12930,Ananás Açores,2892053000000,11513,11506,1 un=1 kg aprox.,Programa Origens,CAT: II,"12,99€/Kg","12,99€",https://cdn.intermarche.pt/pt/Content/images/boitmal/produit/zoom/2753F07085A96252423EBBB3087C5179.jpg,,/product/ananas-acores/2892053000000
33662,"Abacaxi ""Avião"" categoria II",2892117000000,11513,11506,Vendido ao peso (1un = 1.5 kg aprox.),Fruta,CAT:II,"4,99€/Kg","7,49€",https://cdn.intermarche.pt/pt/Content/images/boitmal/produit/zoom/F23BD5027A4BDAD19453CC562963414B.jpg,,"/product/abacaxi-""aviao""-categoria-ii/2892117000000"
14826,Morangos,2892264000000,11514,11506,Vendido a partir de 250 gr,Fruta,CAT:II,"13,99€/Kg","3,50€",https://cdn.intermarche.pt/pt/Content/images/boitmal/produit/zoom/FCF3DD9E844DCEA80EFAEFD8AB17F278.jpg,,/product/morangos/2892264000000
15041,Morangos,2892265000000,11514,11506,,PorSi Bio,CAT.: II,"3,99€/Kg","1,00€",https://cdn.intermarche.pt/pt/Content/images/boitmal/produit/zoom/03F37DF36EEC4F25971E4EFEA853DF4B.jpg,,/product/morangos/2892265000000
14916,Cereja,2892165000000,11514,11506,Vendido ao peso,Fruta,CAT:II,"7,99€/Kg","2,00€",https://cdn.intermarche.pt/pt/Content/images/boitmal/produit/zoom/3B3CEED19BC776B2D2FE661DA0AAB904.jpg,,/product/cereja/2892165000000
14904,Cereja,2892164000000,11514,11506,1 un = 250 gr  (aprox.),Programa Origens,CAT: II,"12,99€/Kg","3,25€",https://cdn.intermarche.pt/pt/Content/images/boitmal/produit/zoom/ACDCC001ADD312CD5B14A6D9CD7396E4.jpg,,/product/cereja/2892164000000
39224,"Mirtilos, embalagem de 100g",5601557056356,11514,11506,,Salutem,,"42,90€/Kg","4,29€",https://cdn.intermarche.pt/pt/Content/images/boitmal/produit/zoom/6D01F939C6D4AF3E675148F0D6234BA9.jpg,,/product/mirtilos-embalagem-de-100g/5601557056356
20523,"Mix do bosque, embalagem com 175g",5602132656701,11514,11506,,Fruta,,"23,47€/Kg","3,99€",https://cdn.intermarche.pt/pt/Content/images/boitmal/produit/zoom/43AA9A921030E2C4FA30201D7CB9AF20.jpg,,/product/mix-do-bosque-embalagem-com-175g/5602132656701
15577,Framboesa,5604260279166,11514,11506,Embalagem com 125g,PorSi,,"19,92€/Kg","2,49€",https://cdn.intermarche.pt/pt/Content/images/boitmal/produit/zoom/498DD3B7B51C2A37F7C64567752911E7.jpg,,/product/framboesa/5604260279166
13781,Uva Red Globe,2892323000000,11515,11506,1 un = 250 gr  (aprox.),Fruta,CAT:II,"3,99€/Kg","1,00€",https://cdn.intermarche.pt/pt/Content/images/boitmal/produit/zoom/1F39C2CDDA1731E30D604B1031CF2B02.jpg,,/product/uva-red-globe/2892323000000
15067,Uva Preta,2892316000000,11515,11506,Vendido a partir de 250 gr,Fruta,CAT II,"1,99€/Kg","0,50€",https://cdn.intermarche.pt/pt/Content/images/boitmal/produit/zoom/0F4B814FCBD1E6E66B9A99BDA34CD4EA.jpg,,/product/uva-preta/2892316000000
44214,Uva Branca,2892389000000,11515,11506,Vendido ao peso,Programa Origens,CAT.: II,"4,99€/Kg","4,99€",https://cdn.intermarche.pt/pt/Content/images/boitmal/produit/zoom/050ED6D4AEAAA41934401645B113C58A.jpg,,/product/uva-branca/2892389000000
21151,Uva Cardinal,5609489871887,11515,11506,Embalagem de 500 g,Vale da Rosa,,"6,58€/Kg","3,29€",https://cdn.intermarche.pt/pt/Content/images/boitmal/produit/zoom/4D30FEBBC4C09AD729E0E90AFB1BBF2D.jpg,,/product/uva-cardinal/5609489871887
15066,Uva Preta Red Globe,2892325000000,11515,11506,Vendido a partir de 250 gr,Fruta,,"1,99€/Kg","0,50€",https://cdn.intermarche.pt/pt/Content/images/boitmal/produit/zoom/E3DAB662E65058D1BA70B929286E63D0.jpg,,/product/uva-preta-red-globe/2892325000000
25785,Uva Preta s/ Graínha,5609489871849,11515,11506,Embalagem 500g,Vale da Rosa,,"7,98€/Kg","3,99€",https://cdn.intermarche.pt/pt/Content/images/boitmal/produit/zoom/97031CCDB104AC4BE5FD1E7724DEFDBC.jpg,,/product/uva-preta-s-ou-grainha/5609489871849
15038,Melão Branco,2892255000000,11516,11506,Vendido ao peso | 1 un = 2.5 kg (aprox.),Programa Origens,CAT.: II,"2,49€/Kg","6,23€",https://cdn.intermarche.pt/pt/Content/images/boitmal/produit/zoom/1907C0AEFCB3376B09C7B915B4809CC0.jpg,,/product/melao-branco/2892255000000
14897,Melancia Riscada,2892245000000,11516,11506,Vendido ao peso | 1 un = 4kg (aprox.),Fruta,CAT.: II,"1,99€/Kg","7,96€",https://cdn.intermarche.pt/pt/Content/images/boitmal/produit/zoom/AA3D63A30F9BA2DBBD75810E5FD774FC.jpg,,/product/melancia-riscada/2892245000000
12891,Melão Amarelo,2892251000000,11516,11506,Vendido ao peso | 1 un = 2.5 kg (aprox.),Fruta,CAT II,"1,99€/Kg","1,99€",https://cdn.intermarche.pt/pt/Content/images/boitmal/produit/zoom/B28D3DA3CF94FC2145F6127879554AD3.jpg,,/product/melao-amarelo/2892251000000
15040,Melão Verde,2892257000000,11516,11506,Vendido ao peso | 1 un = 2.5 kg (aprox.),Programa Origens,CAT.: II,"1,99€/Kg","4,98€",https://cdn.intermarche.pt/pt/Content/images/boitmal/produit/zoom/A8913855ED220D27ACC9440788566FCA.jpg,,/product/melao-verde/2892257000000
13813,Batata Doce,2892489000000,11522,11507,1 un = 250 gr  (aprox.),Legumes,CAT:II,"1,49€/Kg","0,37€",https://cdn.intermarche.pt/pt/Content/images/boitmal/produit/zoom/B0785A3D8A1A6773EB1FB43B119AC4D9.jpg,,/product/batata-doce/2892489000000
12986,Batata Branca Nova Granel,2892484000000,11522,11507,1 un = 250 gr  (aprox.),Legumes,CAT II,"1,49€/Kg","0,37€",https://cdn.intermarche.pt/pt/Content/images/boitmal/produit/zoom/CF9E1012080EAC69BF620A742C6DFA61.jpg,,/product/batata-branca-nova-granel/2892484000000
18910,Batata Roxa para fritar,5608951510231,11522,11507,Embalagem de 3 kg,Legumes,,"0,66€/Kg","1,99€",https://cdn.intermarche.pt/pt/Content/images/boitmal/produit/zoom/69CE321CDDAC9667A16B53151C02CD3D.jpg,,/product/batata-roxa-para-fritar/5608951510231
44395,Batata roxa,5608951110141,11522,11507,Embalagem de 5 kg,Legumes,,"1,10€/Kg","5,50€",https://cdn.intermarche.pt/pt/Content/images/boitmal/produit/zoom/185E1D2A97798515B92AF55308BFB0CB.jpg,,/product/batata-roxa/5608951110141
34240,Cebola roxa categoria II,2892497000000,11523,11507,Vendido ao peso,Programa Origens,CAT: II,"1,99€/Kg","0,50€",https://cdn.intermarche.pt/pt/Content/images/boitmal/produit/zoom/2911925A7CDB073DF1ED60E2BCA1D13D.jpg,,/product/cebola-roxa-categoria-ii/2892497000000
43371,Alho laminado/louro cortado,5604260303892,11523,11507,Embalagem de 65g,PorSi,,"29,08€/Kg","1,89€",https://cdn.intermarche.pt/pt/Content/images/boitmal/produit/zoom/17159BC5B670A0F70520F2AD96410694.jpg,,/product/alho-laminado-ou-louro-cortado/5604260303892
14921,Couve Bróculo,2892534000000,11524,11507,Vendido ao peso,Legumes,CAT.: II,"2,49€/Kg","1,00€",https://cdn.intermarche.pt/pt/Content/images/boitmal/produit/zoom/4F48873F332B6ECE759CD88793270811.jpg,,/product/couve-broculo/2892534000000
13814,Feijão Verde,2892558000000,11524,11507,1 un = 250 gr  (aprox.),Legumes,CAT:II,"2,99€/Kg","0,75€",https://cdn.intermarche.pt/pt/Content/images/boitmal/produit/zoom/5688B97D5E073F1C8E51E2F8542D9EC1.jpg,,/product/feijao-verde/2892558000000
15012,Couve Penca (Portuguesa) Programa Origens,2892549000000,11524,11507,1 un = 1 kg (aprox.),PorSi,CAT:II,"1,59€/Kg","1,59€",https://cdn.intermarche.pt/pt/Content/images/boitmal/produit/zoom/EE987F3E9930327662D1A159E001738F.jpg,,/product/couve-penca-(portuguesa)-programa-origens/2892549000000
15010,Couve Flor,2892545000000,11524,11507,1 un = 1 kg (aprox.),Programa Origens,CAT.II,"1,99€/Kg","1,99€",https://cdn.intermarche.pt/pt/Content/images/boitmal/produit/zoom/73DF9B2986748054B9303F926F23B964.jpg,,/product/couve-flor/2892545000000
13000,Couve branca,2892533000000,11524,11507,1 un= 1 kg aprox,Legumes,CAT:II,"1,29€/Kg","1,29€",https://cdn.intermarche.pt/pt/Content/images/boitmal/produit/zoom/4A118CCD7A01ABE88026942CC385EB6B.jpg,,/product/couve-branca/2892533000000
13004,Couve Lombarda,2892539000000,11524,11507,1 un=1 kg (aprox.),Legumes,CAT.II,"1,29€/Kg","1,29€",https://cdn.intermarche.pt/pt/Content/images/boitmal/produit/zoom/7673EB08916DD7A850C8BACAE77F0ED9.jpg,,/product/couve-lombarda/2892539000000
15013,Couve Roxa,2892586000000,11524,11507,1 un = 1 kg (aprox.),Programa Origens,,"1,29€/Kg","1,29€",https://cdn.intermarche.pt/pt/Content/images/boitmal/produit/zoom/C15FB4AA650D08814701170E90E9EDB6.jpg,,/product/couve-roxa/2892586000000
15058,Couve Coração,2892537000000,11524,11507,1 un = 1 kg (aprox.),Legumes,CAT.II,"1,19€/Kg","1,19€",https://cdn.intermarche.pt/pt/Content/images/boitmal/produit/zoom/1698347C46AA0BD612BDA97AF2BB156E.jpg,,/product/couve-coracao/2892537000000
51500,Couve Chinesa Roxa,2892482000000,11524,11507,1 un= 1 kg (aprox.),Legumes,,"2,29€/Kg","2,29€",https://cdn.intermarche.pt/pt/Content/images/boitmal/produit/zoom/8397C776FD3D027B082013BDDD5D1D23.jpg,,/product/couve-chinesa-roxa/2892482000000
15059,Nabo Roxo sem Rama,2892578000000,11525,11507,1 un = 200 gr (aprox.),Legumes,CAT: II,"1,99€/Kg","0,40€",https://cdn.intermarche.pt/pt/Content/images/boitmal/produit/zoom/EECF99CF1D26FD88C91EC2A5B22EA3C8.jpg,2024-11-27T23:59:59.999Z,/product/nabo-roxo-sem-rama/2892578000000
13016,Grelo Nabo Programa Origens,2892565000000,11525,11507,1 un= 1 kg (aprox.),PorSi,,"2,49€/Kg","2,49€",https://cdn.intermarche.pt/pt/Content/images/boitmal/produit/zoom/0DBA6D391F2AA92196B9CD39EB64BA0D.jpg,,/product/grelo-nabo-programa-origens/2892565000000
13831,Nabiças Programa Origens,2892573000000,11525,11507,1 un = 1 kg (aprox.),PorSi,CAT:II,"1,99€/Kg","1,99€",https://cdn.intermarche.pt/pt/Content/images/boitmal/produit/zoom/78312AB154E1D8141C51469DE01B5A58.jpg,,/product/nabicas-programa-origens/2892573000000
15247,Grelo de Couve Programa Origens,2892564000000,11525,11507,1 un = 1 kg (aprox.),PorSi,CAT:II,"2,49€/Kg","2,49€",https://cdn.intermarche.pt/pt/Content/images/boitmal/produit/zoom/9C76FA289784C5E4C4E51E55DAEB9600.jpg,,/product/grelo-de-couve-programa-origens/2892564000000
13012,Espinafres Arrancar Programa Origens,2892554000000,11526,11507,1 un= 1 kg  (aprox. ),PorSi,CAT:II,"3,29€/Kg","3,29€",https://cdn.intermarche.pt/pt/Content/images/boitmal/produit/zoom/2F9CCC4B8A628CD91356370A558F861C.jpg,,/product/espinafres-arrancar-programa-origens/2892554000000
15161,Cenouras Programa Origens,5604260274246,11527,11507,Embalagem de 1 kg,PorSi,II,"0,89€/Kg","0,89€",https://cdn.intermarche.pt/pt/Content/images/boitmal/produit/zoom/2C5D90EF430B0C18141C519CD5070475.jpg,2024-11-27T23:59:59.999Z,/product/cenouras-programa-origens/5604260274246
12994,Cenoura Granel,2892524000000,11527,11507,1 un = 100 gr (aprox.),Legumes,CATEGORI,"0,99€/Kg","0,10€",https://cdn.intermarche.pt/pt/Content/images/boitmal/produit/zoom/6427FE21A79FA79A1E8CC03E5F3B3703.jpg,,/product/cenoura-granel/2892524000000
15060,Abóbora Butternut,2892453000000,11527,11507,1 un = 1 kg (aprox.),Programa Origens,CAT.:II,"1,19€/Kg","1,19€",https://cdn.intermarche.pt/pt/Content/images/boitmal/produit/zoom/EAB55C948223F5C0DA9E5CFE8535733D.jpg,2024-11-27T23:59:59.999Z,/product/abobora-butternut/2892453000000
18038,Abóbora Menina Programa Origens,2892451000000,11527,11507,1 un= 1 kg (aprox.),PorSi,,"0,99€/Kg","0,99€",https://cdn.intermarche.pt/pt/Content/images/boitmal/produit/zoom/1DBE299601350369EB6F0EE0A43BDBDE.jpg,,/product/abobora-menina-programa-origens/2892451000000
15052,Tomate Alongado,2892600000000,11528,11507,1 un = 200 gr (aprox.),Legumes,CAT.: II,"1,99€/Kg","0,40€",https://cdn.intermarche.pt/pt/Content/images/boitmal/produit/zoom/8D39F3A81A54F88B7EA7E58898AD3AD6.jpg,,/product/tomate-alongado/2892600000000
13817,Pimento Verde,2892582000000,11528,11507,1 un = 250 gr  (aprox.),Legumes,CAT.: II,"2,79€/Kg","0,70€",https://cdn.intermarche.pt/pt/Content/images/boitmal/produit/zoom/7B3A4CEB1862E90C3453A121EC9872E4.jpg,,/product/pimento-verde/2892582000000
15055,Tomate Cacho,2892602000000,11528,11507,1 un = 200 gr (aprox.),Programa Origens,CAT II,"1,79€/Kg","0,36€",https://cdn.intermarche.pt/pt/Content/images/boitmal/produit/zoom/5CC43CC2537AA793FBCEC427E2019B73.jpg,,/product/tomate-cacho/2892602000000
35692,Tomate coração de boi categoria: II,2892417000000,11528,11507,Vendido ao peso,Legumes,,"1,89€/Kg","0,47€",https://cdn.intermarche.pt/pt/Content/images/boitmal/produit/zoom/0C1F0495142A9726159F9415681B2BD1.jpg,,/product/tomate-coracao-de-boi-categoria:-ii/2892417000000
13821,Tomate Cacho,2892597000000,11528,11507,1 un = 200 gr (aprox.),Legumes,CAT:II,"1,99€/Kg","0,40€",https://cdn.intermarche.pt/pt/Content/images/boitmal/produit/zoom/3B66EF6541266EDFA27BC4541501843F.jpg,,/product/tomate-cacho/2892597000000
49893,Tomate Azul | categoria: II,2892734000000,11528,11507,Vendido ao peso,Legumes,,"3,99€/Kg","1,00€",https://cdn.intermarche.pt/pt/Content/images/boitmal/produit/zoom/9F3343679FE035AA43D2E490A8855662.jpg,,/product/tomate-azul-|-categoria:-ii/2892734000000
37854,Tomates Cocktail Românticos Biológicos,5604260302178,11280,10119,Emb.: ± 200 g,PorSi Bio,,"7,95€/Kg","1,59€",https://cdn.intermarche.pt/pt/Content/images/boitmal/produit/zoom/894BA066B79167034A1812A56D264040.jpg,,/product/tomates-cocktail-romanticos-biologicos/5604260302178
40644,Tomates Cereja Kumato Biológicos,5604260302154,11280,10119,± 200 g,PorSi Bio,,"1,89€/Kg","0,38€",https://cdn.intermarche.pt/pt/Content/images/boitmal/produit/zoom/DF3EC1AA5941387100CBB5BDC6108114.jpg,,/product/tomates-cereja-kumato-biologicos/5604260302154
45321,Pimento verde assado em tiras,5600765590027,11528,11507,350 g,Legumes,,"10,26€/Kg","3,59€",https://cdn.intermarche.pt/pt/Content/images/boitmal/produit/zoom/F7D546BE196C1D551D79BE72AF23E385.jpg,,/product/pimento-verde-assado-em-tiras/5600765590027
37857,Mistura Tomates Cereja Biológicos,5604260302185,11280,10119,Emb.: ± 200 g,PorSi Bio,,"9,45€/Kg","1,89€",https://cdn.intermarche.pt/pt/Content/images/boitmal/produit/zoom/1D11903AF6AB0582EE34BF8E3F034DBD.jpg,,/product/mistura-tomates-cereja-biologicos/5604260302185
40658,Tomate Cereja Alongado Origens,5604260282302,11528,11507,Emb.: ± 250 g,PorSi Bio,,"6,76€/Kg","1,69€",https://cdn.intermarche.pt/pt/Content/images/boitmal/produit/zoom/48ED242521CF5BB28F6E6B8F79FCF102.jpg,,/product/tomate-cereja-alongado-origens/5604260282302
19368,Tomate Cherry,5606586000417,11528,11507,Embalagem de 250 g,Legumes,,"6,36€/Kg","1,59€",https://cdn.intermarche.pt/pt/Content/images/boitmal/produit/zoom/5696AF4CF4EA8EEE176DF8D04ED26B65.jpg,,/product/tomate-cherry/5606586000417
40659,Tomate Cereja Redondo,5604260282296,11528,11507,Emb.: ± 250 g,PorSi,,"5,96€/Kg","1,49€",https://cdn.intermarche.pt/pt/Content/images/boitmal/produit/zoom/F961AD48FA0AC89D025B910BA308851E.jpg,,/product/tomate-cereja-redondo/5604260282296
13833,Pepino,2892579000000,11530,11507,1 un = 300 gr  (aprox.),Legumes,CAT II,"1,79€/Kg","0,54€",https://cdn.intermarche.pt/pt/Content/images/boitmal/produit/zoom/81A5C57CCE1518487B68F04112010F92.jpg,,/product/pepino/2892579000000
35064,Pepino biológico,2736662000000,11280,10119,1 un = 300 g (aprox.),PorSi Bio,,"4,99€/Kg","1,50€",https://cdn.intermarche.pt/pt/Content/images/boitmal/produit/zoom/EBB6FB9CF6F45651CA05832071A7DA56.jpg,,/product/pepino-biologico/2736662000000
21019,Cogumelo portobello grande,2892020000000,11529,11507,vendido ao peso,Legumes,CAT.: I,"6,99€/Kg","0,70€",https://cdn.intermarche.pt/pt/Content/images/boitmal/produit/zoom/3D5D6393BB9ED3E6D377DF71608F2AA1.jpg,,/product/cogumelo-portobello-grande/2892020000000
20937,Aipo,2892426000000,11534,11507,Vendido ao peso,Nossa Seleção,,"2,29€/Kg","1,37€",https://cdn.intermarche.pt/pt/Content/images/boitmal/produit/zoom/3BA0232DC2E8F00385B3BF2051AAB3DF.jpg,,/product/aipo/2892426000000
12939,Gengibre,2892073000000,11533,11507,1 un = 100 gr (aprox.),Legumes,CAT. I,"3,49€/Kg","0,35€",https://cdn.intermarche.pt/pt/Content/images/boitmal/produit/zoom/F521D3FB8B28A3559D4F16F09B6F660F.jpg,2024-11-27T23:59:59.999Z,/product/gengibre/2892073000000
12996,Chuchu,2892526000000,11533,11507,1 un = 250 gr  (aprox.),Legumes,CAT I,"2,49€/Kg","0,62€",https://cdn.intermarche.pt/pt/Content/images/boitmal/produit/zoom/93A45A4645EB0EB96CD1F4E97D062E08.jpg,2024-11-27T23:59:59.999Z,/product/chuchu/2892526000000
12892,Beringela,2892508000000,11533,11507,1 un=400 gr (aprox.),Legumes,CAT.: II,"2,49€/Kg","1,00€",https://cdn.intermarche.pt/pt/Content/images/boitmal/produit/zoom/FB5F3B306A4564F795D1797261204613.jpg,,/product/beringela/2892508000000
12990,Beterraba sem Rama,2892510000000,11533,11507,1 un=250 gr (aprox.),Legumes,CAT.: II,"1,39€/Kg","0,35€",https://cdn.intermarche.pt/pt/Content/images/boitmal/produit/zoom/FE38D0A0EDE44D01AA1FA1361EAB5312.jpg,,/product/beterraba-sem-rama/2892510000000
14914,Mandioca,2892088000000,11533,11507,1 un=500 gr (aprox.),Legumes,CAT.: I,"2,99€/Kg","1,50€",https://cdn.intermarche.pt/pt/Content/images/boitmal/produit/zoom/245947474965D9E23A1A5C2C57D52994.jpg,2024-11-27T23:59:59.999Z,/product/mandioca/2892088000000
21366,Endívias,5606586005931,11533,11507,450 g,Legumes,,"6,64€/Kg","2,99€",https://cdn.intermarche.pt/pt/Content/images/boitmal/produit/zoom/149E6D44D0F251760B3681BCFBDFC62C.jpg,,/product/endivias/5606586005931
14848,Espargos Verde,2892551000000,11533,11507,1 un = 250 g  (aprox.),Legumes,,"13,99€/Kg","3,50€",https://cdn.intermarche.pt/pt/Content/images/boitmal/produit/zoom/BF2446A98231B640F0D52C3264828F72.jpg,,/product/espargos-verde/2892551000000
15062,Alcachofra,2892459000000,11533,11507,1 un = 300 gr (aprox.),Legumes,,"4,99€/Kg","1,50€",https://cdn.intermarche.pt/pt/Content/images/boitmal/produit/zoom/3FD67FB24B5359140D4BBE60169E4E7E.jpg,,/product/alcachofra/2892459000000
14830,Malagueta Vermelha,2892569000000,11533,11507,1 un = 100 gr (aprox.),Legumes,,"3,99€/Kg","0,40€",https://cdn.intermarche.pt/pt/Content/images/boitmal/produit/zoom/151CDFCA95F59274D4B086E92B3E5633.jpg,,/product/malagueta-vermelha/2892569000000
51502,Rebentos de Alfafa,5606999027827,11533,11507,150 g,Legumes,,"18,60€/Kg","2,79€",https://cdn.intermarche.pt/pt/Content/images/boitmal/produit/zoom/BD86DD6F5D4064235E26683E46F12AC7.jpg,,/product/rebentos-de-alfafa/5606999027827
13830,Malagueta Verde,2892568000000,11533,11507,1 un = 100 gr (aprox.),Legumes,,"2,99€/Kg","0,30€",https://cdn.intermarche.pt/pt/Content/images/boitmal/produit/zoom/03F786FAED5F09927938E38F292CCE04.jpg,,/product/malagueta-verde/2892568000000
15251,Aipo com Rama,2892456000000,11533,11507,1 un = 1 kg (aprox.),Programa Origens,,"2,49€/Kg","2,49€",https://cdn.intermarche.pt/pt/Content/images/boitmal/produit/zoom/35AF98AAE558DC85F064181C6D1FAFA4.jpg,,/product/aipo-com-rama/2892456000000
15015,Favas,2892555000000,11533,11507,1 un = 250 gr  (aprox.),Programa Origens,CAT.:II,"2,29€/Kg","0,57€",https://cdn.intermarche.pt/pt/Content/images/boitmal/produit/zoom/BC35B2B23D2D6FC8E4C8F5D46BD8DBFB.jpg,,/product/favas/2892555000000
37515,Arroz agulha Europa,5604260294367,11715,103,Embalagem de 1 kg,PorSi,,"1,35€/Kg","1,35€",https://cdn.intermarche.pt/pt/Content/images/boitmal/produit/zoom/9739FA5451F66601C6848B15FEF34D85.jpg,,/product/arroz-agulha-europa/5604260294367
5522,"Arroz carolino, embalagem de 1 kg",5601692071429,11715,103,,Bom sucesso,,"1,49€/Kg","1,49€",https://cdn.intermarche.pt/pt/Content/images/boitmal/produit/zoom/DB1736313D8501082E1A679F43901D59.jpg,2024-11-27T23:59:59.999Z,/product/arroz-carolino-embalagem-de-1-kg/5601692071429
5521,"Arroz agulha, embalagem de 1 kg",5601692071214,11715,103,,Bom sucesso,,"1,29€/Kg","1,29€",https://cdn.intermarche.pt/pt/Content/images/boitmal/produit/zoom/67549B74E1964578541F2476DCA87536.jpg,2024-11-27T23:59:59.999Z,/product/arroz-agulha-embalagem-de-1-kg/5601692071214
31215,Arroz para risotto bom sucesso,5601692071498,11715,103,Embalagem de 1 kg,Bom sucesso,,"2,44€/Kg","2,44€",https://cdn.intermarche.pt/pt/Content/images/boitmal/produit/zoom/2201CC75AAA41C406D31C32C55688C21.jpg,2024-11-27T23:59:59.999Z,/product/arroz-para-risotto-bom-sucesso/5601692071498
36727,Arroz basmati,5604260294404,11715,103,Embalagem de 1 kg,PorSi,,"1,99€/Kg","1,99€",https://cdn.intermarche.pt/pt/Content/images/boitmal/produit/zoom/A202F799046FEBC287E96FCBA940C546.jpg,,/product/arroz-basmati/5604260294404
1427,"Arroz agulha, embalagem de 1 kg",5601255322128,11715,103,,Caçarola,,"1,35€/Kg","1,35€",https://cdn.intermarche.pt/pt/Content/images/boitmal/produit/zoom/A52540C62DF57685F2A437535D54EC25.jpg,,/product/arroz-agulha-embalagem-de-1-kg/5601255322128
1439,"Arroz vaporizado, embalagem de 1 kg",5601260127107,11715,103,,Cigala,,"1,59€/Kg","1,59€",https://cdn.intermarche.pt/pt/Content/images/boitmal/produit/zoom/0DD33F088D804C413066136DC8BB8986.jpg,,/product/arroz-vaporizado-embalagem-de-1-kg/5601260127107
36728,Arroz carolino,5604260294343,11715,103,Embalagem de 1 kg,PorSi,,"1,25€/Kg","1,25€",https://cdn.intermarche.pt/pt/Content/images/boitmal/produit/zoom/10350363E0DE37B1698299EA7835EFEE.jpg,,/product/arroz-carolino/5604260294343
1433,"Arroz carolino, embalagem de 1 kg",5601260036102,11715,103,,Cigala,,"1,89€/Kg","1,89€",https://cdn.intermarche.pt/pt/Content/images/boitmal/produit/zoom/2DDC2B3398B25BC364B40D12E11074B2.jpg,,/product/arroz-carolino-embalagem-de-1-kg/5601260036102
36574,Arroz agulha longo comum,5601432040203,11715,103,Embalagem de 1 kg,Palmeirinha,,"1,15€/Kg","1,15€",https://cdn.intermarche.pt/pt/Content/images/boitmal/produit/zoom/552F49C82E7CDFB2BF979948D3709D4A.jpg,,/product/arroz-agulha-longo-comum/5601432040203
1426,"Arroz carolino, embalagem de 1kg",5601255312112,11715,103,,Caçarola,,"1,79€/Kg","1,79€",https://cdn.intermarche.pt/pt/Content/images/boitmal/produit/zoom/7F690432AAD8958D114DBA6E5A052325.jpg,,/product/arroz-carolino-embalagem-de-1kg/5601255312112
14269,Arroz Risotto,5604260276004,11715,103,Embalagem de 1 kg,PorSi,,"1,98€/Kg","1,98€",https://cdn.intermarche.pt/pt/Content/images/boitmal/produit/zoom/28BB09A264F7A36F654265C17A4EC69C.jpg,,/product/arroz-risotto/5604260276004
1434,"Arroz agulha, embalagem de 1 kg",5601260037109,11715,103,,Cigala,,"1,69€/Kg","1,69€",https://cdn.intermarche.pt/pt/Content/images/boitmal/produit/zoom/9B1F36F6AAAF2732F8672B52B380B44F.jpg,,/product/arroz-agulha-embalagem-de-1-kg/5601260037109
1436,"Arroz brajma, embalagem de 1 kg",5601260038106,11715,103,,Cigala,,"2,54€/Kg","2,54€",https://cdn.intermarche.pt/pt/Content/images/boitmal/produit/zoom/61072CF34FC0F6BAB0BEEADB6DBF8C24.jpg,,/product/arroz-brajma-embalagem-de-1-kg/5601260038106
1484,Arroz carolino malandrinho,5601326000122,11715,103,Embalagem de 1 kg,Pato real,,"2,19€/Kg","2,19€",https://cdn.intermarche.pt/pt/Content/images/boitmal/produit/zoom/894170BBEE1DCE01EC4648E1F8CDBAFD.jpg,,/product/arroz-carolino-malandrinho/5601326000122
36667,Arroz Agulha América do Sul,5604260294374,11715,103,Embalagem de 1 kg,PorSi,,"1,45€/Kg","1,45€",https://cdn.intermarche.pt/pt/Content/images/boitmal/produit/zoom/3176FBF6289F7C552A43A4A40781BEBD.jpg,,/product/arroz-agulha-america-do-sul/5604260294374
1437,Arroz Carolino,5601260046101,11715,103,Embalagem de 1 kg,Saludães,,"1,89€/Kg","1,89€",https://cdn.intermarche.pt/pt/Content/images/boitmal/produit/zoom/1AF2CC85F100279586424D4415352EF6.jpg,,/product/arroz-carolino/5601260046101
46854,"Arroz Thai Jasmim, 1 kg",5604260320660,11715,103,,PorSi,,"1,99€/Kg","1,99€",https://cdn.intermarche.pt/pt/Content/images/boitmal/produit/zoom/6E0F253FFC5FCF3540D8B26689ED7C2F.jpg,,/product/arroz-thai-jasmim-1-kg/5604260320660
22164,"Arroz doce especial, embalagem de 500g",5601260254056,11715,103,,Saludães,,"1,98€/Kg","0,99€",https://cdn.intermarche.pt/pt/Content/images/boitmal/produit/zoom/878854BE9F8FAA6F9C6C65945CC1655C.jpg,,/product/arroz-doce-especial-embalagem-de-500g/5601260254056
47781,Arroz basmati,5604260319497,11715,103,Embalagem de 500g,PorSi,,"3,78€/Kg","1,89€",https://cdn.intermarche.pt/pt/Content/images/boitmal/produit/zoom/B5E3BD11E06F1EA4ADB1B66F0C346639.jpg,,/product/arroz-basmati/5604260319497
1438,Arroz agulha,5601260047108,11715,103,Embalagem de 1kg,Saludães,,"1,59€/Kg","1,59€",https://cdn.intermarche.pt/pt/Content/images/boitmal/produit/zoom/A47E0478F621CD18819B801F7F6528A1.jpg,,/product/arroz-agulha/5601260047108
1428,"Arroz basmati, embalagem de 1 kg",5601255322210,11715,103,,Caçarola,,"2,99€/Kg","2,99€",https://cdn.intermarche.pt/pt/Content/images/boitmal/produit/zoom/597DB0594D385F011EF164902A284637.jpg,,/product/arroz-basmati-embalagem-de-1-kg/5601255322210
43406,Arroz integral,5604260310364,10456,10120,Embalagem de 1 kg,PorSi Viva Bem,,"1,48€/Kg","1,48€",https://cdn.intermarche.pt/pt/Content/images/boitmal/produit/zoom/1A54CCE5D98AD480EAE3D8242AF2F0F9.jpg,,/product/arroz-integral/5604260310364
40525,Arroz agulha,5604260294381,11715,103,Embalagem de 5kg,PorSi,,"1,44€/Kg","7,19€",https://cdn.intermarche.pt/pt/Content/images/boitmal/produit/zoom/8CBFA4340437B547AF82C07E1CFA3028.jpg,,/product/arroz-agulha/5604260294381
1429,"Arroz estufado, embalagem de 1 kg",5601255323125,11715,103,,Caçarola,,"1,59€/Kg","1,59€",https://cdn.intermarche.pt/pt/Content/images/boitmal/produit/zoom/ED0B6D9BD767D2AF150FD69C63788B2B.jpg,,/product/arroz-estufado-embalagem-de-1-kg/5601255323125
2162,Arroz carolino,5604260294350,11715,103,Embalagem de 5 kg,PorSi,,"1,20€/Kg","5,99€",https://cdn.intermarche.pt/pt/Content/images/boitmal/produit/zoom/4D70CE5CABACF35C834A08C5BB7AE736.jpg,,/product/arroz-carolino/5604260294350
48350,Arroz vaporizado,5604260319503,11715,103,Embalagem de 500g,PorSi,,"2,98€/Kg","1,49€",https://cdn.intermarche.pt/pt/Content/images/boitmal/produit/zoom/A69B4B8AAD626E8E2F330236969EE6A9.jpg,,/product/arroz-vaporizado/5604260319503
1485,Arroz agulha,5601326000214,11715,103,Embalagem de 1 kg,Pato real,,"1,69€/Kg","1,69€",https://cdn.intermarche.pt/pt/Content/images/boitmal/produit/zoom/9300697F5C7AE4E3984C289F98387091.jpg,,/product/arroz-agulha/5601326000214
22458,"Arroz sushi, embalagem de 1 kg",5601255625069,11715,103,,Caçarola,,"2,39€/Kg","2,39€",https://cdn.intermarche.pt/pt/Content/images/boitmal/produit/zoom/20C2F8A109878E3C7A65BBB4426D7436.jpg,,/product/arroz-sushi-embalagem-de-1-kg/5601255625069
1599,"Arroz carolino, embalagem de 1 kg",5601537332739,11715,103,,Louro,,"1,89€/Kg","1,89€",https://cdn.intermarche.pt/pt/Content/images/boitmal/produit/zoom/0512A23B625930AE39C0A5809DF31C8C.jpg,,/product/arroz-carolino-embalagem-de-1-kg/5601537332739
46170,"Arroz agulha integral, embalagem de 1 kg",5601260105105,11715,103,,Cigala,,"1,59€/Kg","1,59€",https://cdn.intermarche.pt/pt/Content/images/boitmal/produit/zoom/F076505D90C534727988279B65286B9F.jpg,,/product/arroz-agulha-integral-embalagem-de-1-kg/5601260105105
25553,"Arroz brajma pronto a comer, embalagem de 250g",5601260338022,11715,103,,Cigala,,"6,20€/Kg","1,55€",https://cdn.intermarche.pt/pt/Content/images/boitmal/produit/zoom/39F13FB8EC3A152FEEDA121B7F484CB7.jpg,,/product/arroz-brajma-pronto-a-comer-embalagem-de-250g/5601260338022
47918,Arroz aromático de punjab,5604260320127,11715,103,1 kg,PorSi Select,,"2,79€/Kg","2,79€",https://cdn.intermarche.pt/pt/Content/images/boitmal/produit/zoom/D041D574C2EEBA31A43CBB96DC7FB978.jpg,,/product/arroz-aromatico-de-punjab/5604260320127
46169,"Arroz thai jasmim, embalagem de 1 kg",5601260018108,11715,103,,Cigala,,"2,39€/Kg","2,39€",https://cdn.intermarche.pt/pt/Content/images/boitmal/produit/zoom/7E6CA829E5A990F6AAC16711E18D780D.jpg,,/product/arroz-thai-jasmim-embalagem-de-1-kg/5601260018108
38991,Arroz integral extra longo,5604321002160,10456,10120,Embalagem de 1 kg,Cemporcento,,"1,69€/Kg","1,69€",https://cdn.intermarche.pt/pt/Content/images/boitmal/produit/zoom/487227DA9770C546118728A2593B2FA2.jpg,,/product/arroz-integral-extra-longo/5604321002160
1440,Arroz extra longo integral,5601260145101,11715,103,Embalagem de 1 kg,Saludães,,"1,48€/Kg","1,48€",https://cdn.intermarche.pt/pt/Content/images/boitmal/produit/zoom/B4A996D9BC6883DC7278C3ABD4981C66.jpg,,/product/arroz-extra-longo-integral/5601260145101
1114,"Massa de maçarrão riscado, embalagem de 500g",5601066300780,11716,103,,Nacional,,"1,78€/Kg","0,89€",https://cdn.intermarche.pt/pt/Content/images/boitmal/produit/zoom/4E586B0F43C13026DBE291FFB6AC87A9.jpg,2024-11-27T23:59:59.999Z,/product/massa-de-macarrao-riscado-embalagem-de-500g/5601066300780
1116,"Massa de cotovelos, embalagem de 500g",5601066301152,11716,103,,Nacional,,"1,78€/Kg","0,89€",https://cdn.intermarche.pt/pt/Content/images/boitmal/produit/zoom/C87CE94729679E4B47574FECADC4484E.jpg,2024-11-27T23:59:59.999Z,/product/massa-de-cotovelos-embalagem-de-500g/5601066301152
1120,"Massa de espirais, embalagem de 500g",5601066301718,11716,103,,Nacional,,"1,78€/Kg","0,89€",https://cdn.intermarche.pt/pt/Content/images/boitmal/produit/zoom/53CA28E35AF8AD40FCE8516799A2B51B.jpg,2024-11-27T23:59:59.999Z,/product/massa-de-espirais-embalagem-de-500g/5601066301718
1108,"Massa de cotovelinhos, embalagem de 500g",5601066300087,11716,103,,Nacional,,"1,78€/Kg","0,89€",https://cdn.intermarche.pt/pt/Content/images/boitmal/produit/zoom/3C947C343F18C9B0CC5D66D04FA630B6.jpg,2024-11-27T23:59:59.999Z,/product/massa-de-cotovelinhos-embalagem-de-500g/5601066300087
34597,"Massa folhada retangular, embalagem de 250g",5600376210390,11716,103,,Pasta do Dia,,"7,96€/Kg","1,99€",https://cdn.intermarche.pt/pt/Content/images/boitmal/produit/zoom/036A75D62A49BBE6CC3CF8C25387EB8C.jpg,2024-11-27T23:59:59.999Z,/product/massa-folhada-retangular-embalagem-de-250g/5600376210390
24921,Massas espirais tricolores,5604260281855,11716,103,Embalagem 500G,PorSi,,"1,58€/Kg","0,79€",https://cdn.intermarche.pt/pt/Content/images/boitmal/produit/zoom/FB5B0AF1262C35DE07F8D76D99137808.jpg,,/product/massas-espirais-tricolores/5604260281855
1467,"Massa de espirais, embalagem de 500g",5601286236784,11716,103,,Milaneza,,"2,08€/Kg","1,04€",https://cdn.intermarche.pt/pt/Content/images/boitmal/produit/zoom/75C555C38AA58E95CAD2174BF2E349D1.jpg,,/product/massa-de-espirais-embalagem-de-500g/5601286236784
1721,Massa de macarrão grande estriado,5604260000227,11716,103,Embalagem de 500g,PorSi,,"1,78€/Kg","0,89€",https://cdn.intermarche.pt/pt/Content/images/boitmal/produit/zoom/AD9E0CE91C0D1313770789DF4728D2F2.jpg,,/product/massa-de-macarrao-grande-estriado/5604260000227
1115,"Esparguete clássica, embalagem de 500 g",5601066300940,11716,103,,Nacional,,"2,38€/Kg","1,19€",https://cdn.intermarche.pt/pt/Content/images/boitmal/produit/zoom/DB78376CF8FFABD88E18230FF0FF168D.jpg,,/product/esparguete-classica-embalagem-de-500-g/5601066300940
1451,"Massa esparguete, embalagem de 500g",5601286201782,11716,103,,Milaneza,,"2,38€/Kg","1,19€",https://cdn.intermarche.pt/pt/Content/images/boitmal/produit/zoom/89EEFB55B8646A1FAE623D8BE27A3C12.jpg,,/product/massa-esparguete-embalagem-de-500g/5601286201782
37726,Massa para Pizza,5604260301133,11716,103,Embalagem de 260 g,PorSi,,"3,46€/Kg","0,90€",https://cdn.intermarche.pt/pt/Content/images/boitmal/produit/zoom/9C42A54B208B726A7F1EBF386A46A6EC.jpg,,/product/massa-para-pizza/5604260301133
1468,"Massa maçarronete riscado, embalagem de 500g",5601286250780,11716,103,,Milaneza,,"2,98€/Kg","1,49€",https://cdn.intermarche.pt/pt/Content/images/boitmal/produit/zoom/E29625DD7DC1FE05A5F96FD16E9391E8.jpg,,/product/massa-macarronete-riscado-embalagem-de-500g/5601286250780
1730,"Massa cuscus, embalagem de 250g",5604260000319,11716,103,,PorSi,,"2,20€/Kg","0,55€",https://cdn.intermarche.pt/pt/Content/images/boitmal/produit/zoom/C1C4CAE34EBD8AF1FF95FE34869A4C25.jpg,,/product/massa-cuscus-embalagem-de-250g/5604260000319
31326,"Macarrão integral com aveia, 500g",5601286260437,11716,103,,Milaneza,,"3,58€/Kg","1,79€",https://cdn.intermarche.pt/pt/Content/images/boitmal/produit/zoom/687469F1412D2299A6CE181241DB8128.jpg,,/product/macarrao-integral-com-aveia-500g/5601286260437
5403,"Massa linguine, embalagem de 500g",5601286211781,11716,103,,Milaneza,,"3,18€/Kg","1,59€",https://cdn.intermarche.pt/pt/Content/images/boitmal/produit/zoom/704F39F2EDF7458BC2C5C5750B9A7F1C.jpg,,/product/massa-linguine-embalagem-de-500g/5601286211781
1460,"Massa de cotovelinhos, embalagem de 500g",5601286222787,11716,103,,Milaneza,,"3,10€/Kg","1,55€",https://cdn.intermarche.pt/pt/Content/images/boitmal/produit/zoom/F76BC192D8D45CCBC8881AA2D2BAAD83.jpg,,/product/massa-de-cotovelinhos-embalagem-de-500g/5601286222787
1462,"Massa, estrelinhas, embalagem de 250g",5601286231772,11716,103,,Milaneza,,"3,32€/Kg","0,83€",https://cdn.intermarche.pt/pt/Content/images/boitmal/produit/zoom/E2F1A211F7D24F0BF020FA7DF88C2F67.jpg,,/product/massa-estrelinhas-embalagem-de-250g/5601286231772
1463,"Massa pevide, embalagem de 250g",5601286232779,11716,103,,Milaneza,,"3,16€/Kg","0,79€",https://cdn.intermarche.pt/pt/Content/images/boitmal/produit/zoom/EBAFF1FEDF33318543096DA417AD4777.jpg,,/product/massa-pevide-embalagem-de-250g/5601286232779
1469,"Massa de maçarrão, embalagem de 500g",5601286251787,11716,103,,Milaneza,,"3,10€/Kg","1,55€",https://cdn.intermarche.pt/pt/Content/images/boitmal/produit/zoom/23F94F5EC15597A4AB9A1FC4C5526842.jpg,,/product/massa-de-macarrao-embalagem-de-500g/5601286251787
1474,"Massa fettucine, embalagem de 500g",5601286270788,11716,103,,Milaneza,,"3,10€/Kg","1,55€",https://cdn.intermarche.pt/pt/Content/images/boitmal/produit/zoom/5076EE490D6698AF4B192BDFA11A22D0.jpg,,/product/massa-fettucine-embalagem-de-500g/5601286270788
17024,"Cannelloni, embalagem de 250g",5601286252777,11716,103,,Milaneza,,"6,76€/Kg","1,69€",https://cdn.intermarche.pt/pt/Content/images/boitmal/produit/zoom/CCA9CE4DC3690BAFEB69D1C50C01CEE0.jpg,,/product/cannelloni-embalagem-de-250g/5601286252777
1726,"Massa pevide, embalagem de 250g",5604260000272,11716,103,,PorSi,,"2,20€/Kg","0,55€",https://cdn.intermarche.pt/pt/Content/images/boitmal/produit/zoom/A4A2080D7D2A6FF3E0E1E1CA80D0F6AC.jpg,,/product/massa-pevide-embalagem-de-250g/5604260000272
20054,"Massa, couscous, embalagem de 1 kg",5601286260109,11716,103,,Milaneza,,"2,85€/Kg","2,85€",https://cdn.intermarche.pt/pt/Content/images/boitmal/produit/zoom/1F3D4C4B962D49E4889C213150953625.jpg,,/product/massa-couscous-embalagem-de-1-kg/5601286260109
2255,"Massa fettuccine, embalagem de 500g",5604260267903,11716,103,,PorSi,,"2,58€/Kg","1,29€",https://cdn.intermarche.pt/pt/Content/images/boitmal/produit/zoom/6B0484FCFA2972A14EFF03D4A586DC5B.jpg,,/product/massa-fettuccine-embalagem-de-500g/5604260267903
31327,"Esparguete integral com aveia, embalagem de 500g",5601286260444,11716,103,,Milaneza,,"3,58€/Kg","1,79€",https://cdn.intermarche.pt/pt/Content/images/boitmal/produit/zoom/ED109D373D309526BEFD47862BA4E84B.jpg,,/product/esparguete-integral-com-aveia-embalagem-de-500g/5601286260444
41040,Spaghetti Al Bronzo,5604260304967,11716,103,Embalagem de 500 g,PorSi Select,,"1,78€/Kg","0,89€",https://cdn.intermarche.pt/pt/Content/images/boitmal/produit/zoom/93EBB82FD45D0C96493B3D592AA956CE.jpg,,/product/spaghetti-al-bronzo/5604260304967
41385,Fusilli Al Bronzo,5604260304943,11716,103,Embalagem de 500 g,PorSi Select,,"1,98€/Kg","0,99€",https://cdn.intermarche.pt/pt/Content/images/boitmal/produit/zoom/19198C24893C052FE5D64E4B8C20906D.jpg,,/product/fusilli-al-bronzo/5604260304943
45208,Couscous,5604260312054,11716,103,Embalagem de 5 x 100 g,PorSi,,"2,58€/Kg","1,29€",https://cdn.intermarche.pt/pt/Content/images/boitmal/produit/zoom/DDDFC90F91ED201CA2F0A74EB902FFE1.jpg,,/product/couscous/5604260312054
46847,Laços tricolores,5604260316205,11716,103,Embalagem de 500 g,PorSi,,"2,38€/Kg","1,19€",https://cdn.intermarche.pt/pt/Content/images/boitmal/produit/zoom/F231B7C26B70C546DDFEE19615809A82.jpg,,/product/lacos-tricolores/5604260316205
52263,Massa para Pizza,5604260326815,11716,103,Embalagem de 230g,PorSi,,"5,17€/Kg","1,19€",https://cdn.intermarche.pt/pt/Content/images/boitmal/produit/zoom/27F1F8C4038A2609C2A1BFCB87336080.jpg,,/product/massa-para-pizza/5604260326815
24920,Massas alimentícias laços,5604260281848,11716,103,Embalagem de 500g,PorSi,,"2,18€/Kg","1,09€",https://cdn.intermarche.pt/pt/Content/images/boitmal/produit/zoom/CDC35618E662D71F21ECBA6A843A8E07.jpg,,/product/massas-alimenticias-lacos/5604260281848
1475,"Massa fusilli tricolor, embalagem de 500g",5601286273789,11716,103,,Milaneza,,"2,58€/Kg","1,29€",https://cdn.intermarche.pt/pt/Content/images/boitmal/produit/zoom/A32BE3BEA03451FFDDD551AFD3876300.jpg,,/product/massa-fusilli-tricolor-embalagem-de-500g/5601286273789
1471,"Massa maçarronete grande, embalagem de 500g",5601286254788,11716,103,,Milaneza,,"3,38€/Kg","1,69€",https://cdn.intermarche.pt/pt/Content/images/boitmal/produit/zoom/ECCE0C4A0B77E8669302DA27C5B102B0.jpg,,/product/massa-macarronete-grande-embalagem-de-500g/5601286254788
1719,"Massa meada, 500g",5604260000203,11716,103,,PorSi,,"2,70€/Kg","1,35€",https://cdn.intermarche.pt/pt/Content/images/boitmal/produit/zoom/2220547E936ED5359483D55A156E01F2.jpg,,/product/massa-meada-500g/5604260000203
1725,"Massa bagos, 250g",5604260000265,11716,103,,PorSi,,"2,20€/Kg","0,55€",https://cdn.intermarche.pt/pt/Content/images/boitmal/produit/zoom/D7CD585D5F548C3578956770A8DF45E6.jpg,,/product/massa-bagos-250g/5604260000265
43404,Esparguete integral,5604260310975,10456,10120,Embalagem de 500g,PorSi Viva Bem,,"2,38€/Kg","1,19€",https://cdn.intermarche.pt/pt/Content/images/boitmal/produit/zoom/69ACD5D85C8DEE17696C6B441A062A49.jpg,,/product/esparguete-integral/5604260310975
1465,"Massa de letras, embalagem de 250g",5601286234773,11716,103,,Milaneza,,"3,16€/Kg","0,79€",https://cdn.intermarche.pt/pt/Content/images/boitmal/produit/zoom/B041072B3650057DB6CDC9523E22E29B.jpg,,/product/massa-de-letras-embalagem-de-250g/5601286234773
1453,"Massa para lasanha com ovo, embalagem de 500g",5601286207579,11716,103,,Milaneza,,"5,18€/Kg","2,59€",https://cdn.intermarche.pt/pt/Content/images/boitmal/produit/zoom/C99977C7BDC0B6A99195DC697FD6F8DE.jpg,,/product/massa-para-lasanha-com-ovo-embalagem-de-500g/5601286207579
43405,Espirais integrais,5604260310968,10456,10120,Embalagem de 500g,PorSi Viva Bem,,"2,38€/Kg","1,19€",https://cdn.intermarche.pt/pt/Content/images/boitmal/produit/zoom/7B14457947B085CBE91EF251589C349C.jpg,,/product/espirais-integrais/5604260310968
1117,"Linguini, embalagem de 500g",5601066301404,11716,103,,Nacional,,"3,38€/Kg","1,69€",https://cdn.intermarche.pt/pt/Content/images/boitmal/produit/zoom/5543DBB1F6781E2C307E0B4DE4206633.jpg,,/product/linguini-embalagem-de-500g/5601066301404
14726,"Farinha, embalagem de 400g",8711100080060,11717,103,,Maizena,,"6,23€/Kg","2,49€",https://cdn.intermarche.pt/pt/Content/images/boitmal/produit/zoom/B08373790D6917B03E052473E2AB175C.jpg,2024-11-27T23:59:59.999Z,/product/farinha-embalagem-de-400g/8711100080060
999,"Base para molho express, embalagem de 250g",5601038101001,11717,103,,Maizena,,"8,36€/Kg","2,09€",https://cdn.intermarche.pt/pt/Content/images/boitmal/produit/zoom/F22C9158930D65B4FBF9484059A48D90.jpg,2024-11-27T23:59:59.999Z,/product/base-para-molho-express-embalagem-de-250g/5601038101001
1011,"Farinha para bolos fina, embalagem de 1 kg",5601043111019,11717,103,,Branca de neve,,"1,59€/Kg","1,59€",https://cdn.intermarche.pt/pt/Content/images/boitmal/produit/zoom/1DCCFF4DF3445A90940BB809AEC25931.jpg,,/product/farinha-para-bolos-fina-embalagem-de-1-kg/5601043111019
42834,Farinha para bolos super fina,5604260309863,11717,103,Embalagem de 1 kg,PorSi,,"0,75€/Kg","0,75€",https://cdn.intermarche.pt/pt/Content/images/boitmal/produit/zoom/FD3452F80BD61250432F5A370A52ED55.jpg,,/product/farinha-para-bolos-super-fina/5604260309863
2514,"Puré de batata, embalagem de 250g",7613033739873,11717,103,,Maggi,,"11,96€/Kg","2,99€",https://cdn.intermarche.pt/pt/Content/images/boitmal/produit/zoom/E520E90232B763315D1FB976D27B9A50.jpg,,/product/pure-de-batata-embalagem-de-250g/7613033739873
42833,Farinha p/bolos fina 1k,5604260309856,11717,103,Embalagem de 1 kg,PorSi,,"0,79€/Kg","0,79€",https://cdn.intermarche.pt/pt/Content/images/boitmal/produit/zoom/9E814B73DFB6EB1E027C2E794E7B6A0F.jpg,,/product/farinha-p-ou-bolos-fina-1k/5604260309856
43852,Farinha trigo integral,5604260310524,10454,10120,Embalagem de 1 kg,PorSi Viva Bem,,"0,79€/Kg","0,79€",https://cdn.intermarche.pt/pt/Content/images/boitmal/produit/zoom/C27C1457CBAB6F218C7E478A2853E2F7.jpg,,/product/farinha-trigo-integral/5604260310524
1012,"Farinha para bolos super fina, embalagem de 1 kg",5601043111026,11717,103,,Branca de neve,,"1,89€/Kg","1,89€",https://cdn.intermarche.pt/pt/Content/images/boitmal/produit/zoom/69E1C041AAF495A8CA3A356AFD6DE7DA.jpg,,/product/farinha-para-bolos-super-fina-embalagem-de-1-kg/5601043111026
1103,"Farinha para pão integral, embalagem de 1 kg",5601066200295,11717,103,,Nacional,,"1,59€/Kg","1,59€",https://cdn.intermarche.pt/pt/Content/images/boitmal/produit/zoom/84A5ABD2534B1415D488E7BAA4D032E9.jpg,,/product/farinha-para-pao-integral-embalagem-de-1-kg/5601066200295
1925,Farinha de milho,5604260052943,11717,103,Embalagem de 500g,PorSi,,"1,38€/Kg","0,69€",https://cdn.intermarche.pt/pt/Content/images/boitmal/produit/zoom/1E196BB07702C43EDB1981AF01AE6816.jpg,,/product/farinha-de-milho/5604260052943
5119,Farinha p/ bolos extra fina,5601066200073,11717,103,Embalagem de 1 kg,Nacional,,"1,47€/Kg","1,47€",https://cdn.intermarche.pt/pt/Content/images/boitmal/produit/zoom/0B9B49E51908C76AC70076ED3709B8D2.jpg,,/product/farinha-p-ou-bolos-extra-fina/5601066200073
1104,"Farinha para bolos fina, embalagem de 1kg",5601066200301,11717,103,,Nacional,,"1,49€/Kg","1,49€",https://cdn.intermarche.pt/pt/Content/images/boitmal/produit/zoom/965F30777B80FEC78D369BAAC5FF5AF1.jpg,,/product/farinha-para-bolos-fina-embalagem-de-1kg/5601066200301
14227,"Farinha de milho, embalagem de 500g",5601043119015,11717,103,,Espiga,,"1,98€/Kg","0,99€",https://cdn.intermarche.pt/pt/Content/images/boitmal/produit/zoom/2CECFEB697CA3E5E6800E3DF8CBF754C.jpg,,/product/farinha-de-milho-embalagem-de-500g/5601043119015
38569,"Farinha de arroz, embalagem de 500g",5601043111385,11717,103,,Espiga,,"2,58€/Kg","1,29€",https://cdn.intermarche.pt/pt/Content/images/boitmal/produit/zoom/75BD610997C68B6F54D809273CB78786.jpg,,/product/farinha-de-arroz-embalagem-de-500g/5601043111385
51314,"Farinha de aveia integral, 800g",5601066200745,11717,103,,Nacional,,"2,49€/Kg","1,99€",https://cdn.intermarche.pt/pt/Content/images/boitmal/produit/zoom/7BFC76A233F08733B13E8A5C8E5BD775.jpg,,/product/farinha-de-aveia-integral-800g/5601066200745
33126,"Polvilho doce, 500g",5600741097038,11717,103,,Do Brasil,,"5,78€/Kg","2,89€",https://cdn.intermarche.pt/pt/Content/images/boitmal/produit/zoom/3477895395D0B16CFA52A7D2E631194E.jpg,,/product/polvilho-doce-500g/5600741097038
33391,"Farinha com cacau, embalagem de 250g",7613036525893,11717,103,,Pensal,,"9,96€/Kg","2,49€",https://cdn.intermarche.pt/pt/Content/images/boitmal/produit/zoom/1371F96643DB4EE5B173B8503868167E.jpg,,/product/farinha-com-cacau-embalagem-de-250g/7613036525893
44903,"Farinha preparada pão caseiro, 1kg",5601066200325,11717,103,,Nacional,,"2,49€/Kg","2,49€",https://cdn.intermarche.pt/pt/Content/images/boitmal/produit/zoom/08ECB9AB87C55875910F49FD10DE3510.jpg,,/product/farinha-preparada-pao-caseiro-1kg/5601066200325
33118,"Farinha de espelta integral, 500g",5601066200592,11717,103,,Nacional,,"3,98€/Kg","1,99€",https://cdn.intermarche.pt/pt/Content/images/boitmal/produit/zoom/451F426FF799F89F90BF60CB5E72119D.jpg,,/product/farinha-de-espelta-integral-500g/5601066200592
41215,Farinha de coco bio,5604260306442,11286,10119,Embalagem de 200 g,PorSi Bio,,"7,00€/Kg","1,40€",https://cdn.intermarche.pt/pt/Content/images/boitmal/produit/zoom/43A983760BFF1528885D67FFDE95D2BB.jpg,,/product/farinha-de-coco-bio/5604260306442
43872,Polvilho doce,5604260311835,11717,103,Embalagem de 500g,PorSi,,"4,98€/Kg","2,49€",https://cdn.intermarche.pt/pt/Content/images/boitmal/produit/zoom/836DF35C9BB71B2BC94B5C96641AA290.jpg,,/product/polvilho-doce/5604260311835
570,Puré de batata com leite,3250390006596,11717,103,Embalagem de 380g,Saint Eloi,,"7,87€/Kg","2,99€",https://cdn.intermarche.pt/pt/Content/images/boitmal/produit/zoom/44B09C132FA230D14364A6B983553697.jpg,,/product/pure-de-batata-com-leite/3250390006596
22762,"Farinha tempura, embalagem de 130g",5601043115314,11717,103,,Espiga,,"11,12€/Kg","1,39€",https://cdn.intermarche.pt/pt/Content/images/boitmal/produit/zoom/3FE0CCD54CF0D3645BC0EEF49A235C36.jpg,,/product/farinha-tempura-embalagem-de-130g/5601043115314
27267,"Farinha de centeio, embalagem de 500g",5601043111330,11717,103,,Espiga,,"2,98€/Kg","1,49€",https://cdn.intermarche.pt/pt/Content/images/boitmal/produit/zoom/C0A350D4AD17BA07FA6228A503C13F1E.jpg,,/product/farinha-de-centeio-embalagem-de-500g/5601043111330
41303,"Sêmola de milho espiga, embalagem de 500g",5601043119022,11717,103,,Espiga,,"1,98€/Kg","0,99€",https://cdn.intermarche.pt/pt/Content/images/boitmal/produit/zoom/074C7EAC1486C720B8B23F34CA57168D.jpg,,/product/semola-de-milho-espiga-embalagem-de-500g/5601043119022
43871,Polvilho azedo,5604260311828,11717,103,Embalagem de 500g,PorSi,,"5,18€/Kg","2,59€",https://cdn.intermarche.pt/pt/Content/images/boitmal/produit/zoom/6B6BFE91C3D6E2CDAE73BFCBA0BA4413.jpg,,/product/polvilho-azedo/5604260311828
10022,Farinha s/ glúten p/ pão,8008698004845,11717,103,Embalagem de 1 kg,Schar,,"4,99€/Kg","4,99€",https://cdn.intermarche.pt/pt/Content/images/boitmal/produit/zoom/5C2F53FB27EFE0257BC8CED47621B0C9.jpg,,/product/farinha-s-ou-gluten-p-ou-pao/8008698004845
11476,"Farinha integral, embalagem de 500g",5601043111323,11717,103,,Espiga,,"2,38€/Kg","1,19€",https://cdn.intermarche.pt/pt/Content/images/boitmal/produit/zoom/5D05B849CA551EB95F575DE626BC7A61.jpg,,/product/farinha-integral-embalagem-de-500g/5601043111323
28270,"Sêmola de trigo espiga, embalagem de 250g",5601043111408,11717,103,,Espiga,,"5,16€/Kg","1,29€",https://cdn.intermarche.pt/pt/Content/images/boitmal/produit/zoom/2613F1B96907119D324D52C84D3A17CD.jpg,,/product/semola-de-trigo-espiga-embalagem-de-250g/5601043111408
33125,"Polvilho azedo, 500g",5600741097045,11717,103,,Do Brasil,,"5,78€/Kg","2,89€",https://cdn.intermarche.pt/pt/Content/images/boitmal/produit/zoom/6D08E9241040174C1CFB389F3E238C3D.jpg,,/product/polvilho-azedo-500g/5600741097045
39200,"Farinha de aveia, 400g",5601557050224,11717,103,,Salutem,,"2,98€/Kg","1,19€",https://cdn.intermarche.pt/pt/Content/images/boitmal/produit/zoom/5BEAEFB6D1E857B484C712AADF576F84.jpg,,/product/farinha-de-aveia-400g/5601557050224
41211,Farinha de arroz bio,5604260306428,11286,10119,Embalagem de 200 g,PorSi Bio,,"7,95€/Kg","1,59€",https://cdn.intermarche.pt/pt/Content/images/boitmal/produit/zoom/793BD6B79A2C9CD559C2486FDDF6215E.jpg,,/product/farinha-de-arroz-bio/5604260306428
48760,"Farinha de coco bio, 200g",5601557061510,11286,10119,,Salutem,,"6,95€/Kg","1,39€",https://cdn.intermarche.pt/pt/Content/images/boitmal/produit/zoom/BF1F823DC7CB693CE4B5C8F3C0AA21B9.jpg,,/product/farinha-de-coco-bio-200g/5601557061510
1107,"Farinha para pão vitale, embalagem de 1 kg",5601066200349,11717,103,,Nacional,,"2,79€/Kg","2,79€",https://cdn.intermarche.pt/pt/Content/images/boitmal/produit/zoom/A28899CC4008E09ED9DEDBA6794BCA0D.jpg,,/product/farinha-para-pao-vitale-embalagem-de-1-kg/5601066200349
29089,"Farinha sem glúten, 500g",5601066200547,11717,103,,Nacional,,"6,58€/Kg","3,29€",https://cdn.intermarche.pt/pt/Content/images/boitmal/produit/zoom/8AA6B69997F49D1B5868010C40B4FFBB.jpg,,/product/farinha-sem-gluten-500g/5601066200547
38920,"Farinha de linhaça castanha, 200g",5601557048467,11717,103,,Salutem,,"8,45€/Kg","1,69€",https://cdn.intermarche.pt/pt/Content/images/boitmal/produit/zoom/FDA6B781F5DB49A19DE6D9168E4E68AD.jpg,,/product/farinha-de-linhaca-castanha-200g/5601557048467
38921,"Farinha de linhaça amarela, 200g",5601557048498,11717,103,,Salutem,,"9,95€/Kg","1,99€",https://cdn.intermarche.pt/pt/Content/images/boitmal/produit/zoom/6E83AEFB0CEEF051B8E0CDB68DDB75F1.jpg,,/product/farinha-de-linhaca-amarela-200g/5601557048498
39156,"Farinha de milho, 500g",5601557045268,11717,103,,Salutem,,"2,38€/Kg","1,19€",https://cdn.intermarche.pt/pt/Content/images/boitmal/produit/zoom/E11DEE29391AAE7498AB1E62DA9AC5FF.jpg,,/product/farinha-de-milho-500g/5601557045268
39320,"Farelo de trigo, 400g",5601557002889,11717,103,,Salutem,,"2,73€/Kg","1,09€",https://cdn.intermarche.pt/pt/Content/images/boitmal/produit/zoom/22FF1E05F8616BF94A639BEF9275C9D3.jpg,,/product/farelo-de-trigo-400g/5601557002889
39321,"Farinha de trigo integral, 500g",5601557002971,11717,103,,Salutem,,"2,38€/Kg","1,19€",https://cdn.intermarche.pt/pt/Content/images/boitmal/produit/zoom/43D6F0D44834CB853F704724F0FC653D.jpg,,/product/farinha-de-trigo-integral-500g/5601557002971
1413,"Azeite subtil, garrafa de 750 ml",5601252106615,11718,104,,Gallo,,"9,32€/L","6,99€",https://cdn.intermarche.pt/pt/Content/images/boitmal/produit/zoom/AE7B71F484D168C6B66987F1FFF6801B.jpg,2024-11-27T23:59:59.999Z,/product/azeite-subtil-garrafa-de-750-ml/5601252106615
1414,"Azeite virgem delicado, garrafa de 750 ml",5601252106639,11718,104,,Gallo,,"9,99€/L","7,49€",https://cdn.intermarche.pt/pt/Content/images/boitmal/produit/zoom/14892E13E5F7C3707D2EB967992642D1.jpg,2024-11-27T23:59:59.999Z,/product/azeite-virgem-delicado-garrafa-de-750-ml/5601252106639
15962,"Azeite virgem extra clássico, garrafa de 250 ml",5601252107056,11718,104,,Gallo,,"12,76€/L","3,19€",https://cdn.intermarche.pt/pt/Content/images/boitmal/produit/zoom/CAFA94A66BB654B7BFA9F27383C3910F.jpg,2024-11-27T23:59:59.999Z,/product/azeite-virgem-extra-classico-garrafa-de-250-ml/5601252107056
1415,"Azeite virgem extra clássico, garrafa de 750 ml",5601252106653,11718,104,,Gallo,,"11,32€/L","8,49€",https://cdn.intermarche.pt/pt/Content/images/boitmal/produit/zoom/F2C4BC4634F83729E0730377FAB3AF0A.jpg,2024-11-27T23:59:59.999Z,/product/azeite-virgem-extra-classico-garrafa-de-750-ml/5601252106653
1417,"Azeite virgem extra reserva, garrafa de 750 ml",5601252106714,11718,104,,Gallo,,"11,99€/L","8,99€",https://cdn.intermarche.pt/pt/Content/images/boitmal/produit/zoom/149BABDAB6F17E1F0D1FAF4FB1E94478.jpg,2024-11-27T23:59:59.999Z,/product/azeite-virgem-extra-reserva-garrafa-de-750-ml/5601252106714
23479,"Azeite virgem extra gourmet, garrafa de 750 ml",5601252112593,11718,104,,Gallo,,"10,65€/L","7,99€",https://cdn.intermarche.pt/pt/Content/images/boitmal/produit/zoom/809941771CA6AC4D9EA16D139152DA96.jpg,2024-11-27T23:59:59.999Z,/product/azeite-virgem-extra-gourmet-garrafa-de-750-ml/5601252112593
1416,"Azeite virgem extra suave, garrafa de 750 ml",5601252106677,11718,104,,Gallo,,"11,32€/L","8,49€",https://cdn.intermarche.pt/pt/Content/images/boitmal/produit/zoom/77C9A62107A09EC724F333FEC2B8E2C1.jpg,2024-11-27T23:59:59.999Z,/product/azeite-virgem-extra-suave-garrafa-de-750-ml/5601252106677
1418,"Azeite subtil, garrafa de 2 l",5601252106899,11718,104,,Gallo,,"9,00€/L","17,99€",https://cdn.intermarche.pt/pt/Content/images/boitmal/produit/zoom/B0030A54E145E7ABE49080D450AAD26E.jpg,2024-11-27T23:59:59.999Z,/product/azeite-subtil-garrafa-de-2-l/5601252106899
46203,"Azeite virgem extra clássico, 3 litros",5601252106950,11718,104,,Gallo,,"10,66€/L","31,99€",https://cdn.intermarche.pt/pt/Content/images/boitmal/produit/zoom/A2D74D402F96E3B7D85C27C3601E0BBB.jpg,2024-11-27T23:59:59.999Z,/product/azeite-virgem-extra-classico-3-litros/5601252106950
51572,Azeite virgem extra,5604260327966,11718,104,Garrafa de 750 ml,PorSi,,"8,47€/L","6,35€",https://cdn.intermarche.pt/pt/Content/images/boitmal/produit/zoom/AC740C8B03C58C895BBDE8FC6044BE3A.jpg,,/product/azeite-virgem-extra/5604260327966
51718,Azeite,5604260327911,11718,104,Garrafa de 750 ml,PorSi,,"7,32€/L","5,49€",https://cdn.intermarche.pt/pt/Content/images/boitmal/produit/zoom/4E6DA2412046B618445545B7B8D341A8.jpg,,/product/azeite/5604260327911
43341,Azeite virgem extra não filtrado,5604260311859,11718,104,Garrafa de 500 ml,PorSi Select,,"11,98€/L","5,99€",https://cdn.intermarche.pt/pt/Content/images/boitmal/produit/zoom/9BAD2F6815A20221781EEB72790AA05D.jpg,,/product/azeite-virgem-extra-nao-filtrado/5604260311859
51573,Azeite virgem,5604260327980,11718,104,Garrafa de 750 ml,PorSi,,"7,93€/L","5,95€",https://cdn.intermarche.pt/pt/Content/images/boitmal/produit/zoom/9A840A77BE9455BCDA776FF0863DDB23.jpg,,/product/azeite-virgem/5604260327980
977,"Azeite virgem extra seleção ouro, garrafa de 750 ml",5601024124052,11718,104,,Oliveira da Serra,,"17,32€/L","12,99€",https://cdn.intermarche.pt/pt/Content/images/boitmal/produit/zoom/C1949CA33BBB7B540392F14948B1D8BF.jpg,,/product/azeite-virgem-extra-selecao-ouro-garrafa-de-750-ml/5601024124052
978,Azeite,5601024134136,11718,104,Embalagem de 750 ml,Oliveira da Serra,,"9,05€/L","6,79€",https://cdn.intermarche.pt/pt/Content/images/boitmal/produit/zoom/4618FCD27F27BDBAA8CF1CDC30F2EFF5.jpg,,/product/azeite/5601024134136
980,Azeite virgem extra clássico,5601024134488,11718,104,Embalagem de 750 ml,Oliveira da Serra,,"10,92€/L","8,19€",https://cdn.intermarche.pt/pt/Content/images/boitmal/produit/zoom/01EF39EFE8396CC9ACA95DC25E9D3412.jpg,,/product/azeite-virgem-extra-classico/5601024134488
35162,Azeite,5604260286003,11718,104,Garrafa de 3 litros,PorSi,,"7,23€/L","21,69€",https://cdn.intermarche.pt/pt/Content/images/boitmal/produit/zoom/E7DAA211DD8E7194E86146A026817DCB.jpg,,/product/azeite/5604260286003
14189,Azeite virgem extra dop trás-os-montes,5604260266647,11718,104,Embalagem 750 ml,PorSi Select,,"11,99€/L","8,99€",https://cdn.intermarche.pt/pt/Content/images/boitmal/produit/zoom/A318A8BF94FFFDF23F51251DD8E4F5C8.jpg,,/product/azeite-virgem-extra-dop-tras-os-montes/5604260266647
979,Azeite Virgem,5601024134471,11718,104,Embalagem de 750 ml,Oliveira da Serra,,"9,72€/L","7,29€",https://cdn.intermarche.pt/pt/Content/images/boitmal/produit/zoom/32A5EFAE1A78DF80856528FEA48BA60C.jpg,,/product/azeite-virgem/5601024134471
1383,"Azeite tradição, embalagem 3l",5601175103173,11718,104,,Oliveira da Serra,,"5,66€/L","16,99€",https://cdn.intermarche.pt/pt/Content/images/boitmal/produit/zoom/5E0D005BAEBDB53CB4A9D6251C17079C.jpg,,/product/azeite-tradicao-embalagem-3l/5601175103173
972,"Azeite extra virgem, azeitonas verdes, garrafa de 750 ml",5601024030056,11718,104,,Oliveira da Serra,,"15,99€/L","11,99€",https://cdn.intermarche.pt/pt/Content/images/boitmal/produit/zoom/F81E60325884A50540DA24AAB5A050E8.jpg,,/product/azeite-extra-virgem-azeitonas-verdes-garrafa-de-750-ml/5601024030056
14228,"Azeite virgem extra dop moura, embalagem de 0.75l",5604260265695,11718,104,,PorSi Select,,"11,99€/L","8,99€",https://cdn.intermarche.pt/pt/Content/images/boitmal/produit/zoom/AA56F29A44C9060365F75D9E8BF902D5.jpg,,/product/azeite-virgem-extra-dop-moura-embalagem-de-0.75l/5604260265695
6006,Azeite virgem extra,5605263200324,11718,104,Garrafa de 750 ml,Ouro d'Elvas,,"11,99€/L","8,99€",https://cdn.intermarche.pt/pt/Content/images/boitmal/produit/zoom/37E5A2CB950578EABB849C106411895F.jpg,,/product/azeite-virgem-extra/5605263200324
5991,Azeite virgem extra,5605263200317,11718,104,Garrafa de 3 l,Ouro d'Elvas,,"13,33€/L","39,99€",https://cdn.intermarche.pt/pt/Content/images/boitmal/produit/zoom/A33E5DFABC4415DEFE1C8AB88A7D36C5.jpg,,/product/azeite-virgem-extra/5605263200317
30072,"Azeite virgem extra bio frutado, garrafa de 750 ml",5601252115938,11292,10119,,Gallo,,"18,12€/L","13,59€",https://cdn.intermarche.pt/pt/Content/images/boitmal/produit/zoom/3B47F5D51BAF212EB201B2A18EEEDC00.jpg,,/product/azeite-virgem-extra-bio-frutado-garrafa-de-750-ml/5601252115938
9117,"Azeite virgem extra, garrafa de 750 ml",5601989003102,11718,104,,Herdade do Esporão,,"21,32€/L","15,99€",https://cdn.intermarche.pt/pt/Content/images/boitmal/produit/zoom/2BE03F6A8C86F9F97F6EB90011DC203D.jpg,,/product/azeite-virgem-extra-garrafa-de-750-ml/5601989003102
974,Óleo alimentar,5601024105051,11719,104,Embalagem 3L,Fula,,"1,95€/L","5,85€",https://cdn.intermarche.pt/pt/Content/images/boitmal/produit/zoom/E8988831656F5EAF04A94786E82867B7.jpg,2024-11-27T23:59:59.999Z,/product/oleo-alimentar/5601024105051
973,Óleo alimentar,5601024105020,11719,104,Embalagem 1L,Fula,,"2,02€/L","2,02€",https://cdn.intermarche.pt/pt/Content/images/boitmal/produit/zoom/82D3E88293E42CC5B178C569AA9B57E6.jpg,,/product/oleo-alimentar/5601024105020
48083,Oleo alimentar,5604260323135,11719,104,Garrafa de 1 l,PorSi,,"1,49€/L","1,49€",https://cdn.intermarche.pt/pt/Content/images/boitmal/produit/zoom/8B2EE5D82D8A9168ABD059EAAC852768.jpg,,/product/oleo-alimentar/5604260323135
36505,Óleo de girassol,5604260294732,11719,104,garrafa de 1 litro,PorSi,,"1,59€/L","1,59€",https://cdn.intermarche.pt/pt/Content/images/boitmal/produit/zoom/257F9C42CAC6C3F6DAD6ED1BB404F8EE.jpg,,/product/oleo-de-girassol/5604260294732
23605,Óleo especial fritura,5601024335182,11719,104,Garrafa de 1 l,Fula,,"1,89€/L","1,89€",https://cdn.intermarche.pt/pt/Content/images/boitmal/produit/zoom/904C48485A06D666EC40853982F33E55.jpg,,/product/oleo-especial-fritura/5601024335182
26617,"Óleo de coco extra virgem, garrafa de 180 ml",5603697270272,11719,104,,Koala,,"18,28€/L","3,29€",https://cdn.intermarche.pt/pt/Content/images/boitmal/produit/zoom/1CF04D28B21A5CF58939B4BB71F15938.jpg,,/product/oleo-de-coco-extra-virgem-garrafa-de-180-ml/5603697270272
40741,"Óleo de girassol, garrafa de 3 litros",5604260302918,11719,104,,PorSi,,"1,50€/L","4,49€",https://cdn.intermarche.pt/pt/Content/images/boitmal/produit/zoom/F8F2282166953BFE9B7A3B071CD9B3CE.jpg,,/product/oleo-de-girassol-garrafa-de-3-litros/5604260302918
22132,Óleo alimentar,5604260323159,11719,104,Garrafa de 5 l,PorSi,,"1,38€/L","6,90€",https://cdn.intermarche.pt/pt/Content/images/boitmal/produit/zoom/89C480738FD65AA5C62889B8D6CE8915.jpg,,/product/oleo-alimentar/5604260323159
26290,Óleo extra virgem de coco,5608394421019,11719,104,Garrafa de 200 ml,Origens Bio,,"17,95€/L","3,59€",https://cdn.intermarche.pt/pt/Content/images/boitmal/produit/zoom/D356DEE63D631D16D80616961CF68DA9.jpg,,/product/oleo-extra-virgem-de-coco/5608394421019
2185,Vinagre de fruta,5604260263998,11720,104,Embalagem de 500 ml,PorSi,,"0,98€/L","0,49€",https://cdn.intermarche.pt/pt/Content/images/boitmal/produit/zoom/E6EB3FDE2B7E28323D07458AE0EA26C4.jpg,,/product/vinagre-de-fruta/5604260263998
8808,"Vinagre vinho branco, garrafa 250ml",5601252107094,11720,104,,Gallo,,"4,76€/L","1,19€",https://cdn.intermarche.pt/pt/Content/images/boitmal/produit/zoom/86233C156105BC4DB5DB2B825F1FC1C0.jpg,2024-11-27T23:59:59.999Z,/product/vinagre-vinho-branco-garrafa-250ml/5601252107094
1420,"Vinagre balsâmico modena, garrafa de 250 ml",5601252107131,11720,104,,Gallo,,"6,36€/L","1,59€",https://cdn.intermarche.pt/pt/Content/images/boitmal/produit/zoom/CFFAABA356A1FEBBDE1686B6D03B7362.jpg,2024-11-27T23:59:59.999Z,/product/vinagre-balsamico-modena-garrafa-de-250-ml/5601252107131
19558,"Vinagre balsâmico modena, 500 ml",5601252113583,11720,104,,Gallo,,"5,98€/L","2,99€",https://cdn.intermarche.pt/pt/Content/images/boitmal/produit/zoom/0D177D349712420705E74C1ECF332232.jpg,2024-11-27T23:59:59.999Z,/product/vinagre-balsamico-modena-500-ml/5601252113583
26476,"Vinagre balsâmico de modena gourmet, 250 ml",5601252115105,11720,104,,Gallo,,"9,16€/L","2,29€",https://cdn.intermarche.pt/pt/Content/images/boitmal/produit/zoom/13194F8798F147A6A089D1E0D94D03CC.jpg,2024-11-27T23:59:59.999Z,/product/vinagre-balsamico-de-modena-gourmet-250-ml/5601252115105
26475,"Vinagre balsâmico sidra, 250 ml",5601252115211,11720,104,,Gallo,,"7,96€/L","1,99€",https://cdn.intermarche.pt/pt/Content/images/boitmal/produit/zoom/C88E39F6F7D009CCC3A6C8AE0ADDADDE.jpg,2024-11-27T23:59:59.999Z,/product/vinagre-balsamico-sidra-250-ml/5601252115211
5387,"Vinagre vinho tinto, garrafa 250ml",5601252107117,11720,104,,Gallo,,"4,76€/L","1,19€",https://cdn.intermarche.pt/pt/Content/images/boitmal/produit/zoom/2B8A6AE870DD9F36A6772B08A6EA5658.jpg,2024-11-27T23:59:59.999Z,/product/vinagre-vinho-tinto-garrafa-250ml/5601252107117
8809,"Vinagre sidra, 250ml",5601252107179,11720,104,,Gallo,,"6,36€/L","1,59€",https://cdn.intermarche.pt/pt/Content/images/boitmal/produit/zoom/29CFC4BAC1385878FA06A6A385C70C3C.jpg,2024-11-27T23:59:59.999Z,/product/vinagre-sidra-250ml/5601252107179
15964,"Vinagre balsâmico branco, de 250 ml",5601252110803,11720,104,,Gallo,,"7,32€/L","1,83€",https://cdn.intermarche.pt/pt/Content/images/boitmal/produit/zoom/A47350A404BC4DE8B5D510984F83F3CB.jpg,2024-11-27T23:59:59.999Z,/product/vinagre-balsamico-branco-de-250-ml/5601252110803
26478,"Vinagre balsâmico rosé, garrafa de 250 ml",5601252115143,11720,104,,Gallo,,"7,96€/L","1,99€",https://cdn.intermarche.pt/pt/Content/images/boitmal/produit/zoom/791DE2E9E5C878BB270841042892CEC6.jpg,2024-11-27T23:59:59.999Z,/product/vinagre-balsamico-rose-garrafa-de-250-ml/5601252115143
2184,Vinagre de vinho branco,5604260263967,11720,104,Garrafa de 1 l,PorSi,,"0,55€/L","0,55€",https://cdn.intermarche.pt/pt/Content/images/boitmal/produit/zoom/AFF4824E98F7C19A958842702442B997.jpg,,/product/vinagre-de-vinho-branco/5604260263967
2004,Vinagre balsâmico,5604260095483,11720,104,Embalagem de 250 ml,PorSi,,"5,16€/L","1,29€",https://cdn.intermarche.pt/pt/Content/images/boitmal/produit/zoom/719E26430944A4AA34B395BA630E24BD.jpg,,/product/vinagre-balsamico/5604260095483
31425,"Vinagre de maçã, garrafa de 500 ml",5604321020492,11720,104,,Cemporcento,,"3,98€/L","1,99€",https://cdn.intermarche.pt/pt/Content/images/boitmal/produit/zoom/E9A8B37FB79C6582CC733632EFB31DE6.jpg,,/product/vinagre-de-maca-garrafa-de-500-ml/5604321020492
43333,Bio vinagre vinho branco,5604260308729,11292,10119,Garrafa de 500 ml,PorSi Bio,,"1,98€/L","0,99€",https://cdn.intermarche.pt/pt/Content/images/boitmal/produit/zoom/9F0D2DC6C25473499C02737F373A810D.jpg,,/product/bio-vinagre-vinho-branco/5604260308729
36921,Vinagre de sidra,5604260296453,11720,104,500 ml,PorSi,,"0,66€/L","0,33€",https://cdn.intermarche.pt/pt/Content/images/boitmal/produit/zoom/45480E16CD86426590D937BD66699766.jpg,,/product/vinagre-de-sidra/5604260296453
1792,Vinagre de vinho tinto,5604260010424,11720,104,Garrafa de 500 ml,PorSi,,"0,98€/L","0,49€",https://cdn.intermarche.pt/pt/Content/images/boitmal/produit/zoom/E0953B15C0E07D7B1DF1F3870EC254A8.jpg,,/product/vinagre-de-vinho-tinto/5604260010424
1793,Vinagre vinho branco,5604260010431,11720,104,Garrafa de 500 ml,PorSi,,"0,98€/L","0,49€",https://cdn.intermarche.pt/pt/Content/images/boitmal/produit/zoom/5CF13E06AE9DB0CC1A559061B1655DCF.jpg,,/product/vinagre-vinho-branco/5604260010431
18842,"Vinagre vinho branco 500ml, garrafa de 500 ml",5601070000508,11720,104,,Cristal,,"3,18€/L","1,59€",https://cdn.intermarche.pt/pt/Content/images/boitmal/produit/zoom/9B1BDF2A3E3E9679D43CD22EA6D9C158.jpg,,/product/vinagre-vinho-branco-500ml-garrafa-de-500-ml/5601070000508
20512,"Vinagre de sidra, garrafa de 500 ml",5601070000539,11720,104,,Cristal,,"3,18€/L","1,59€",https://cdn.intermarche.pt/pt/Content/images/boitmal/produit/zoom/9D9C0ABCCB2F9B4978C4235B9D5FED76.jpg,,/product/vinagre-de-sidra-garrafa-de-500-ml/5601070000539
1552,"Vinagre balsâmico, spray",5601517181104,11720,104,Garrafa de 250 ml,Paladin,,"7,96€/L","1,99€",https://cdn.intermarche.pt/pt/Content/images/boitmal/produit/zoom/45E1C27CE51B4948E7636A8A9A4FA5EF.jpg,,/product/vinagre-balsamico-spray/5601517181104
39539,"Vinagre de sidra biológica 5%, garrafa de 500 ml",5607552295387,11292,10119,,Cristal,,"3,78€/L","1,89€",https://cdn.intermarche.pt/pt/Content/images/boitmal/produit/zoom/B1CEECEA2256524B647A2B852DC8C733.jpg,,/product/vinagre-de-sidra-biologica-5%25-garrafa-de-500-ml/5607552295387
36632,Vinagre gourmet tinto,5601070002656,11720,104,Garrafa de 250 ml,Cristal,,"3,96€/L","0,99€",https://cdn.intermarche.pt/pt/Content/images/boitmal/produit/zoom/91A214C1DEF539FD51D0BBCBE3B3638C.jpg,,/product/vinagre-gourmet-tinto/5601070002656
18841,"Vinagre de vinho tinto, garrafa de 500 ml",5601070000140,11720,104,,Cristal,,"3,18€/L","1,59€",https://cdn.intermarche.pt/pt/Content/images/boitmal/produit/zoom/820B9B96763D488F8769DF898A95AD3D.jpg,,/product/vinagre-de-vinho-tinto-garrafa-de-500-ml/5601070000140
20509,Vinagre vinho branco 250ml,5601070000041,11720,104,Garrafa de 250 ml,Cristal,,"3,96€/L","0,99€",https://cdn.intermarche.pt/pt/Content/images/boitmal/produit/zoom/063A2CDB2835EC7F5F87C68C3279429D.jpg,,/product/vinagre-vinho-branco-250ml/5601070000041
34580,Vinagre balsâmico de modena gourmet,5601070002755,11720,104,Garrafa de 250 ml,Cristal,,"17,96€/L","4,49€",https://cdn.intermarche.pt/pt/Content/images/boitmal/produit/zoom/F7DFA6D89871633C3ADF61FE903373E3.jpg,,/product/vinagre-balsamico-de-modena-gourmet/5601070002755
43499,Vinagre balsâmico bio,5604260308736,11292,10119,Garrafa de 250 ml,PorSi Bio,,"9,96€/L","2,49€",https://cdn.intermarche.pt/pt/Content/images/boitmal/produit/zoom/D59FA257A12C0983492B30C26BD50CBF.jpg,,/product/vinagre-balsamico-bio/5604260308736
47070,Vinagre marmelos portugueses 5% gourmet,5607552295868,11720,104,Garrafa de 250 ml,Cristal,,"11,96€/L","2,99€",https://cdn.intermarche.pt/pt/Content/images/boitmal/produit/zoom/13F4773C11BF7A54E06E0EE245F4C44B.jpg,,/product/vinagre-marmelos-portugueses-5%25-gourmet/5607552295868
47996,Vinagre sidra de maçã bio 5% gourmet,5607552295332,11720,104,Garrafa de 250 ml,Cristal,,"11,16€/L","2,79€",https://cdn.intermarche.pt/pt/Content/images/boitmal/produit/zoom/F3B21E7A9457435D0EFA60234365D5CF.jpg,,/product/vinagre-sidra-de-maca-bio-5%25-gourmet/5607552295332
300,Molho picante,11210000889,11721,105,Garrafa de 60 ml,Tabasco,,"39,50€/L","2,37€",https://cdn.intermarche.pt/pt/Content/images/boitmal/produit/zoom/5ABEEBB580D00ACED93482A5C5D5A8F5.jpg,2024-11-27T23:59:59.999Z,/product/molho-picante/0011210000889
49984,"Molho teriyaki bbq com mel, 250 ml",8715035310308,11721,105,,Kikkoman,,"14,20€/L","3,55€",https://cdn.intermarche.pt/pt/Content/images/boitmal/produit/zoom/32CC166B971F2E60507064D4C6C70958.jpg,2024-11-27T23:59:59.999Z,/product/molho-teriyaki-bbq-com-mel-250-ml/8715035310308
49985,"Molho teriyaki alho torrado, 250 ml",8715035270305,11721,105,,Kikkoman,,"14,60€/L","3,65€",https://cdn.intermarche.pt/pt/Content/images/boitmal/produit/zoom/438DF712DD147A72C13A26103EED7D02.jpg,2024-11-27T23:59:59.999Z,/product/molho-teriyaki-alho-torrado-250-ml/8715035270305
49986,"Molho de soja doce, garrafa de 250 ml",8715035220300,11721,105,,Kikkoman,,"12,60€/L","3,15€",https://cdn.intermarche.pt/pt/Content/images/boitmal/produit/zoom/8A307B6180295A59D182CCAD59BFADAA.jpg,2024-11-27T23:59:59.999Z,/product/molho-de-soja-doce-garrafa-de-250-ml/8715035220300
43873,Molho piripiri,5604260311866,11721,105,Garrafa de 180 ml,PorSi,,"1,89€/L","0,34€",https://cdn.intermarche.pt/pt/Content/images/boitmal/produit/zoom/6A304EC7F349ACAB44A54B896E4299EE.jpg,,/product/molho-piripiri/5604260311866
2335,Molho de soja,5604260274000,11721,105,Embalagem de 200 ml,PorSi,,"4,45€/L","0,89€",https://cdn.intermarche.pt/pt/Content/images/boitmal/produit/zoom/604BB20A2922CB2F333415774092B868.jpg,,/product/molho-de-soja/5604260274000
386,"Molho mad chips top down, embalagem de 260g",8712100479298,11721,105,,Calvé,,"11,50€/Kg","2,99€",https://cdn.intermarche.pt/pt/Content/images/boitmal/produit/zoom/2AC7B1BC6056929199259BC3C52D7157.jpg,,/product/molho-mad-chips-top-down-embalagem-de-260g/8712100479298
42576,Molho bechamel,5604260304615,11721,105,Embalagem de 200g,PorSi,,"4,95€/Kg","0,99€",https://cdn.intermarche.pt/pt/Content/images/boitmal/produit/zoom/E18A8FCBDAEC93751AFBF1CA823312C2.jpg,,/product/molho-bechamel/5604260304615
38761,"Molho para saltear teriyaki blue dragon, embalagem de 120g",5010338200077,11721,105,,Bluedragon,,"19,08€/Kg","2,29€",https://cdn.intermarche.pt/pt/Content/images/boitmal/produit/zoom/5BFCE01E7C84396927A68B4665058F55.jpg,,/product/molho-para-saltear-teriyaki-blue-dragon-embalagem-de-120g/5010338200077
43744,Molho cesar,5604260310272,11721,105,Embalagem de 288g,PorSi,,"5,38€/Kg","1,55€",https://cdn.intermarche.pt/pt/Content/images/boitmal/produit/zoom/8DD3EC9719BD69E3EA2848851D07A720.jpg,,/product/molho-cesar/5604260310272
43863,Molho de alho,5604260310289,11721,105,Embalagem de 287g,PorSi,,"5,05€/Kg","1,45€",https://cdn.intermarche.pt/pt/Content/images/boitmal/produit/zoom/E39AB14D88072D4C2C40115DE58B44CE.jpg,,/product/molho-de-alho/5604260310289
46279,Molho bolonhesa,5604260314027,11721,105,frasco de 420 g,PorSi,,"4,50€/Kg","1,89€",https://cdn.intermarche.pt/pt/Content/images/boitmal/produit/zoom/F0D5F214D198F86410394A8E67ADD26B.jpg,,/product/molho-bolonhesa/5604260314027
47038,"Molho para saltear agridoce blue dragon, embalagem de 120g",5010338200039,11721,105,,Bluedragon,,"19,08€/Kg","2,29€",https://cdn.intermarche.pt/pt/Content/images/boitmal/produit/zoom/5E1C2823F4532D72396C5C9CA0DC0C44.jpg,,/product/molho-para-saltear-agridoce-blue-dragon-embalagem-de-120g/5010338200039
48192,Molho tomate com azeitonas,5604260319428,11721,105,Frasco de 420g,PorSi,,"4,17€/Kg","1,75€",https://cdn.intermarche.pt/pt/Content/images/boitmal/produit/zoom/E5823D2A698204A8373CC0F4C34BD274.jpg,,/product/molho-tomate-com-azeitonas/5604260319428
49302,"Molho hot chicken, embalagem de 266g",8720182379092,11721,105,,Calvé,,"11,24€/Kg","2,99€",https://cdn.intermarche.pt/pt/Content/images/boitmal/produit/zoom/C7A938CE7B8824AD204E1FC31D6DF9E4.jpg,,/product/molho-hot-chicken-embalagem-de-266g/8720182379092
52995,"Molho bolonhesa, 350g",5601019005960,11721,105,,Guloso,,"14,14€/Kg","4,95€",https://cdn.intermarche.pt/pt/Content/images/boitmal/produit/zoom/0B174D4F8D03C427A0573F85EFA88129.jpg,,/product/molho-bolonhesa-350g/5601019005960
46326,Molho tomate com manjericão,5604260314041,11721,105,frasco de 420 g,PorSi,,"4,02€/Kg","1,69€",https://cdn.intermarche.pt/pt/Content/images/boitmal/produit/zoom/D4D678FA407A415CD8971A55E18A66B8.jpg,,/product/molho-tomate-com-manjericao/5604260314041
43866,Molho barbecue,5604260310555,11721,105,Garrafa de 285 ml,PorSi,,"4,74€/L","1,35€",https://cdn.intermarche.pt/pt/Content/images/boitmal/produit/zoom/201A174F029CAD9F5E0CCF55799F4C3B.jpg,,/product/molho-barbecue/5604260310555
46327,Molho para pizza,5604260314034,11721,105,frasco de 420 g,PorSi,,"4,02€/Kg","1,69€",https://cdn.intermarche.pt/pt/Content/images/boitmal/produit/zoom/CFBEE794B65CE7E18388862CD2957766.jpg,,/product/molho-para-pizza/5604260314034
1331,"Molho de alho, embalagem de 260g",5601165006255,11721,105,,Calvé,,"11,54€/Kg","2,99€",https://cdn.intermarche.pt/pt/Content/images/boitmal/produit/zoom/089B1CAB7287353404366CB7226AD30F.jpg,,/product/molho-de-alho-embalagem-de-260g/5601165006255
43875,Creme à base de vinagre balsâmico de modena,5604260313082,11721,105,Garrafa de 250 ml,PorSi Select,,"6,76€/L","1,69€",https://cdn.intermarche.pt/pt/Content/images/boitmal/produit/zoom/3F700E309B4336894E622FC9ED22B42C.jpg,,/product/creme-a-base-de-vinagre-balsamico-de-modena/5604260313082
1337,"Piri piri, 50 ml",5601165100786,11721,105,,Calvé,,"51,80€/L","2,59€",https://cdn.intermarche.pt/pt/Content/images/boitmal/produit/zoom/008C8E9F15AC26570DA04227E6BC4B56.jpg,,/product/piri-piri-50-ml/5601165100786
2288,Molho 4 pimentas,5604260270279,11721,105,Embalagem de 120 ml,PorSi,,"8,25€/L","0,99€",https://cdn.intermarche.pt/pt/Content/images/boitmal/produit/zoom/620186A4966E9396BEDEB2D3B37982A2.jpg,,/product/molho-4-pimentas/5604260270279
33127,"Molho pesto ponti, 135 g",8001010033721,11721,105,,Ponti,,"25,11€/Kg","3,39€",https://cdn.intermarche.pt/pt/Content/images/boitmal/produit/zoom/F4B4042E9E40B9E398D32759CA139CC2.jpg,,/product/molho-pesto-ponti-135-g/8001010033721
42174,Molho iogurte,5604260305872,11721,105,Garrafa de 285 ml,PorSi,,"5,23€/L","1,49€",https://cdn.intermarche.pt/pt/Content/images/boitmal/produit/zoom/07DE36137753EDAACF0183495B6C9015.jpg,,/product/molho-iogurte/5604260305872
46328,Molho napolitano,5604260314058,11721,105,frasco de 420 g,PorSi,,"4,02€/Kg","1,69€",https://cdn.intermarche.pt/pt/Content/images/boitmal/produit/zoom/D141C8B734E747391BA201C87BB24CB5.jpg,,/product/molho-napolitano/5604260314058
43861,Molho vinagrete com vinagre balsâmico de modena e mel,5604260310241,11721,105,Embalagem de 280g,PorSi,,"4,61€/Kg","1,29€",https://cdn.intermarche.pt/pt/Content/images/boitmal/produit/zoom/E4B1403082E3C20996CD5AF835B554A9.jpg,,/product/molho-vinagrete-com-vinagre-balsamico-de-modena-e-mel/5604260310241
372,"Molho big burguer, embalagem de 260g",8711200532391,11721,105,,Calvé,,"11,50€/Kg","2,99€",https://cdn.intermarche.pt/pt/Content/images/boitmal/produit/zoom/A750CF91D157F1A24339167BD14309C2.jpg,,/product/molho-big-burguer-embalagem-de-260g/8711200532391
34318,Molho inglês,5604260278886,11721,105,Garrafa de 200 ml,PorSi,,"4,45€/L","0,89€",https://cdn.intermarche.pt/pt/Content/images/boitmal/produit/zoom/6C0A0062E1621686AEDBD758D34B0DDE.jpg,,/product/molho-ingles/5604260278886
43743,Molho p/batatas fritas,5604260310265,11721,105,Embalagem de 287g,PorSi,,"5,54€/Kg","1,59€",https://cdn.intermarche.pt/pt/Content/images/boitmal/produit/zoom/0621D40FC2277122FC30E4D012BB2CB2.jpg,,/product/molho-p-ou-batatas-fritas/5604260310265
1558,"Piripiri sacana, extra forte",5601517311419,11721,105,Garrafa de 80 ml,Paladin,,"24,88€/L","1,99€",https://cdn.intermarche.pt/pt/Content/images/boitmal/produit/zoom/CEFDAA1DD4836275B6F55392B06CF7D8.jpg,,/product/piripiri-sacana-extra-forte/5601517311419
31496,"Molho guacamole, 200g",8410076420763,11721,105,,Old El Paso,,"15,33€/Kg","2,99€",https://cdn.intermarche.pt/pt/Content/images/boitmal/produit/zoom/CF1502C095D2AB6B89DF5B10F97A9703.jpg,,/product/molho-guacamole-200g/8410076420763
42144,Vinagrete com ervas aromáticas,5604260302130,11721,105,Embalagem de 275g,PorSi,,"5,05€/Kg","1,39€",https://cdn.intermarche.pt/pt/Content/images/boitmal/produit/zoom/A4D328B7A704A7680516B2D30AD61A0D.jpg,,/product/vinagrete-com-ervas-aromaticas/5604260302130
43383,Molho piri-piri extra forte,5604260311873,11721,105,Garrafa de 90 ml,PorSi Select,,"9,89€/L","0,89€",https://cdn.intermarche.pt/pt/Content/images/boitmal/produit/zoom/FD3EC61BD1E07A83A6B696FDB67D8815.jpg,,/product/molho-piri-piri-extra-forte/5604260311873
52994,"Molho tomate e manjericão, 350g",5601019005977,11721,105,,Guloso,,"13,57€/Kg","4,75€",https://cdn.intermarche.pt/pt/Content/images/boitmal/produit/zoom/4D66C88670773A45D5167B5E30F2B94F.jpg,,/product/molho-tomate-e-manjericao-350g/5601019005977
53024,"Molho agridoce, 280g",8720182589569,11721,105,,Calvé,,"10,68€/Kg","2,99€",https://cdn.intermarche.pt/pt/Content/images/boitmal/produit/zoom/7ADC1EF520237C467C08598D71586602.jpg,,/product/molho-agridoce-280g/8720182589569
828,"Molho de soja, de 150 ml",5000157073006,11721,105,,Heinz,,"26,60€/L","3,99€",https://cdn.intermarche.pt/pt/Content/images/boitmal/produit/zoom/BBD9F6A5E4EDC067C43EB10CA6FCF5E6.jpg,,/product/molho-de-soja-de-150-ml/5000157073006
1502,Molho piri piri,5601378970701,11721,105,Embalagem de 100g,Maçarico,,"12,90€/Kg","1,29€",https://cdn.intermarche.pt/pt/Content/images/boitmal/produit/zoom/22E1FC2BEC4FCA3004612C60CED24C7D.jpg,,/product/molho-piri-piri/5601378970701
47787,Molho vegan sabor a maionese,5604260322954,11721,105,Embalagem de 270 g,PorSi Viva Bem,,"5,89€/Kg","1,59€",https://cdn.intermarche.pt/pt/Content/images/boitmal/produit/zoom/30703E7BD7916CBD62C9A82847ED3FE3.jpg,,/product/molho-vegan-sabor-a-maionese/5604260322954
52908,"Tomate frito, 350g",8410066140923,11721,105,,Heinz,,"5,69€/Kg","1,99€",https://cdn.intermarche.pt/pt/Content/images/boitmal/produit/zoom/89AB927DED76B0D9F109478C18010C95.jpg,,/product/tomate-frito-350g/8410066140923
46208,"Tempero em pó galinha, 135g",8710522724262,11757,105,,Knorr,,"20,67€/Kg","2,79€",https://cdn.intermarche.pt/pt/Content/images/boitmal/produit/zoom/80FC3E6D5208F1CE79EF67284D4565D3.jpg,2024-11-27T23:59:59.999Z,/product/tempero-em-po-galinha-135g/8710522724262
1949,Massa de pimentão,5604260056958,11757,105,Embalagem 200G,PorSi,,"4,10€/Kg","0,82€",https://cdn.intermarche.pt/pt/Content/images/boitmal/produit/zoom/AA7FFE91CD75A2FB21B35A4BBF6B6410.jpg,,/product/massa-de-pimentao/5604260056958
52164,Polpa de Tomate Tetra,5604260328505,11757,105,Embalagem de 1050g,PorSi,,"1,90€/Kg","1,99€",https://cdn.intermarche.pt/pt/Content/images/boitmal/produit/zoom/B885A3783A807252D878F62CA97B7A9D.jpg,,/product/polpa-de-tomate-tetra/5604260328505
1305,Polpa de tomate 500g,5601151862155,11757,105,,Compal,,"3,18€/Kg","1,59€",https://cdn.intermarche.pt/pt/Content/images/boitmal/produit/zoom/AAB3292CC676B25102611CA57B6FA818.jpg,,/product/polpa-de-tomate-500g/5601151862155
958,Polpa de Tomate,5601019012401,11757,105,Embalagem de 500g,Guloso,,"2,98€/Kg","1,49€",https://cdn.intermarche.pt/pt/Content/images/boitmal/produit/zoom/20EBC153FCFDA3F6B93B2650D6C60B2B.jpg,,/product/polpa-de-tomate/5601019012401
1293,"Pack de 3 embalagens de polpa de tomate, embalagem de 630g",5601151398104,11757,105,,Compal,,"3,00€/Kg","1,89€",https://cdn.intermarche.pt/pt/Content/images/boitmal/produit/zoom/2F7BD591A6A78BA4615EC03A19AC4973.jpg,,/product/pack-de-3-embalagens-de-polpa-de-tomate-embalagem-de-630g/5601151398104
16505,"Tomate seco, embalagem de 280g",8001010085454,11757,105,,Ponti,,"13,54€/Kg","3,79€",https://cdn.intermarche.pt/pt/Content/images/boitmal/produit/zoom/BA9034A1B5945315F55BBE105BB75174.jpg,,/product/tomate-seco-embalagem-de-280g/8001010085454
1948,Massa de alho,5604260056941,11757,105,Embalagem de 200g,PorSi,,"4,25€/Kg","0,85€",https://cdn.intermarche.pt/pt/Content/images/boitmal/produit/zoom/A5D1FAA114F16033BD0F905B4C1B56D9.jpg,,/product/massa-de-alho/5604260056941
1950,Tempero p/frangos,5604260056965,11757,105,Embalagem de 200g,PorSi,,"4,10€/Kg","0,82€",https://cdn.intermarche.pt/pt/Content/images/boitmal/produit/zoom/301626436D263C9AF4BDABB0A4195441.jpg,,/product/tempero-p-ou-frangos/5604260056965
1951,Vinha de alhos,5604260056972,11757,105,Embalagem de 200 g,PorSi,,"4,10€/Kg","0,82€",https://cdn.intermarche.pt/pt/Content/images/boitmal/produit/zoom/C34FBE2720172D5D8BB2FE5CD2A6BA9E.jpg,,/product/vinha-de-alhos/5604260056972
2059,Polpa de cebola e alho,5604260303861,11757,105,Embalagem de 500 g,PorSi,,"2,98€/Kg","1,49€",https://cdn.intermarche.pt/pt/Content/images/boitmal/produit/zoom/41444F01158BD1D91B444EE63E3C35F0.jpg,,/product/polpa-de-cebola-e-alho/5604260303861
22307,"Tomate em pedaços, embalagem de 390g",5601019012647,11757,105,,Guloso,,"4,85€/Kg","1,89€",https://cdn.intermarche.pt/pt/Content/images/boitmal/produit/zoom/4A21D86DB7B874B78F3C53E43852C123.jpg,,/product/tomate-em-pedacos-embalagem-de-390g/5601019012647
42149,Tomate triturado,5604260303830,11757,105,Embalagem de 500 g,PorSi,,"2,18€/Kg","1,09€",https://cdn.intermarche.pt/pt/Content/images/boitmal/produit/zoom/8D5FE479993532426630C2D76551CD53.jpg,,/product/tomate-triturado/5604260303830
48098,Tempero alho cebola picado,5604260321223,11757,105,Embalagem de 40g,PorSi Select,,"29,75€/Kg","1,19€",https://cdn.intermarche.pt/pt/Content/images/boitmal/produit/zoom/1FA4ACC584D2D92A0B8D6FD078322628.jpg,,/product/tempero-alho-cebola-picado/5604260321223
959,Polpa de Tomate,5601019012418,11757,105,Embalagem de 1 kg,Guloso,,"2,39€/Kg","2,39€",https://cdn.intermarche.pt/pt/Content/images/boitmal/produit/zoom/3B354CF768C18B28FB1B1316955F339F.jpg,,/product/polpa-de-tomate/5601019012418
1310,"Compal da horta concentrado tomate, embalagem de 140g",5601151979969,11757,105,,Compal,,"9,21€/Kg","1,29€",https://cdn.intermarche.pt/pt/Content/images/boitmal/produit/zoom/9A5812864404A787E39139B51FC70102.jpg,,/product/compal-da-horta-concentrado-tomate-embalagem-de-140g/5601151979969
43796,Massa de pimentão,5604260302772,11757,105,Embalagem de 380g,PorSi,,"3,92€/Kg","1,49€",https://cdn.intermarche.pt/pt/Content/images/boitmal/produit/zoom/EB0E3680D122BF16BFFC7452A9BAA497.jpg,,/product/massa-de-pimentao/5604260302772
1270,"Polpa de tomate com cebola e alho, embalagem de 500g",5601151023150,11757,105,,Compal,,"3,48€/Kg","1,74€",https://cdn.intermarche.pt/pt/Content/images/boitmal/produit/zoom/D455823659AE027A7D3A2F64537EA4D9.jpg,,/product/polpa-de-tomate-com-cebola-e-alho-embalagem-de-500g/5601151023150
1272,"Tomate triturado, embalagem de 500g",5601151060254,11757,105,,Compal,,"3,48€/Kg","1,74€",https://cdn.intermarche.pt/pt/Content/images/boitmal/produit/zoom/8578E2260B46D071F7AECDA37452145B.jpg,,/product/tomate-triturado-embalagem-de-500g/5601151060254
44252,"Tomate frito, embalagem de 210g",5601019012890,11757,105,,Guloso,,"5,67€/Kg","1,19€",https://cdn.intermarche.pt/pt/Content/images/boitmal/produit/zoom/E41584C9A847A707E247659FC6AA37C2.jpg,,/product/tomate-frito-embalagem-de-210g/5601019012890
2172,Massa de alho,5604260261369,11757,105,Embalagem 950G,PorSi,,"3,15€/Kg","2,99€",https://cdn.intermarche.pt/pt/Content/images/boitmal/produit/zoom/593B94D67589DB392D4E23CF22FB7DC3.jpg,,/product/massa-de-alho/5604260261369
1307,"Polpa de tomate, embalagem de 1 kg",5601151962152,11757,105,,Compal,,"2,64€/Kg","2,64€",https://cdn.intermarche.pt/pt/Content/images/boitmal/produit/zoom/188D8B739A75F9183E13BB6E462F65B0.jpg,,/product/polpa-de-tomate-embalagem-de-1-kg/5601151962152
38555,"Polpa de tomate com manjericão e oregãos, 500 g",5601019012807,11757,105,,Guloso,,"3,98€/Kg","1,99€",https://cdn.intermarche.pt/pt/Content/images/boitmal/produit/zoom/91BED76549C4236F11A5CB6F37BF70E1.jpg,,/product/polpa-de-tomate-com-manjericao-e-oregaos-500-g/5601019012807
48097,Tempero alho e pimentão doce,5604260321216,11757,105,Embalagem de 40g,PorSi Select,,"27,25€/Kg","1,09€",https://cdn.intermarche.pt/pt/Content/images/boitmal/produit/zoom/3B1C1492DCB9D8187915E8DC58D4EF35.jpg,,/product/tempero-alho-e-pimentao-doce/5604260321216
34760,"Suculento no forno ervas, embalagem de 40g",7613036912709,11757,105,,Maggi,,"42,50€/Kg","1,19€",https://cdn.intermarche.pt/pt/Content/images/boitmal/produit/zoom/88EF0AA003FE9AC71C19B5F2C7E3D14A.jpg,,/product/suculento-no-forno-ervas-embalagem-de-40g/7613036912709
41311,"Tomate em pedaços com cebola e alho, embalagem de 390g",5601019012876,11757,105,,Guloso,,"6,13€/Kg","2,39€",https://cdn.intermarche.pt/pt/Content/images/boitmal/produit/zoom/DA7DA36A1DB3F59161A395B0EC5223E9.jpg,,/product/tomate-em-pedacos-com-cebola-e-alho-embalagem-de-390g/5601019012876
962,"Passata de manjericão/oregãos, embalagem de 210g",5601019012517,11757,105,,Guloso,,"4,71€/Kg","0,99€",https://cdn.intermarche.pt/pt/Content/images/boitmal/produit/zoom/EE291078DA7B0DBA3843A375150D086A.jpg,,/product/passata-de-manjericao-ou-oregaos-embalagem-de-210g/5601019012517
2171,Massa de pimentão,5604260261352,11757,105,Embalagem de 950g,PorSi,,"3,67€/Kg","3,49€",https://cdn.intermarche.pt/pt/Content/images/boitmal/produit/zoom/88CF0206F15ADAB5A02163F09F93B367.jpg,,/product/massa-de-pimentao/5604260261352
43797,Massa de alho,5604260303953,11757,105,Embalagem de 380g,PorSi,,"3,92€/Kg","1,49€",https://cdn.intermarche.pt/pt/Content/images/boitmal/produit/zoom/C63C61E4694A46B0D0DFDA1135AA08D2.jpg,,/product/massa-de-alho/5604260303953
50386,"Molho suculento frango no forno com alho e cebola em saqueta, 30g",8445290290014,11757,105,,Maggi,,"39,67€/Kg","1,19€",https://cdn.intermarche.pt/pt/Content/images/boitmal/produit/zoom/0CA9D0BA31C0E8C3087456EA0E4676B5.jpg,,/product/molho-suculento-frango-no-forno-com-alho-e-cebola-em-saqueta-30g/8445290290014
30568,"Polpa de Tomate, 3 x 210g",5601019012180,11757,105,,Guloso,,"3,95€/Kg","2,49€",https://cdn.intermarche.pt/pt/Content/images/boitmal/produit/zoom/9F9DDF3934C6195F877922FAC5502599.jpg,,/product/polpa-de-tomate-3-x-210g/5601019012180
2173,Tempero p/frangos,5604260261376,11757,105,Embalagem de 950g,PorSi,,"3,67€/Kg","3,49€",https://cdn.intermarche.pt/pt/Content/images/boitmal/produit/zoom/18087B045EB305B185BF442EE080BB83.jpg,,/product/tempero-p-ou-frangos/5604260261376
22554,"Pimentão doce, embalagem de 75g",5601063052538,11757,105,,Margão,,"37,20€/Kg","2,79€",https://cdn.intermarche.pt/pt/Content/images/boitmal/produit/zoom/3B32A9AAE6667DFF4C4EFAB19EF12E96.jpg,,/product/pimentao-doce-embalagem-de-75g/5601063052538
36431,Sumo de limão,5601070004513,11757,105,garrafa de 500 ml,Cristal,,"4,98€/L","2,49€",https://cdn.intermarche.pt/pt/Content/images/boitmal/produit/zoom/EA2295D00ACCC547ADE68BE0E0B132B0.jpg,,/product/sumo-de-limao/5601070004513
51250,"Molho suculento entrecosto no forno com pimentão doce, alho e mel, 30g",8445290287229,11757,105,,Maggi,,"39,67€/Kg","1,19€",https://cdn.intermarche.pt/pt/Content/images/boitmal/produit/zoom/456CDF14FAC2BD6198BF856B10BED187.jpg,,/product/molho-suculento-entrecosto-no-forno-com-pimentao-doce-alho-e-mel-30g/8445290287229
53117,"Mix salicórnia para massas, 50g",5600692769725,11757,105,,Qampo,,"79,80€/Kg","3,99€",https://cdn.intermarche.pt/pt/Content/images/boitmal/produit/zoom/49399953964ECD3D1B9F3FF97300FA3A.jpg,,/product/mix-salicornia-para-massas-50g/5600692769725
2174,Vinha de alhos,5604260261383,11757,105,Embalagem de 950 g,PorSi,,"3,15€/Kg","2,99€",https://cdn.intermarche.pt/pt/Content/images/boitmal/produit/zoom/E649F01AA15438D312E36A95830C389B.jpg,,/product/vinha-de-alhos/5604260261383
33656,"Tomate seco, 100 g",8001010052562,11757,105,,Ponti,,"39,90€/Kg","3,99€",https://cdn.intermarche.pt/pt/Content/images/boitmal/produit/zoom/08305C19D874034F40EDB482F4551671.jpg,,/product/tomate-seco-100-g/8001010052562
52756,Cozinha à Portuguesa,5601063061295,11757,105,Pack de 5 Unidades 212g,Margão,,"47,12€/Kg","9,99€",https://cdn.intermarche.pt/pt/Content/images/boitmal/produit/zoom/AB3461AEC31848B4BC163B94448D8990.jpg,,/product/cozinha-a-portuguesa/5601063061295
1784,Feijão catarino,5604260301690,10242,10039,Embalagem 500G,PorSi,,"1,98€/Kg","0,99€",https://cdn.intermarche.pt/pt/Content/images/boitmal/produit/zoom/5F032A7EB2DC11A0366EC60363F7FC8C.jpg,,/product/feijao-catarino/5604260301690
42575,Feijão manteiga,5604260303694,10242,10039,Embalagem de 500g,PorSi,,"2,30€/Kg","1,15€",https://cdn.intermarche.pt/pt/Content/images/boitmal/produit/zoom/247FB8C55D7B956DB5136C14F5A222DF.jpg,,/product/feijao-manteiga/5604260303694
42580,Feijão branco,5604260301676,10242,10039,Embalagem de 500g,PorSi,,"1,98€/Kg","0,99€",https://cdn.intermarche.pt/pt/Content/images/boitmal/produit/zoom/DC469937CE886A7D1FCFAE925CF4A80C.jpg,,/product/feijao-branco/5604260301676
53178,"Feijão preto, 1 kg",8410687201621,10242,10039,,Do Brasil,,"3,59€/Kg","3,59€",https://cdn.intermarche.pt/pt/Content/images/boitmal/produit/zoom/76B8A41D5F485CE90B34FAB3529D4DB2.jpg,,/product/feijao-preto-1-kg/8410687201621
5393,Feijão preto,5601255110176,10242,10039,Embalagem de 500 g,Caçarola,,"3,98€/Kg","1,99€",https://cdn.intermarche.pt/pt/Content/images/boitmal/produit/zoom/A8E9EA2042AEEFCAFBC3D35B5BCBFD09.jpg,,/product/feijao-preto/5601255110176
42622,Feijao frade,5604260301768,10242,10039,Embalagem de 500g,PorSi,,"1,98€/Kg","0,99€",https://cdn.intermarche.pt/pt/Content/images/boitmal/produit/zoom/45741BB85A1217E06A4AB2450209027E.jpg,,/product/feijao-frade/5604260301768
42623,Feijão preto,5604260301829,10242,10039,Embalagem de 500g,PorSi,,"1,98€/Kg","0,99€",https://cdn.intermarche.pt/pt/Content/images/boitmal/produit/zoom/A8D753952B93F7502283BF7ECF51B0B0.jpg,,/product/feijao-preto/5604260301829
43857,Feijão encarnado,5604260301720,10242,10039,Embalagem 500G,PorSi,,"1,98€/Kg","0,99€",https://cdn.intermarche.pt/pt/Content/images/boitmal/produit/zoom/4488F19B9184E7D98C866D0141223A31.jpg,,/product/feijao-encarnado/5604260301720
5390,Feijão vermelho,5601255110145,10242,10039,Embalagem de 500 g,Caçarola,,"3,94€/Kg","1,97€",https://cdn.intermarche.pt/pt/Content/images/boitmal/produit/zoom/8F90909D5DBF33F56D61ACD9CC17AC41.jpg,,/product/feijao-vermelho/5601255110145
40513,Grão de bico,5604260301843,10243,10039,embalagem de 500 g,PorSi,,"1,98€/Kg","0,99€",https://cdn.intermarche.pt/pt/Content/images/boitmal/produit/zoom/A8DA4F1B9FD999751EBF22DB70A9B68E.jpg,,/product/grao-de-bico/5604260301843
41222,Quinoa branca,5604260307944,10456,10120,Embalagem de 200 g,PorSi Viva Bem,,"5,95€/Kg","1,19€",https://cdn.intermarche.pt/pt/Content/images/boitmal/produit/zoom/2B34A4676E735265944389F32CC75275.jpg,,/product/quinoa-branca/5604260307944
20025,"Bagas de cranberry, embalagem de 125g",5604321027293,11817,10039,,Cemporcento,,"19,92€/Kg","2,49€",https://cdn.intermarche.pt/pt/Content/images/boitmal/produit/zoom/2F018AA07146FC879BDCDE356A297571.jpg,,/product/bagas-de-cranberry-embalagem-de-125g/5604321027293
39177,"Semente sesamo, embalagem de 150g",5601557047323,11817,10039,,Salutem,,"9,93€/Kg","1,49€",https://cdn.intermarche.pt/pt/Content/images/boitmal/produit/zoom/CC42CFF4766C27F4161B0EDD2D2D65E8.jpg,,/product/semente-sesamo-embalagem-de-150g/5601557047323
48759,"Sementes de chia, 200g",5601557065334,11817,10039,,Salutem,,"13,45€/Kg","2,69€",https://cdn.intermarche.pt/pt/Content/images/boitmal/produit/zoom/D77E87E0B4FC8E63308A93E102C6FC5E.jpg,,/product/sementes-de-chia-200g/5601557065334
48761,"Mistura de sementes, 200g",5601557065327,11817,10039,,Salutem,,"7,95€/Kg","1,59€",https://cdn.intermarche.pt/pt/Content/images/boitmal/produit/zoom/4069399F6AC656604C08DE26A372D580.jpg,,/product/mistura-de-sementes-200g/5601557065327
20026,"Bagas de goji, embalagem de 125 g",5604321027156,11817,10039,,Cemporcento,,"22,32€/Kg","2,79€",https://cdn.intermarche.pt/pt/Content/images/boitmal/produit/zoom/0D99EB2B34F30C14AF38A072AFFA069C.jpg,,/product/bagas-de-goji-embalagem-de-125-g/5604321027156
31410,"Sementes de papoila, 200g",5604321028061,11817,10039,,Cemporcento,,"9,45€/Kg","1,89€",https://cdn.intermarche.pt/pt/Content/images/boitmal/produit/zoom/AFDABE3B5F4379A52AEFF483F7D61E94.jpg,,/product/sementes-de-papoila-200g/5604321028061
48626,"Arandos, 150g",5601557065211,11817,10039,,Salutem,,"19,93€/Kg","2,99€",https://cdn.intermarche.pt/pt/Content/images/boitmal/produit/zoom/CB7501C4E3A322F0B938EA1810F670BC.jpg,,/product/arandos-150g/5601557065211
51262,"Quinoa vermelha, 250g",5601557058275,11817,10039,,Salutem,,"7,16€/Kg","1,79€",https://cdn.intermarche.pt/pt/Content/images/boitmal/produit/zoom/E9DD3D10D61B5451D2E1FB8BDE4B5FA7.jpg,,/product/quinoa-vermelha-250g/5601557058275
16933,Café em cápsulas fortíssimo,5604260277292,10273,10043,Embalagem de 55g,PorSi,,"34,36€/Kg","1,89€",https://cdn.intermarche.pt/pt/Content/images/boitmal/produit/zoom/D2685B35A81DF08A80F802272D6D4C46.jpg,,/product/cafe-em-capsulas-fortissimo/5604260277292
17892,Café xl qalidus cápsulas,5601082039800,10273,10043,Embalagem de 220g,Delta Q,,"68,14€/Kg","14,99€",https://cdn.intermarche.pt/pt/Content/images/boitmal/produit/zoom/366FA5D4E032D6F1950F570ABB5EB801.jpg,2024-11-27T23:59:59.999Z,/product/cafe-xl-qalidus-capsulas/5601082039800
28609,Café em cápsulas ristreto,5604260282951,10273,10043,Embalagem de 55g,PorSi,,"34,36€/Kg","1,89€",https://cdn.intermarche.pt/pt/Content/images/boitmal/produit/zoom/98A2B27B97561600F2789C49300E14CC.jpg,,/product/cafe-em-capsulas-ristreto/5604260282951
2281,Café em Cápsulas veneza,5604260270118,10273,10043,10 Unidades,PorSi,,"34,36€/Kg","1,89€",https://cdn.intermarche.pt/pt/Content/images/boitmal/produit/zoom/D116B291766A226D4C93852C6F88B818.jpg,,/product/cafe-em-capsulas-veneza/5604260270118
41447,Café mythiq,5601082047812,10273,10043,Embalagem com 40 cápsulas,Delta Q,,"15,49€/Unidade","15,49€",https://cdn.intermarche.pt/pt/Content/images/boitmal/produit/zoom/8B9EC0DC169048AF93D5FDC86ECCEBB0.jpg,2024-11-27T23:59:59.999Z,/product/cafe-mythiq/5601082047812
2279,Café em cápsulas descafeinado,5604260270095,10273,10043,Embalagem de 55g,PorSi,,"34,36€/Kg","1,89€",https://cdn.intermarche.pt/pt/Content/images/boitmal/produit/zoom/D26303CA655FAD23B73DEC3CCA6C621F.jpg,,/product/cafe-em-capsulas-descafeinado/5604260270095
2280,Café em cápsulas perfetto,5604260270101,10273,10043,Embalagem de 55g,PorSi,,"34,36€/Kg","1,89€",https://cdn.intermarche.pt/pt/Content/images/boitmal/produit/zoom/49E85F5BB82C2E148DD2A94BDBF1A0A6.jpg,,/product/cafe-em-capsulas-perfetto/5604260270101
17893,Café xl qharacter cápsulas,5601082039817,10273,10043,40 Cápsulas,Delta Q,,"70,41€/Kg","15,49€",https://cdn.intermarche.pt/pt/Content/images/boitmal/produit/zoom/AE88A9B98D43407F51BB06087F668DC5.jpg,2024-11-27T23:59:59.999Z,/product/cafe-xl-qharacter-capsulas/5601082039817
22886,Café em Cápsulas Várias Intensidades,5601082040905,10273,10043,40 Cápsulas,Delta Q,,"70,73€/Kg","15,49€",https://cdn.intermarche.pt/pt/Content/images/boitmal/produit/zoom/2A0B747997ADACA3A0413EC232C6ECEB.jpg,2024-11-27T23:59:59.999Z,/product/cafe-em-capsulas-varias-intensidades/5601082040905
41819,Café XL Deqafeinatus intensidade 1,5601082047737,10273,10043,40 cápsulas,Delta Q,,"15,49€/Unidade","15,49€",https://cdn.intermarche.pt/pt/Content/images/boitmal/produit/zoom/705993EC4BA1EBFC96981215A35D276B.jpg,2024-11-27T23:59:59.999Z,/product/cafe-xl-deqafeinatus-intensidade-1/5601082047737
48551,Nescafe portion coffee systems nescafé dolce gusto 186 g,7613287300393,10273,10043,,Nescafé,,"8,99€/Unidade","8,99€",https://cdn.intermarche.pt/pt/Content/images/boitmal/produit/zoom/3C2972EF213A813C45BFB5F845259020.jpg,,/product/nescafe-portion-coffee-systems-nescafe-dolce-gusto-186-g/7613287300393
49460,Café Buondi Intensidade 8,7613287300362,10273,10043,16 cápsulas,Nescafé,,"60,51€/Kg","5,99€",https://cdn.intermarche.pt/pt/Content/images/boitmal/produit/zoom/EC288379EB7F6CFC99A360964ED51E3E.jpg,,/product/cafe-buondi-intensidade-8/7613287300362
46930,Café Clássico,5604260319541,10273,10043,10 cápsulas,PorSi,,"29,83€/Kg","1,79€",https://cdn.intermarche.pt/pt/Content/images/boitmal/produit/zoom/F37D6A4A162E6694E58205442D460710.jpg,,/product/cafe-classico/5604260319541
1140,Cápsulas de café delta qualidus,5601082026909,10273,10043,Embalagem de 60g,Delta Q,,"59,82€/Kg","3,29€",https://cdn.intermarche.pt/pt/Content/images/boitmal/produit/zoom/D06BDFE4DBAC1FD7F10265262677632F.jpg,,/product/capsulas-de-cafe-delta-qualidus/5601082026909
1141,Cápsulas de café qharacter,5601082026930,10273,10043,Embalagem de 60g,Delta Q,,"59,82€/Kg","3,29€",https://cdn.intermarche.pt/pt/Content/images/boitmal/produit/zoom/1A71F3C4A9EBBD2C86D1F4FAB26D9C96.jpg,,/product/capsulas-de-cafe-qharacter/5601082026930
1146,Café em cápsulas deqafeitatus,5601082027029,10273,10043,Embalagem de 55 g,Delta Q,,"79,82€/Kg","4,39€",https://cdn.intermarche.pt/pt/Content/images/boitmal/produit/zoom/28C52B3A2B5D6D42C3DE921BCC460F79.jpg,,/product/cafe-em-capsulas-deqafeitatus/5601082027029
40825,"Café dolce gusto marrakech, embalagem com 16 cápsulas",7613038901954,10273,10043,,Nescafé,,"6,49€/Unidade","6,49€",https://cdn.intermarche.pt/pt/Content/images/boitmal/produit/zoom/9084DC6531DE00DFA958339359EFC3B3.jpg,,/product/cafe-dolce-gusto-marrakech-embalagem-com-16-capsulas/7613038901954
42787,Café em cápsulas Mezzo 10x5g,5604260310692,10273,10043,Embalagem de 50g,PorSi Select,,"39,80€/Kg","1,99€",https://cdn.intermarche.pt/pt/Content/images/boitmal/produit/zoom/45CCCE119D8AF56187F8133F14CE5A06.jpg,,/product/cafe-em-capsulas-mezzo-10x5g/5604260310692
43769,"Café colombia para nespresso intensidade 7, 10 cápsulas",7613036984379,10273,10043,,Starbucks,,"4,69€/Unidade","4,69€",https://cdn.intermarche.pt/pt/Content/images/boitmal/produit/zoom/13BE48FEDE0D4EA6054B6C74E8FB4167.jpg,,/product/cafe-colombia-para-nespresso-intensidade-7-10-capsulas/7613036984379
46928,"Café descafeinado, 10 cápsulas",5604260319527,10273,10043,,PorSi,,"31,50€/Kg","1,89€",https://cdn.intermarche.pt/pt/Content/images/boitmal/produit/zoom/F3D82FD1913E505D4368E22FCAB9BEBD.jpg,,/product/cafe-descafeinado-10-capsulas/5604260319527
47934,Café Espresso Vellutato intensidade 7,5604260319565,10273,10043,16 cápsulas,PorSi,,"36,35€/Kg","3,49€",https://cdn.intermarche.pt/pt/Content/images/boitmal/produit/zoom/55CCF612142A42C8831C49805F97F920.jpg,,/product/cafe-espresso-vellutato-intensidade-7/5604260319565
35542,"Café em cápsulas dolce gusto ristreto intenso, embalagem de 210g",7613036867405,10273,10043,,Nescafé,,"9,99€/Unidade","9,99€",https://cdn.intermarche.pt/pt/Content/images/boitmal/produit/zoom/267E125B7795F042AD3E2E89E4989A32.jpg,,/product/cafe-em-capsulas-dolce-gusto-ristreto-intenso-embalagem-de-210g/7613036867405
50377,"Dolce gusto sical espresso cafés 99.2 g, embalagem de 16 unidades",8445290351357,10273,10043,,Nescafé,,"5,99€/Unidade","5,99€",https://cdn.intermarche.pt/pt/Content/images/boitmal/produit/zoom/74D43FC39DC3AF44789D53D3E092BB88.jpg,,/product/dolce-gusto-sical-espresso-cafes-99.2-g-embalagem-de-16-unidades/8445290351357
47678,Café Splendido,5604260319572,10273,10043,16 cápsulas,PorSi,,"36,35€/Kg","3,49€",https://cdn.intermarche.pt/pt/Content/images/boitmal/produit/zoom/BA3A69DD6B7FC1307C458A6F1470E79E.jpg,,/product/cafe-splendido/5604260319572
50389,"Cápsulas café sical intensidade 7, 30 unidades",8445290351401,10273,10043,,Nescafé,,"8,99€/Unidade","8,99€",https://cdn.intermarche.pt/pt/Content/images/boitmal/produit/zoom/1FD786A7E143BB9E177424D49D5ABF95.jpg,,/product/capsulas-cafe-sical-intensidade-7-30-unidades/8445290351401
49093,Cápsulas de Café Grand Qalidus,5601082049656,10273,10043,Embalagem com 80 cápsulas,Delta Q,,"54,52€/Kg","23,99€",https://cdn.intermarche.pt/pt/Content/images/boitmal/produit/zoom/645FE60BC2CA2B83CF57919F8650375E.jpg,,/product/capsulas-de-cafe-grand-qalidus/5601082049656
47933,Café espresso descafeinado intensidade 6,5604260319558,10273,10043,16 cápsulas,PorSi,,"36,35€/Kg","3,49€",https://cdn.intermarche.pt/pt/Content/images/boitmal/produit/zoom/B8D4D6C7D6734C126E687F8A2E04B243.jpg,,/product/cafe-espresso-descafeinado-intensidade-6/5604260319558
43763,"Cápsulas café ristretto napoli intensidade 13, 30 capsulas",7613038110295,10273,10043,,Nescafé,,"9,99€/Unidade","9,99€",https://cdn.intermarche.pt/pt/Content/images/boitmal/produit/zoom/A20C08BDD45FD4A9FA025C2B73D7BA53.jpg,,/product/capsulas-cafe-ristretto-napoli-intensidade-13-30-capsulas/7613038110295
46768,Café Qalidus XXL,5601082046068,10273,10043,Embalagem com 60 cápsulas,Delta Q,,"308,91€/Kg","16,99€",https://cdn.intermarche.pt/pt/Content/images/boitmal/produit/zoom/2FDABFD124B07CB91B7546AA7A8E4A79.jpg,,/product/cafe-qalidus-xxl/5601082046068
48088,Café baunilha,5604260322862,10273,10043,10 cápsulas,PorSi Select,,"2,09€/Unidade","2,09€",https://cdn.intermarche.pt/pt/Content/images/boitmal/produit/zoom/A3EA8A87F9B3293A39291C6A61054384.jpg,,/product/cafe-baunilha/5604260322862
36498,"Café em cápsulas dolce gusto barista, embalagem de 30 cápsulas",7613036830119,10273,10043,,Nescafé,,"9,99€/Unidade","9,99€",https://cdn.intermarche.pt/pt/Content/images/boitmal/produit/zoom/8337972527E31E54B905C8FB22152420.jpg,,/product/cafe-em-capsulas-dolce-gusto-barista-embalagem-de-30-capsulas/7613036830119
48089,Café caramelo,5604260322879,10273,10043,10 cápsulas,PorSi Select,,"2,49€/Unidade","2,49€",https://cdn.intermarche.pt/pt/Content/images/boitmal/produit/zoom/5EB9744E1AA2698C44342EE3F6BAB754.jpg,,/product/cafe-caramelo/5604260322879
49967,Descafeinado,8445290094995,10273,10043,10 cápsulas,Buondi,,"7,25€/Kg","3,99€",https://cdn.intermarche.pt/pt/Content/images/boitmal/produit/zoom/1DC297A696A9FE1D9427A921FE3DC122.jpg,,/product/descafeinado/8445290094995
26594,"Café colombia, 10 cápsulas",8711000357613,10273,10043,,LOr,,"4,59€/Unidade","4,59€",https://cdn.intermarche.pt/pt/Content/images/boitmal/produit/zoom/D21968ECC01B0E37036DFC520D71E940.jpg,,/product/cafe-colombia-10-capsulas/8711000357613
26598,"Café sontuoso intensidade 8, 10 cápsulas",8711000357477,10273,10043,,LOr,,"4,39€/Unidade","4,39€",https://cdn.intermarche.pt/pt/Content/images/boitmal/produit/zoom/BC09D4FFBD10DF57DEBB1973893BC7D2.jpg,,/product/cafe-sontuoso-intensidade-8-10-capsulas/8711000357477
47106,"Café espresso buondi intenso, 16 cápsulas",7613287613806,10273,10043,,Nescafé,,"8,99€/Unidade","8,99€",https://cdn.intermarche.pt/pt/Content/images/boitmal/produit/zoom/E40A3E7241DABB11EAC194DA9AD5C029.jpg,,/product/cafe-espresso-buondi-intenso-16-capsulas/7613287613806
1144,Café em cápsulas aqtivus,5601082026978,10273,10043,Embalagem de 55 g,Delta Q,,"70,73€/Kg","3,89€",https://cdn.intermarche.pt/pt/Content/images/boitmal/produit/zoom/2F6FF35AEBEA3372C65F75DED3D7D4E2.jpg,,/product/cafe-em-capsulas-aqtivus/5601082026978
38154,Café incorporado,7630054495090,10273,10043,10 cápsulas,Buondi,,"7,25€/Kg","3,99€",https://cdn.intermarche.pt/pt/Content/images/boitmal/produit/zoom/6C3BDD97B157EDB44704BBAE2E1D1B94.jpg,,/product/cafe-incorporado/7630054495090
50574,Cápsulas Café Aromático Int. 8,5604260323678,10273,10043,16 cápsulas,PorSi,,"3,99€/Unidade","3,99€",https://cdn.intermarche.pt/pt/Content/images/boitmal/produit/zoom/9FB4681CB324AB7FECBF00A15B030C53.jpg,,/product/capsulas-cafe-aromatico-int.-8/5604260323678
50576,Cápsulas Café Extra Forte Int. 12,5604260323692,10273,10043,16 cápsulas,PorSi,,"3,99€/Unidade","3,99€",https://cdn.intermarche.pt/pt/Content/images/boitmal/produit/zoom/E73E980DC4C71EF4A05B136B96AFA822.jpg,,/product/capsulas-cafe-extra-forte-int.-12/5604260323692
41820,Café torrado em grão,5604260304271,11058,10043,Embalagem de 1 kg,PorSi,,"7,69€/Kg","7,69€",https://cdn.intermarche.pt/pt/Content/images/boitmal/produit/zoom/C7A8696B1196CAA5129548257FFB28A3.jpg,,/product/cafe-torrado-em-grao/5604260304271
42237,Café lote normal moagem fina,5604260304295,11058,10043,Embalagem de 250 g,PorSi,,"9,00€/Kg","2,25€",https://cdn.intermarche.pt/pt/Content/images/boitmal/produit/zoom/1DAE9902278B6B98C61D46E3F4DA4A03.jpg,,/product/cafe-lote-normal-moagem-fina/5604260304295
1135,Café torrado lote chávena máquina,5601082022758,11058,10043,Embalagem de 250g,Delta,,"15,96€/Kg","3,99€",https://cdn.intermarche.pt/pt/Content/images/boitmal/produit/zoom/CD7C2612036EC6C8F8AE6969B5FDE5AD.jpg,,/product/cafe-torrado-lote-chavena-maquina/5601082022758
1137,"Café em grão, embalagem de 1 kg",5601082022772,11058,10043,,Delta,,"15,99€/Kg","15,99€",https://cdn.intermarche.pt/pt/Content/images/boitmal/produit/zoom/1A29F3AC0726E8DF8EBFAD72C38FB835.jpg,,/product/cafe-em-grao-embalagem-de-1-kg/5601082022772
42236,Café lote normal moagem grossa,5604260304288,11058,10043,Embalagem de 250 g,PorSi,,"9,00€/Kg","2,25€",https://cdn.intermarche.pt/pt/Content/images/boitmal/produit/zoom/361A07B27E372AB66E32300DC053C535.jpg,,/product/cafe-lote-normal-moagem-grossa/5604260304288
17896,Café moagem universal portugal,5601082053523,11058,10043,Embalagem de 220g,Delta,,"18,14€/Kg","3,99€",https://cdn.intermarche.pt/pt/Content/images/boitmal/produit/zoom/550F7F2DF6E74FCA3A77E943FC22A56F.jpg,,/product/cafe-moagem-universal-portugal/5601082053523
19539,"Café 5 estrelas moído tradição, embalagem de 250g",7613035610156,11058,10043,,Sical,,"15,96€/Kg","3,99€",https://cdn.intermarche.pt/pt/Content/images/boitmal/produit/zoom/05F298B6158A264F26FCA1105F30811A.jpg,,/product/cafe-5-estrelas-moido-tradicao-embalagem-de-250g/7613035610156
26062,Café moagem universal timor,5601082041742,11058,10043,Embalagem de 220g,Delta,,"20,41€/Kg","4,49€",https://cdn.intermarche.pt/pt/Content/images/boitmal/produit/zoom/ADF6DAB3E877271F201912BF13D8C4E0.jpg,,/product/cafe-moagem-universal-timor/5601082041742
26061,Café moagem universal angola,5601082041735,11058,10043,Embalagem de 220g,Delta,,"20,86€/Kg","4,59€",https://cdn.intermarche.pt/pt/Content/images/boitmal/produit/zoom/1C642C260D3CFB58C5169AA62CAB8A78.jpg,,/product/cafe-moagem-universal-angola/5601082041735
32610,"Buondi extreme cafe moido, embalagem de 200g",7613036550338,11058,10043,,Buondi,,"15,65€/Kg","3,13€",https://cdn.intermarche.pt/pt/Content/images/boitmal/produit/zoom/FEECD25A62D241EF29290C5104BF6142.jpg,,/product/buondi-extreme-cafe-moido-embalagem-de-200g/7613036550338
1138,Café em grão,5601082022796,11058,10043,Embalagem de 250g,Delta,,"15,96€/Kg","3,99€",https://cdn.intermarche.pt/pt/Content/images/boitmal/produit/zoom/BA324D27E9E0B51C555781B151251CD4.jpg,,/product/cafe-em-grao/5601082022796
26063,Café moagem universal brasil,5601082041711,11058,10043,Embalagem de 220g,Delta,,"20,41€/Kg","4,49€",https://cdn.intermarche.pt/pt/Content/images/boitmal/produit/zoom/A0317A79C7D706D279E5085A69D392C6.jpg,,/product/cafe-moagem-universal-brasil/5601082041711
42578,Café descafeinado,5604260304301,11058,10043,Embalagem de 250g,PorSi,,"9,16€/Kg","2,29€",https://cdn.intermarche.pt/pt/Content/images/boitmal/produit/zoom/5C0A671CF03CC331EF2AB5FA7639AE45.jpg,,/product/cafe-descafeinado/5604260304301
43501,"Café Moagem Universal do Brasil, 220g",5604260309757,11058,10043,,PorSi,,"15,41€/Kg","3,39€",https://cdn.intermarche.pt/pt/Content/images/boitmal/produit/zoom/4B6F1606FFB06E44C22592DD9F5B0171.jpg,,/product/cafe-moagem-universal-do-brasil-220g/5604260309757
43358,Café moagem grossa bio,5604260311682,11058,10043,Embalagem de 250g,PorSi Bio,,"13,16€/Kg","3,29€",https://cdn.intermarche.pt/pt/Content/images/boitmal/produit/zoom/5B1CBCCD5A0DF267336B1A501DCB0BA9.jpg,,/product/cafe-moagem-grossa-bio/5604260311682
1136,Café torrado lote chávena saco,5601082022765,11058,10043,Embalagem de 250g,Delta,,"15,96€/Kg","3,99€",https://cdn.intermarche.pt/pt/Content/images/boitmal/produit/zoom/0AEF7D0EDAE9B582F5CDCC0D6F5BEB93.jpg,,/product/cafe-torrado-lote-chavena-saco/5601082022765
1215,"Café torrado 5 estrelas moagem normal, embalagem de 250g",5601126039032,11058,10043,,Sical,,"17,16€/Kg","4,29€",https://cdn.intermarche.pt/pt/Content/images/boitmal/produit/zoom/53250BE594F88BF87B80694DFC3412C1.jpg,,/product/cafe-torrado-5-estrelas-moagem-normal-embalagem-de-250g/5601126039032
15797,"Café moagem normal: intenso, embalagem de 220g",7613034750419,11058,10043,,Buondi,,"20,41€/Kg","4,49€",https://cdn.intermarche.pt/pt/Content/images/boitmal/produit/zoom/9C13C80E504CB58316C5B56E2336173D.jpg,,/product/cafe-moagem-normal:-intenso-embalagem-de-220g/7613034750419
43502,"Café Moagem Universal Honduras, 220g",5604260309764,11058,10043,,PorSi,,"15,41€/Kg","3,39€",https://cdn.intermarche.pt/pt/Content/images/boitmal/produit/zoom/7272E80B2B94CFD49FFD5B86623DA8C4.jpg,,/product/cafe-moagem-universal-honduras-220g/5604260309764
1218,"Café 5 estrelas grão, embalagem de 1 kg",5601126039148,11058,10043,,Sical,,"15,99€/Kg","15,99€",https://cdn.intermarche.pt/pt/Content/images/boitmal/produit/zoom/6A2BA41BEBC17E5544346A0E014389C4.jpg,,/product/cafe-5-estrelas-grao-embalagem-de-1-kg/5601126039148
40878,"Delta decaf. mu cx 3,520 kg - café torrado moído descafeinado",5601082046549,11058,10043,Embalagem de 220g,Delta,,"24,95€/Kg","5,49€",https://cdn.intermarche.pt/pt/Content/images/boitmal/produit/zoom/9D057294F1E3330F11C76999BE9DE398.jpg,,/product/delta-decaf.-mu-cx-3520-kg-cafe-torrado-moido-descafeinado/5601082046549
1139,"Café em grão, lote superior",5601082023496,11058,10043,Embalagem de 1 kg,Delta,,"18,99€/Kg","18,99€",https://cdn.intermarche.pt/pt/Content/images/boitmal/produit/zoom/BCBF3FFF994A2BB60F5BC4FEC263ED3E.jpg,,/product/cafe-em-grao-lote-superior/5601082023496
1216,"Café em grão 5 estrelas, embalagem de 250g",5601126039049,11058,10043,,Sical,,"17,16€/Kg","4,29€",https://cdn.intermarche.pt/pt/Content/images/boitmal/produit/zoom/C7CD6EEE660CA6F90751B2AA9094C58C.jpg,,/product/cafe-em-grao-5-estrelas-embalagem-de-250g/5601126039049
46152,Café moído torrado aroma bellissimo,5601082049946,11058,10043,Embalagem de 200g,Belissimo,,"18,95€/Kg","3,79€",https://cdn.intermarche.pt/pt/Content/images/boitmal/produit/zoom/75AC58DF1E2F97101B73F3E3D8545513.jpg,,/product/cafe-moido-torrado-aroma-bellissimo/5601082049946
46153,Café moído torrado aroma originale,5601082049939,11058,10043,Embalagem de 200g,Belissimo,,"18,95€/Kg","3,79€",https://cdn.intermarche.pt/pt/Content/images/boitmal/produit/zoom/DCD7EFF47748EB9D85D37E0EFF05F879.jpg,,/product/cafe-moido-torrado-aroma-originale/5601082049939
1217,"Café torrado 5 estrelas moagem grossa, embalagem de 250g",5601126039056,11058,10043,,Sical,,"17,16€/Kg","4,29€",https://cdn.intermarche.pt/pt/Content/images/boitmal/produit/zoom/45DAD35B4E214AED1BADB1E9B19B2BCE.jpg,,/product/cafe-torrado-5-estrelas-moagem-grossa-embalagem-de-250g/5601126039056
1223,Café lote bocage grão,5601132102010,11058,10043,Embalagem de 1 kg,Nicola,,"14,99€/Kg","14,99€",https://cdn.intermarche.pt/pt/Content/images/boitmal/produit/zoom/408A522A3AFBB2B66AC1159B7E706DDA.jpg,,/product/cafe-lote-bocage-grao/5601132102010
14629,Café moagem normal: original,7613034750433,11058,10043,Embalagem de 220g,Buondi,,"20,41€/Kg","4,49€",https://cdn.intermarche.pt/pt/Content/images/boitmal/produit/zoom/BA101DA897E67F31EBB715E69813F473.jpg,,/product/cafe-moagem-normal:-original/7613034750433
44978,Café torrado em grão,5604260304264,11058,10043,250 g,PorSi,,"9,00€/Kg","2,25€",https://cdn.intermarche.pt/pt/Content/images/boitmal/produit/zoom/1E16568E67DA2CC0F022221A09F5CCCA.jpg,,/product/cafe-torrado-em-grao/5604260304264
46935,"Café torrado moído masaka, 220g",7613037051575,11058,10043,,Sical,,"21,77€/Kg","4,79€",https://cdn.intermarche.pt/pt/Content/images/boitmal/produit/zoom/40483AB6589A7BBEA237879C4578E72B.jpg,,/product/cafe-torrado-moido-masaka-220g/7613037051575
50601,Café Moagem Universal Ritual,5601082053561,11058,10043,Embalagem de 220g,Delta,,"16,77€/Kg","3,69€",https://cdn.intermarche.pt/pt/Content/images/boitmal/produit/zoom/E01A2CE0ACBD1FF31BFEBD57BF4F2AE8.jpg,,/product/cafe-moagem-universal-ritual/5601082053561
53151,"Café Torrado e Moído Tradicional, 250g",7896089012637,11058,10043,,Pilão,,"17,96€/Kg","4,49€",https://cdn.intermarche.pt/pt/Content/images/boitmal/produit/zoom/345B8ACDEF504E04897D74CD1E9F4DD9.jpg,,/product/cafe-torrado-e-moido-tradicional-250g/7896089012637
43357,Café moagem fina bio,5604260311675,11058,10043,Embalagem de 250g,PorSi Bio,,"10,76€/Kg","2,69€",https://cdn.intermarche.pt/pt/Content/images/boitmal/produit/zoom/24375F6E479944D29A44B353C57E6DA4.jpg,,/product/cafe-moagem-fina-bio/5604260311675
51365,"Café moído robusto, 200 g",8445290618603,11058,10043,,Buondi,,"22,45€/Kg","4,49€",https://cdn.intermarche.pt/pt/Content/images/boitmal/produit/zoom/4CC4509C7873873AF64518BF137E9FF6.jpg,,/product/cafe-moido-robusto-200-g/8445290618603
15997,"Café solúvel clássico, embalagem de 200g",5601001003769,10271,10043,,Nescafé,,"33,70€/Kg","6,74€",https://cdn.intermarche.pt/pt/Content/images/boitmal/produit/zoom/DD7727DB415CF8C2EED3E262EA39C260.jpg,2024-11-27T23:59:59.999Z,/product/cafe-soluvel-classico-embalagem-de-200g/5601001003769
32542,Café solúvel + cereais,5609060007087,10271,10043,Embalagem de 200 g,Delta,,"17,45€/Kg","3,49€",https://cdn.intermarche.pt/pt/Content/images/boitmal/produit/zoom/71017D6AD31C4FAB5A8BF8D255A8BF79.jpg,2024-11-27T23:59:59.999Z,/product/cafe-soluvel-+-cereais/5609060007087
52044,"Café solúvel gold refill, 150g",8445290674128,10271,10043,,Nescafé,,"39,67€/Kg","5,95€",https://cdn.intermarche.pt/pt/Content/images/boitmal/produit/zoom/11DCFD0D51DE18082202223890FB46B6.jpg,2024-11-27T23:59:59.999Z,/product/cafe-soluvel-gold-refill-150g/8445290674128
52043,"Cafe solúvel classico refill, 150g",8445290681416,10271,10043,,Nescafé,,"27,93€/Kg","4,19€",https://cdn.intermarche.pt/pt/Content/images/boitmal/produit/zoom/71759BAD7FCC8E73F25C61D6A4E86F51.jpg,2024-11-27T23:59:59.999Z,/product/cafe-soluvel-classico-refill-150g/8445290681416
2189,Café solúvel gold,5604260264643,10271,10043,Embalagem 100G,PorSi Select,,"28,90€/Kg","2,89€",https://cdn.intermarche.pt/pt/Content/images/boitmal/produit/zoom/960598E96347BE0458DA957738EEDF19.jpg,,/product/cafe-soluvel-gold/5604260264643
2190,Café solúvel c/ cafeína,5604260264650,10271,10043,Embalagem de 100g,PorSi,,"21,00€/Kg","2,10€",https://cdn.intermarche.pt/pt/Content/images/boitmal/produit/zoom/93BFE46618BB57E2181EC2AD5423236E.jpg,,/product/cafe-soluvel-c-ou-cafeina/5604260264650
40672,Café solúvel intenso,5609060095992,10271,10043,Embalagem de 100g,Delta,,"47,90€/Kg","4,79€",https://cdn.intermarche.pt/pt/Content/images/boitmal/produit/zoom/7A1F952E00FD0E204E53DBCD3FAC4315.jpg,,/product/cafe-soluvel-intenso/5609060095992
942,"Café solúvel gold, embalagem de 100g",5601001324109,10271,10043,,Nescafé,,"69,90€/Kg","6,99€",https://cdn.intermarche.pt/pt/Content/images/boitmal/produit/zoom/D2208D6FAF47450CD5F51F6C5577F9FD.jpg,,/product/cafe-soluvel-gold-embalagem-de-100g/5601001324109
940,"Café solúvel nescafé, embalagem de 20g",5601001322402,10271,10043,,Nescafé,,"99,50€/Kg","1,99€",https://cdn.intermarche.pt/pt/Content/images/boitmal/produit/zoom/0F212944843A52390E68B12CB14B3980.jpg,,/product/cafe-soluvel-nescafe-embalagem-de-20g/5601001322402
1134,Café com cafeina solúvel,5601082005324,10271,10043,Embalagem de 20g,Delta,,"89,50€/Kg","1,79€",https://cdn.intermarche.pt/pt/Content/images/boitmal/produit/zoom/A1B99E99D419E998690DA5572372FC60.jpg,,/product/cafe-com-cafeina-soluvel/5601082005324
941,"Café solúvel, embalagem de 100g",5601001322808,10271,10043,,Nescafé,,"49,90€/Kg","4,99€",https://cdn.intermarche.pt/pt/Content/images/boitmal/produit/zoom/60C0C99B7DDDE569E73B19209673ED55.jpg,,/product/cafe-soluvel-embalagem-de-100g/5601001322808
2198,Cappucinno,5604260264742,10271,10043,Embalagem de 125 g,PorSi,,"17,44€/Kg","2,18€",https://cdn.intermarche.pt/pt/Content/images/boitmal/produit/zoom/350674A66C0F40AF84864AC3C3C4645D.jpg,,/product/cappucinno/5604260264742
2415,Café solúvel c/ cafeína,5609060006608,10271,10043,Embalagem de 100g,Delta,,"47,90€/Kg","4,79€",https://cdn.intermarche.pt/pt/Content/images/boitmal/produit/zoom/4E36A2E9AF2A6A6888AB89D7619B5CC5.jpg,,/product/cafe-soluvel-c-ou-cafeina/5609060006608
40673,Café solúvel creme,5609060095695,10271,10043,Embalagem de 80 g,Delta,,"56,13€/Kg","4,49€",https://cdn.intermarche.pt/pt/Content/images/boitmal/produit/zoom/E86B51132FFE0A62D8E5E423B75B1EF3.jpg,,/product/cafe-soluvel-creme/5609060095695
14373,"Café solúvel creme, embalagem de 100g",7613034584236,10271,10043,,Nescafé,,"49,90€/Kg","4,99€",https://cdn.intermarche.pt/pt/Content/images/boitmal/produit/zoom/48199761533FB8DB6A796A993ABA4535.jpg,,/product/cafe-soluvel-creme-embalagem-de-100g/7613034584236
15800,"Cappuccino intenso, embalagem de 130g",7613035078369,10271,10043,,Nescafé,,"31,92€/Kg","3,99€",https://cdn.intermarche.pt/pt/Content/images/boitmal/produit/zoom/4A8D0C0803F0151C7B0ED9ADA911E25B.jpg,,/product/cappuccino-intenso-embalagem-de-130g/7613035078369
18501,Cafe soluvel c/c 200g,5609060006615,10271,10043,Embalagem de 200g,Delta,,"44,45€/Kg","8,89€",https://cdn.intermarche.pt/pt/Content/images/boitmal/produit/zoom/6CFBA67E640620138B0905FB9C2B24DE.jpg,,/product/cafe-soluvel-c-ou-c-200g/5609060006615
43113,"Cappuccino café solúvel descafeinado, embalagem de 125g / 10 saquetas",3033710075652,10271,10043,,Nescafé,,"31,92€/Kg","3,99€",https://cdn.intermarche.pt/pt/Content/images/boitmal/produit/zoom/A407516AA35D086D9FC17DFA6C03BA04.jpg,,/product/cappuccino-cafe-soluvel-descafeinado-embalagem-de-125g-ou-10-saquetas/3033710075652
48711,Delta solúvel intenso,5609060339256,10271,10043,Embalagem de 200g,Delta,,"44,45€/Kg","8,89€",https://cdn.intermarche.pt/pt/Content/images/boitmal/produit/zoom/1CE3F6AE0B9ACC7B0F95BDBF6D6E0D0F.jpg,,/product/delta-soluvel-intenso/5609060339256
4971,"Café solúvel sem cafeína, embalagem de 20g",5601001326103,10271,10043,,Nescafé,,"104,50€/Kg","2,09€",https://cdn.intermarche.pt/pt/Content/images/boitmal/produit/zoom/E66270B97DA870DD88669993A342194B.jpg,,/product/cafe-soluvel-sem-cafeina-embalagem-de-20g/5601001326103
2188,Café solúvel descafeinado,5604260264636,10271,10043,Embalagem de 100G,PorSi,,"25,50€/Kg","2,55€",https://cdn.intermarche.pt/pt/Content/images/boitmal/produit/zoom/9A0E48C6702B1511F5026865DA39B60B.jpg,,/product/cafe-soluvel-descafeinado/5604260264636
17152,"Café com cafeína intenso, embalagem de 100g",7613035082229,10271,10043,,Nescafé,,"49,90€/Kg","4,99€",https://cdn.intermarche.pt/pt/Content/images/boitmal/produit/zoom/2C90AC924E53016C85F7A70B361C8807.jpg,,/product/cafe-com-cafeina-intenso-embalagem-de-100g/7613035082229
2756,"Café solúvel viena, embalagem de 140g",8410100021942,10271,10043,,Nescafé,,"27,71€/Kg","3,99€",https://cdn.intermarche.pt/pt/Content/images/boitmal/produit/zoom/6A816D4EEB30009F5881BAC222D23B47.jpg,,/product/cafe-soluvel-viena-embalagem-de-140g/8410100021942
35616,"Descafeinado, embalagem de 100g",7613037043914,10271,10043,,Nestlé,,"52,90€/Kg","5,29€",https://cdn.intermarche.pt/pt/Content/images/boitmal/produit/zoom/0A2B761D74FBF68CCC420D8C812D4DA5.jpg,,/product/descafeinado-embalagem-de-100g/7613037043914
53099,"Mistura Solúvel Cereais, Chicória e Café, 200g",5609060439833,11057,10043,,Delta,,"14,45€/Kg","2,89€",https://cdn.intermarche.pt/pt/Content/images/boitmal/produit/zoom/6C77AA8D9D25539DF30A6CEB74FA144B.jpg,2024-11-27T23:59:59.999Z,/product/mistura-soluvel-cereais-chicoria-e-cafe-200g/5609060439833
33563,Cevada solúvel,5609060007070,11057,10043,Embalagem de 200 g,Delta,,"11,45€/Kg","2,29€",https://cdn.intermarche.pt/pt/Content/images/boitmal/produit/zoom/FCB4ACE0A99B76EEACA4812C330BEF0D.jpg,2024-11-27T23:59:59.999Z,/product/cevada-soluvel/5609060007070
30891,Bebida solúvel cereais+fibra frasco 200g,5609060099617,11057,10043,Embalagem de 200g,Delta,,"13,45€/Kg","2,69€",https://cdn.intermarche.pt/pt/Content/images/boitmal/produit/zoom/066169C9425FEC23D97E914EC9202A97.jpg,2024-11-27T23:59:59.999Z,/product/bebida-soluvel-cereais+fibra-frasco-200g/5609060099617
40931,Delta chicória + cafe soluvel lata,5609060024107,11057,10043,Embalagem de 250g,Delta,,"19,96€/Kg","4,99€",https://cdn.intermarche.pt/pt/Content/images/boitmal/produit/zoom/3FBC45AAD6AE3A0B5231F7606AA5F408.jpg,2024-11-27T23:59:59.999Z,/product/delta-chicoria-+-cafe-soluvel-lata/5609060024107
53098,"Mistura Solúvel Cevada, Chicória e Centeio sem Café, 200g",5609060439758,11057,10043,,Delta,,"12,20€/Kg","2,44€",https://cdn.intermarche.pt/pt/Content/images/boitmal/produit/zoom/FC3487925D87EA1F223F192FD51689C5.jpg,2024-11-27T23:59:59.999Z,/product/mistura-soluvel-cevada-chicoria-e-centeio-sem-cafe-200g/5609060439758
42196,Cevada torrada moída,5604260304325,11057,10043,Embalagem de 250 g,PorSi,,"4,36€/Kg","1,09€",https://cdn.intermarche.pt/pt/Content/images/boitmal/produit/zoom/77FCA2DF5F2D802B47A9860AA89D1128.jpg,,/product/cevada-torrada-moida/5604260304325
939,"Mistura solúvel tofina despertar, embalagem de 200g",5601001315107,11057,10043,,Nestlé,,"14,20€/Kg","2,84€",https://cdn.intermarche.pt/pt/Content/images/boitmal/produit/zoom/5CE6D55625AEDC805A15D1C134965D0D.jpg,,/product/mistura-soluvel-tofina-despertar-embalagem-de-200g/5601001315107
947,"Mistura solúvel brasa, embalagem de 200g",5601001355905,11057,10043,,Nestlé,,"18,95€/Kg","3,79€",https://cdn.intermarche.pt/pt/Content/images/boitmal/produit/zoom/6981E67BBCF9FFC80CE2C5DE99454533.jpg,,/product/mistura-soluvel-brasa-embalagem-de-200g/5601001355905
2196,Cevada solúvel,5604260264728,11057,10043,Embalagem de 200g,PorSi,,"9,95€/Kg","1,99€",https://cdn.intermarche.pt/pt/Content/images/boitmal/produit/zoom/CE56848CDD24C77DB85E537A10E5B743.jpg,,/product/cevada-soluvel/5604260264728
944,"Mistura solúvel mokambo, embalagem de 200g",5601001339301,11057,10043,,Nestlé,,"19,95€/Kg","3,99€",https://cdn.intermarche.pt/pt/Content/images/boitmal/produit/zoom/A8F3A8EB08BBF4181F15A95334F151A2.jpg,,/product/mistura-soluvel-mokambo-embalagem-de-200g/5601001339301
2195,Mistura solúvel c/ 20% café granulado,5604260264711,11057,10043,Embalagem de 200g,PorSi,,"13,45€/Kg","2,69€",https://cdn.intermarche.pt/pt/Content/images/boitmal/produit/zoom/6C008819C86CFE3F15EC38EB9FD1782B.jpg,,/product/mistura-soluvel-c-ou-20%25-cafe-granulado/5604260264711
19664,"Bebida de cereais e café mokambo intenso, embalagem de 180g",7613035655782,11057,10043,,Nestlé,,"22,80€/Kg","3,99€",https://cdn.intermarche.pt/pt/Content/images/boitmal/produit/zoom/A3CA615261CEC919CFE62FBBDABF420F.jpg,,/product/bebida-de-cereais-e-cafe-mokambo-intenso-embalagem-de-180g/7613035655782
2194,Mistura solúvel c/ 20% café pó,5604260264704,11057,10043,Embalagem de 200g,PorSi,,"14,45€/Kg","2,89€",https://cdn.intermarche.pt/pt/Content/images/boitmal/produit/zoom/BCDBEC0971F39C467B5BCF320385DF71.jpg,,/product/mistura-soluvel-c-ou-20%25-cafe-po/5604260264704
945,"Mistura solúvel bolero, embalagem de 200g",5601001346408,11057,10043,,Nestlé,,"19,95€/Kg","3,99€",https://cdn.intermarche.pt/pt/Content/images/boitmal/produit/zoom/59FE98B6D56B1A58C87362C66E80589F.jpg,,/product/mistura-soluvel-bolero-embalagem-de-200g/5601001346408
42197,Mistura com 20% café torrada moída,5604260304318,11057,10043,Embalagem de 250g,PorSi,,"7,96€/Kg","1,99€",https://cdn.intermarche.pt/pt/Content/images/boitmal/produit/zoom/258F601BA7F05DFC01E90A74AF63EB04.jpg,,/product/mistura-com-20%25-cafe-torrada-moida/5604260304318
33824,"Ricore, embalagem de 260g",7613033332913,11057,10043,,Nestlé,,"24,19€/Kg","6,29€",https://cdn.intermarche.pt/pt/Content/images/boitmal/produit/zoom/12FE6E3B957B081BFA0A8B731D2DE9B3.jpg,,/product/ricore-embalagem-de-260g/7613033332913
2193,Mistura sol sem café granulado,5604260264698,11057,10043,Embalagem de 200g,PorSi,,"15,70€/Kg","3,14€",https://cdn.intermarche.pt/pt/Content/images/boitmal/produit/zoom/B95D83A4DFDAD93B2BF60D97294E1013.jpg,,/product/mistura-sol-sem-cafe-granulado/5604260264698
18619,Chá de frutos vermelhos,5014328054756,11736,10043,Embalagem de 30g,Tetley,,"57,50€/Kg","1,84€",https://cdn.intermarche.pt/pt/Content/images/boitmal/produit/zoom/C5BC5DEA999699289F39F909DAD82BA7.jpg,2024-11-27T23:59:59.999Z,/product/cha-de-frutos-vermelhos/5014328054756
2403,"Chá de mel, limão e ginseng",5608543000072,11736,10043,Embalagem de 20g,Tetley,,"47,50€/Kg","0,95€",https://cdn.intermarche.pt/pt/Content/images/boitmal/produit/zoom/DB68353C4D0E30C880FEA97D075943EF.jpg,2024-11-27T23:59:59.999Z,/product/cha-de-mel-limao-e-ginseng/5608543000072
2406,Chá preto,5608543000102,11736,10043,Embalagem de 30g,Tetley,,"43,00€/Kg","1,29€",https://cdn.intermarche.pt/pt/Content/images/boitmal/produit/zoom/B2CA31FF335EAFD397F63994E5AF9EBC.jpg,2024-11-27T23:59:59.999Z,/product/cha-preto/5608543000102
2407,Chá verde,5608543000133,11736,10043,Embalagem de 20g,Tetley,,"52,78€/Kg","0,95€",https://cdn.intermarche.pt/pt/Content/images/boitmal/produit/zoom/8E02DD9BA1324B098CBEC62350029218.jpg,2024-11-27T23:59:59.999Z,/product/cha-verde/5608543000133
2405,"Chá preto, embalagem de 20g",5608543000096,11736,10043,,Tetley,,"49,33€/Kg","0,74€",https://cdn.intermarche.pt/pt/Content/images/boitmal/produit/zoom/B40D664132094CEE9391DB8865EC11A2.jpg,2024-11-27T23:59:59.999Z,/product/cha-preto-embalagem-de-20g/5608543000096
2409,Infusão de camomila,5608543000157,11736,10043,Embalagem de 10g,Tetley,,"89,00€/Kg","0,89€",https://cdn.intermarche.pt/pt/Content/images/boitmal/produit/zoom/C995769A7E3ACBF1E8869F2AEDA95DF9.jpg,2024-11-27T23:59:59.999Z,/product/infusao-de-camomila/5608543000157
865,Infusão de frutos vermelhos,5014328028740,11736,10043,Embalagem de 20g,Tetley,,"74,38€/Kg","1,19€",https://cdn.intermarche.pt/pt/Content/images/boitmal/produit/zoom/781EBB6A7EF96D7BE9937F977C0554CF.jpg,2024-11-27T23:59:59.999Z,/product/infusao-de-frutos-vermelhos/5014328028740
871,Infusão de cidreira,5014328080892,11736,10043,"Embalagem de 20 unidades, 30 g",Tetley,,"48,33€/Kg","1,45€",https://cdn.intermarche.pt/pt/Content/images/boitmal/produit/zoom/6A10216F1C303558132F04FBD5C4B7ED.jpg,2024-11-27T23:59:59.999Z,/product/infusao-de-cidreira/5014328080892
2413,Infusão de cidreira,5608543000201,11736,10043,Embalagem de 10g,Tetley,,"89,00€/Kg","0,89€",https://cdn.intermarche.pt/pt/Content/images/boitmal/produit/zoom/B509E21C38FEEA977A773FECDA02428B.jpg,2024-11-27T23:59:59.999Z,/product/infusao-de-cidreira/5608543000201
2412,Infusão de lúcia lima,5608543000188,11736,10043,Embalagem de 10g,Tetley,,"89,00€/Kg","0,89€",https://cdn.intermarche.pt/pt/Content/images/boitmal/produit/zoom/97861FD053982D10D1A19EBF7D3A0A0F.jpg,2024-11-27T23:59:59.999Z,/product/infusao-de-lucia-lima/5608543000188
9814,"Chá preto, sem cafeína, 10 saquetas",5608543000119,11736,10043,Embalagem de 20g,Tetley,,"52,78€/Kg","0,95€",https://cdn.intermarche.pt/pt/Content/images/boitmal/produit/zoom/2852A5AE7141EA3B3E4C9845007ED5A0.jpg,2024-11-27T23:59:59.999Z,/product/cha-preto-sem-cafeina-10-saquetas/5608543000119
2411,Infusão de tília,5608543000171,11736,10043,Embalagem de 10g,Tetley,,"89,00€/Kg","0,89€",https://cdn.intermarche.pt/pt/Content/images/boitmal/produit/zoom/9134BB2B5DD011DC82336B723C7688FB.jpg,2024-11-27T23:59:59.999Z,/product/infusao-de-tilia/5608543000171
1328,"10 saquetas infusão de cidreira, embalagem de 20g",5601165005760,11736,10043,,Lipton,,"72,67€/Kg","1,09€",https://cdn.intermarche.pt/pt/Content/images/boitmal/produit/zoom/CD0E912EDCBC0F88CCB88A275A3DBF8A.jpg,,/product/10-saquetas-infusao-de-cidreira-embalagem-de-20g/5601165005760
2100,Infusão de camomila,5604260227402,11736,10043,Embalagem de 33.7 g,PorSi,,"23,94€/Kg","0,79€",https://cdn.intermarche.pt/pt/Content/images/boitmal/produit/zoom/6C7B44F1EAA869EF4400C118498F1971.jpg,,/product/infusao-de-camomila/5604260227402
18567,"Cha infusão verde, embalagem com 10 saquetas",5604321012008,11736,10043,,Cemporcento,,"66,00€/Kg","0,99€",https://cdn.intermarche.pt/pt/Content/images/boitmal/produit/zoom/E04EDD2C25F981BDD238538599912AA7.jpg,,/product/cha-infusao-verde-embalagem-com-10-saquetas/5604321012008
2101,Infusão de tília,5604260227419,11736,10043,Embalagem de 30g,PorSi,,"26,33€/Kg","0,79€",https://cdn.intermarche.pt/pt/Content/images/boitmal/produit/zoom/C5D726054F68D86287B2EC86190C3F84.jpg,,/product/infusao-de-tilia/5604260227419
2104,Infusão lúcia lima,5604260227440,11736,10043,Embalagem de 35 g,PorSi,,"28,29€/Kg","0,99€",https://cdn.intermarche.pt/pt/Content/images/boitmal/produit/zoom/39FBD56F72E8BB9C32E75729E686559E.jpg,,/product/infusao-lucia-lima/5604260227440
43325,Bio infusão camomila 10x1.1g,5604260309504,11289,10119,Embalagem de 11g,PorSi Bio,,"81,82€/Kg","0,90€",https://cdn.intermarche.pt/pt/Content/images/boitmal/produit/zoom/02157BDABC619973253D101BB852653F.jpg,,/product/bio-infusao-camomila-10x1.1g/5604260309504
43344,Infusão Após Refeição,5604260309450,11736,10043,Embalagem de 10x15g,PorSi Viva Bem,,"56,67€/Kg","0,85€",https://cdn.intermarche.pt/pt/Content/images/boitmal/produit/zoom/474938280042F98F780D0EB4242305D5.jpg,,/product/infusao-apos-refeicao/5604260309450
43347,Bio infusão de menta 10x1.5g,5604260309528,11289,10119,Embalagem de 15g,PorSi Bio,,"56,67€/Kg","0,85€",https://cdn.intermarche.pt/pt/Content/images/boitmal/produit/zoom/4D26BF8CF7BDE098AF78A3F75BE698A7.jpg,,/product/bio-infusao-de-menta-10x1.5g/5604260309528
43353,Infusão noite 10x1.5g,5604260309474,11736,10043,Embalagem de 15g,PorSi Viva Bem,,"46,00€/Kg","0,69€",https://cdn.intermarche.pt/pt/Content/images/boitmal/produit/zoom/D68A5ABCA695F250A155FEEEEC3DFF16.jpg,,/product/infusao-noite-10x1.5g/5604260309474
438,"20 saquetas infusão de cidreira, embalagem de 20g",8722700140139,11736,10043,,Lipton,,"114,50€/Kg","2,29€",https://cdn.intermarche.pt/pt/Content/images/boitmal/produit/zoom/5BD4BD05824B7246D1659F44FE1CD00E.jpg,,/product/20-saquetas-infusao-de-cidreira-embalagem-de-20g/8722700140139
34321,Chá preto 25 saquetas,5604260227389,11736,10043,Embalagem de 44g,PorSi,,"31,59€/Kg","1,39€",https://cdn.intermarche.pt/pt/Content/images/boitmal/produit/zoom/60EF9BCB3785E83CC5AAD59955134898.jpg,,/product/cha-preto-25-saquetas/5604260227389
31429,"Chá infusão sem barriga, embalagem de 13g",5604321025336,11736,10043,,Cemporcento,,"68,46€/Kg","0,89€",https://cdn.intermarche.pt/pt/Content/images/boitmal/produit/zoom/CDC98FB0179D0BAAD964B2A6D9D22C5F.jpg,,/product/cha-infusao-sem-barriga-embalagem-de-13g/5604321025336
2099,Chá verde,5604260227396,11736,10043,Embalagem de 37.5 g,PorSi,,"26,76€/Kg","0,99€",https://cdn.intermarche.pt/pt/Content/images/boitmal/produit/zoom/10F02D8B35A271D79B6A442353B9A328.jpg,,/product/cha-verde/5604260227396
2102,Chá verde menta,5604260227426,11736,10043,Embalagem de 43.7 g,PorSi,,"24,42€/Kg","1,05€",https://cdn.intermarche.pt/pt/Content/images/boitmal/produit/zoom/2250671646276869048A51D39A79C95C.jpg,,/product/cha-verde-menta/5604260227426
543,"20 saquetas chá digestão fácil, embalagem de 30g",3228881083241,11736,10043,,Lipton,,"106,33€/Kg","3,19€",https://cdn.intermarche.pt/pt/Content/images/boitmal/produit/zoom/28A1713A439B692F2535F37C60AAED17.jpg,,/product/20-saquetas-cha-digestao-facil-embalagem-de-30g/3228881083241
2103,Infusão cidreira,5604260227433,11736,10043,Embalagem de 40g,PorSi,,"24,75€/Kg","0,99€",https://cdn.intermarche.pt/pt/Content/images/boitmal/produit/zoom/74D9702E9D3406215A6E69385AA98FE7.jpg,,/product/infusao-cidreira/5604260227433
542,"20 saquetas chá verde pure, embalagem de 30g",3228881076236,11736,10043,,Lipton,,"72,69€/Kg","1,89€",https://cdn.intermarche.pt/pt/Content/images/boitmal/produit/zoom/97F9FF6EFDB9C2050DE296FFAE4DC86D.jpg,,/product/20-saquetas-cha-verde-pure-embalagem-de-30g/3228881076236
544,"20 saquetas chá noite tranquila, embalagem de 30g",3228881083326,11736,10043,,Lipton,,"106,33€/Kg","3,19€",https://cdn.intermarche.pt/pt/Content/images/boitmal/produit/zoom/4B6373E8CCC5E41A695E3EDADC8DBB53.jpg,,/product/20-saquetas-cha-noite-tranquila-embalagem-de-30g/3228881083326
2450,"20 saquetas chá de limão, embalagem de 40g",7310390855160,11736,10043,,Lipton,,"81,67€/Kg","2,94€",https://cdn.intermarche.pt/pt/Content/images/boitmal/produit/zoom/EE45EF4BD942C014234181D00D407200.jpg,,/product/20-saquetas-cha-de-limao-embalagem-de-40g/7310390855160
44747,"Chá verde 20 saquetas, embalagem de 32g",8722700210641,11736,10043,,Lipton,,"79,38€/Kg","2,54€",https://cdn.intermarche.pt/pt/Content/images/boitmal/produit/zoom/3FC04E3C0FD4695229F93C7F233CA5A0.jpg,,/product/cha-verde-20-saquetas-embalagem-de-32g/8722700210641
18561,"Infusão nº 6 sem barriga, embalagem de 10 unidades",5604321012114,11736,10043,,Cemporcento,,"65,38€/Kg","0,85€",https://cdn.intermarche.pt/pt/Content/images/boitmal/produit/zoom/4A679650264D5C4D6F9924E55EBD7820.jpg,,/product/infusao-nº-6-sem-barriga-embalagem-de-10-unidades/5604321012114
2098,Chá preto frutos vermelhos,5604260227365,11736,10043,Embalagem de 40g,PorSi,,"32,25€/Kg","1,29€",https://cdn.intermarche.pt/pt/Content/images/boitmal/produit/zoom/3F7031CF7DA89E58966723AD86E9A34D.jpg,,/product/cha-preto-frutos-vermelhos/5604260227365
18555,"Infusão cavalinha, embalagem de 10 unidades",5604321023028,11736,10043,,Cemporcento,,"60,77€/Kg","0,79€",https://cdn.intermarche.pt/pt/Content/images/boitmal/produit/zoom/28BE9624F3FF8A8EF2AB3B41F0796668.jpg,,/product/infusao-cavalinha-embalagem-de-10-unidades/5604321023028
43345,Infusão elegância 10x1.5g,5604260309467,11736,10043,Embalagem de 15g,PorSi Viva Bem,,"46,00€/Kg","0,69€",https://cdn.intermarche.pt/pt/Content/images/boitmal/produit/zoom/E7647775F85F27C05147D6C33E680773.jpg,,/product/infusao-elegancia-10x1.5g/5604260309467
16602,"20 saquetas infusão limão gengibre, embalagem de 40g",8712100399473,11736,10043,,Lipton,,"79,75€/Kg","3,19€",https://cdn.intermarche.pt/pt/Content/images/boitmal/produit/zoom/65BA9801AEBFAAB1BDA82D648B8778B3.jpg,,/product/20-saquetas-infusao-limao-gengibre-embalagem-de-40g/8712100399473
18564,"Infusão cidreira, embalagem de 10 unidades",5604321012046,11736,10043,,Cemporcento,,"68,46€/Kg","0,89€",https://cdn.intermarche.pt/pt/Content/images/boitmal/produit/zoom/D5DDC2104EA30F298C31F91B0AC460D0.jpg,,/product/infusao-cidreira-embalagem-de-10-unidades/5604321012046
18566,"Cha infusão vermelho, embalagem com 10 saquetas",5604321012015,11736,10043,,Cemporcento,,"76,15€/Kg","0,99€",https://cdn.intermarche.pt/pt/Content/images/boitmal/produit/zoom/8E80F281E570AACDD77E58765D8EAEE3.jpg,,/product/cha-infusao-vermelho-embalagem-com-10-saquetas/5604321012015
43324,Infusão pure 10x1.5g,5604260309481,11736,10043,Embalagem de 15g,PorSi Viva Bem,,"52,67€/Kg","0,79€",https://cdn.intermarche.pt/pt/Content/images/boitmal/produit/zoom/1409B99F71F11F6E104E32E33C8E11E8.jpg,,/product/infusao-pure-10x1.5g/5604260309481
44809,"Achocolatado em saco, embalagem de 1 kg",7613035593756,11745,10043,,Nesquik,,"7,99€/Kg","7,99€",https://cdn.intermarche.pt/pt/Content/images/boitmal/produit/zoom/7A82F6A4FFDD5A747845650B2714ACA6.jpg,,/product/achocolatado-em-saco-embalagem-de-1-kg/7613035593756
12237,"Achocolatado em pó extra chocolate, embalagem de 390g",7613034725936,11745,10043,,Nesquik,,"16,64€/Kg","6,49€",https://cdn.intermarche.pt/pt/Content/images/boitmal/produit/zoom/BB833C246FA0F7BBDDFD7107AA28A5C9.jpg,,/product/achocolatado-em-po-extra-chocolate-embalagem-de-390g/7613034725936
2454,Achocolatado em pó,7612100054963,11745,10043,Embalagem de 400g,Ovomaltine,,"18,23€/Kg","7,29€",https://cdn.intermarche.pt/pt/Content/images/boitmal/produit/zoom/C41CD38030E9D016D2078B6296A83635.jpg,,/product/achocolatado-em-po/7612100054963
10037,"Achocolatado energy, embalagem de 750g",8410014030320,11745,10043,,Cola cao,,"9,32€/Kg","6,99€",https://cdn.intermarche.pt/pt/Content/images/boitmal/produit/zoom/FF4B4A30515766E47F6B82A1A058ED06.jpg,,/product/achocolatado-energy-embalagem-de-750g/8410014030320
44741,"Achocolatado intenso 40% cacau, embalagem de 330g",7613287093233,11745,10043,,Nestlé,,"22,70€/Kg","7,49€",https://cdn.intermarche.pt/pt/Content/images/boitmal/produit/zoom/FBF1F147E378F893E0B2EC8F13CECEE4.jpg,,/product/achocolatado-intenso-40%25-cacau-embalagem-de-330g/7613287093233
52021,"Achocolatado 0% Açucar, 320g",8445290634887,11745,10043,,Nesquik,,"20,28€/Kg","6,49€",https://cdn.intermarche.pt/pt/Content/images/boitmal/produit/zoom/80C5A8D121F6958A2DC4A384FEA55BC8.jpg,,/product/achocolatado-0%25-acucar-320g/8445290634887
53232,"Achocolatado em Pó, 600g",8445290759207,11745,10043,,Nesquik,,"11,15€/Kg","6,69€",https://cdn.intermarche.pt/pt/Content/images/boitmal/produit/zoom/1E8F61743B1B3F44416834AAF4EBE584.jpg,,/product/achocolatado-em-po-600g/8445290759207
16691,Chocolate quente 90 segundos,8410740902151,11745,10043,Embalagem de 350g,Lacasa,,"10,83€/Kg","3,79€",https://cdn.intermarche.pt/pt/Content/images/boitmal/produit/zoom/B49EA4A114BD116DF1D17692DDB570FF.jpg,,/product/chocolate-quente-90-segundos/8410740902151
2097,"Açúcar granulado, 1kg",5604260227181,10292,10047,,PorSi,,"1,09€/Kg","1,09€",https://cdn.intermarche.pt/pt/Content/images/boitmal/produit/zoom/29BB0BA27119440735472700B02D7E72.jpg,,/product/acucar-granulado-1kg/5604260227181
25534,Açúcar amarelo,5604260282661,10292,10047,Embalagem de 1 kg,PorSi,,"1,59€/Kg","1,59€",https://cdn.intermarche.pt/pt/Content/images/boitmal/produit/zoom/A901F84147A3D12B8FD0644A2736DC64.jpg,,/product/acucar-amarelo/5604260282661
1734,"Açúcar em saquetas, 1kg",5604260000487,10292,10047,,PorSi,,"2,85€/Kg","2,85€",https://cdn.intermarche.pt/pt/Content/images/boitmal/produit/zoom/31049817F2500F25E853D10610D358E5.jpg,,/product/acucar-em-saquetas-1kg/5604260000487
1677,"Açúcar granulado embalado em papel, 1kg",5602711001311,10292,10047,,Rar,,"1,59€/Kg","1,59€",https://cdn.intermarche.pt/pt/Content/images/boitmal/produit/zoom/F8294E745C95C50AD875621A802EA691.jpg,,/product/acucar-granulado-embalado-em-papel-1kg/5602711001311
1680,"Açúcar areado amarelo, embalagem de 1kg",5602711001625,10292,10047,,Rar,,"1,99€/Kg","1,99€",https://cdn.intermarche.pt/pt/Content/images/boitmal/produit/zoom/3C5E6DE51426168BD36EBB60A45175FF.jpg,,/product/acucar-areado-amarelo-embalagem-de-1kg/5602711001625
34727,"Açúcar mascavado escuro, 500g",5602711107501,10292,10047,,Rar,,"3,98€/Kg","1,99€",https://cdn.intermarche.pt/pt/Content/images/boitmal/produit/zoom/ADEFD1C58B19FD74B05B253A47CDCB93.jpg,,/product/acucar-mascavado-escuro-500g/5602711107501
40763,50 sticks açúcar,5604260297115,10292,10047,Embalagem de 200 g,PorSi,,"4,95€/Kg","0,99€",https://cdn.intermarche.pt/pt/Content/images/boitmal/produit/zoom/2015FE47D0BA2DE3F8C9E16A6AE7DEA9.jpg,,/product/50-sticks-acucar/5604260297115
42780,Acucar mascavado 50saq,5604260306374,10292,10047,Embalagem de 200g,PorSi,,"7,95€/Kg","1,59€",https://cdn.intermarche.pt/pt/Content/images/boitmal/produit/zoom/7157959E060311268F6493DDA0F4B15B.jpg,,/product/acucar-mascavado-50saq/5604260306374
47791,Açúcar em pó,5604260322275,10292,10047,225 g,PorSi,,"5,73€/Kg","1,29€",https://cdn.intermarche.pt/pt/Content/images/boitmal/produit/zoom/699CB5F4B7A1C6C14AFC347DA327E282.jpg,,/product/acucar-em-po/5604260322275
43813,Adoçante em pó stevia,5604260309573,10292,10047,Embalagem de 250 g,PorSi Viva Bem,,"21,96€/Kg","5,49€",https://cdn.intermarche.pt/pt/Content/images/boitmal/produit/zoom/3AD69FD78ABD68576443F3E1E487F3CD.jpg,,/product/adocante-em-po-stevia/5604260309573
43802,Adoçante com doseador,5604260309603,10292,10047,Embalagem de 66g,PorSi,,"30,15€/Kg","1,99€",https://cdn.intermarche.pt/pt/Content/images/boitmal/produit/zoom/A466DB50B8A5400EFA062C29A8A20447.jpg,,/product/adocante-com-doseador/5604260309603
1676,"Açúcar granulado, 1kg",5602711001304,10292,10047,,Rar,,"1,89€/Kg","1,89€",https://cdn.intermarche.pt/pt/Content/images/boitmal/produit/zoom/AB41D357504046A91D49881E05A1C76F.jpg,,/product/acucar-granulado-1kg/5602711001304
41192,Açúcar de coco bio,5604260307142,10292,10047,Embalagem de 250 g,PorSi Bio,,"7,96€/Kg","1,99€",https://cdn.intermarche.pt/pt/Content/images/boitmal/produit/zoom/FECE2E2C7CDFA8B72CE8416E710CD79D.jpg,,/product/acucar-de-coco-bio/5604260307142
43812,Adoçante em pó stevia,5604260309610,10292,10047,Embalagem de 17g,PorSi Viva Bem,,"85,29€/Kg","1,45€",https://cdn.intermarche.pt/pt/Content/images/boitmal/produit/zoom/AC9469AB6AD8AEDEB011BFE8CD5A9509.jpg,,/product/adocante-em-po-stevia/5604260309610
49537,Açúcar em cubos,5604260321278,10292,10047,Embalagem de 1 kg,PorSi,,"1,99€/Kg","1,99€",https://cdn.intermarche.pt/pt/Content/images/boitmal/produit/zoom/3C48AB378948B9279A3E9DD3DB21F475.jpg,,/product/acucar-em-cubos/5604260321278
1684,"Açúcar mascavado claro, embalagem de 500g",5602711107495,10292,10047,,Rar,,"3,98€/Kg","1,99€",https://cdn.intermarche.pt/pt/Content/images/boitmal/produit/zoom/4C2EEB3F1401F2B3A5F30214936B9FC1.jpg,,/product/acucar-mascavado-claro-embalagem-de-500g/5602711107495
18867,Adoçante com doseador,5604260271085,10292,10047,Embalagem 100 comprimidos,PorSi,,"165,00€/Kg","0,99€",https://cdn.intermarche.pt/pt/Content/images/boitmal/produit/zoom/2289C2E875F2551A014CFC453BCC68AF.jpg,,/product/adocante-com-doseador/5604260271085
31424,"Açúcar de cana integral, embalagem de 500g",5604321020485,10292,10047,,Cemporcento,,"5,18€/Kg","2,59€",https://cdn.intermarche.pt/pt/Content/images/boitmal/produit/zoom/6E76E61D3D6385D5EAA98F5077A008B4.jpg,,/product/acucar-de-cana-integral-embalagem-de-500g/5604321020485
35707,Açúcar branco sticks,5602711111133,10292,10047,Embalagem com 170 saquetas,Rar,,"3,69€/Kg","3,69€",https://cdn.intermarche.pt/pt/Content/images/boitmal/produit/zoom/77DCBD89EA01CF9E2504571E225336E9.jpg,,/product/acucar-branco-sticks/5602711111133
43801,Adoçante liquido,5604260309597,10292,10047,Garrafa de 125 ml,PorSi,,"15,92€/L","1,99€",https://cdn.intermarche.pt/pt/Content/images/boitmal/produit/zoom/7BAF5F606439299A0029FD940BCCB8BC.jpg,,/product/adocante-liquido/5604260309597
43809,Adoçante à base de sucralose,5604260309870,10292,10047,Embalagem de 17g,PorSi Viva Bem,,"93,53€/Kg","1,59€",https://cdn.intermarche.pt/pt/Content/images/boitmal/produit/zoom/11A6E48D2243E637207BF8557BB8D344.jpg,,/product/adocante-a-base-de-sucralose/5604260309870
18868,Adoçante com doseador,5604260271092,10292,10047,Embalagem 300 comprimidos,PorSi,,"87,65€/Kg","1,49€",https://cdn.intermarche.pt/pt/Content/images/boitmal/produit/zoom/EB15DEE5777CDE306ABED2B4AC0F639F.jpg,,/product/adocante-com-doseador/5604260271092
3320,Adoçante em pó,5604260032761,10292,10047,250 saquetas,PorSi,,"4,99€/Unidade","4,99€",https://cdn.intermarche.pt/pt/Content/images/boitmal/produit/zoom/8DD23FB4E35D2E6BD0E6B33C4E3F5E39.jpg,,/product/adocante-em-po/5604260032761
39229,"Açúcar de coco biológico, embalagem de 250g",5601557057421,10292,10047,,Salutem,,"9,96€/Kg","2,49€",https://cdn.intermarche.pt/pt/Content/images/boitmal/produit/zoom/A7645A799B24E4387EDC326B8E262E8E.jpg,,/product/acucar-de-coco-biologico-embalagem-de-250g/5601557057421
39372,"Açúcar mascavado de cana r, embalagem de 500g",5601557031025,10292,10047,,Salutem,,"4,38€/Kg","2,19€",https://cdn.intermarche.pt/pt/Content/images/boitmal/produit/zoom/89DFDE760789B5EC5AD47208C3A7F5C9.jpg,,/product/acucar-mascavado-de-cana-r-embalagem-de-500g/5601557031025
47770,Frutose,5604260322367,10292,10047,Boião de 410 g,PorSi,,"9,00€/Kg","3,69€",https://cdn.intermarche.pt/pt/Content/images/boitmal/produit/zoom/A8B8C921978EA5CA5401EF8336123F39.jpg,,/product/frutose/5604260322367
1679,"Açucar icing, embalagem de 250g",5602711001557,10292,10047,,Rar,,"5,16€/Kg","1,29€",https://cdn.intermarche.pt/pt/Content/images/boitmal/produit/zoom/52F907316CA05E8B78E567EBA887C11C.jpg,,/product/acucar-icing-embalagem-de-250g/5602711001557
22537,"Açúcar baunilhado, embalagem de 40g",3179148441000,10292,10047,,Vahine,,"80,81€/Kg","2,99€",https://cdn.intermarche.pt/pt/Content/images/boitmal/produit/zoom/7211D7C0AA1762FBC90D997AF945B738.jpg,,/product/acucar-baunilhado-embalagem-de-40g/3179148441000
2614,Adoçante c/ doseador,7640110700259,10292,10047,Embalagem de 10g,Canderel,,"209,00€/Kg","2,09€",https://cdn.intermarche.pt/pt/Content/images/boitmal/produit/zoom/F1E82629E44B84AD42AC550AE11003A9.jpg,,/product/adocante-c-ou-doseador/7640110700259
43800,Adoçante à base de sucralose em pó,5604260309580,10292,10047,Embalagem de 90g,PorSi,,"24,33€/Kg","2,19€",https://cdn.intermarche.pt/pt/Content/images/boitmal/produit/zoom/DDE7E88D41CF5412E8414EBBD02387F0.jpg,,/product/adocante-a-base-de-sucralose-em-po/5604260309580
14348,"Adoçante recarga, embalagem de 40g",5412503100074,10292,10047,,Canderel,,"166,43€/Kg","6,99€",https://cdn.intermarche.pt/pt/Content/images/boitmal/produit/zoom/1D04B85A60EA745E757D4029379C98F2.jpg,,/product/adocante-recarga-embalagem-de-40g/5412503100074
1678,Açúcar fino,5602711001502,10292,10047,Embalagem de 1000 g,Rar,,"1,99€/Kg","1,99€",https://cdn.intermarche.pt/pt/Content/images/boitmal/produit/zoom/F28D4E79720B795446B173D73EE28A7A.jpg,,/product/acucar-fino/5602711001502
2615,Adoçante c/ doseador,7640110700266,10292,10047,Embalagem de 30g,Canderel,,"166,33€/Kg","4,99€",https://cdn.intermarche.pt/pt/Content/images/boitmal/produit/zoom/61FEC6C92A30181831206AB381107438.jpg,,/product/adocante-c-ou-doseador/7640110700266
3321,Adoçante comprimidos,5604260032778,10292,10047,Embalagem de 250 saquetas,PorSi,,"4,59€/Unidade","4,59€",https://cdn.intermarche.pt/pt/Content/images/boitmal/produit/zoom/6BCAAE3F1C27928C6A48939DBD461A07.jpg,,/product/adocante-comprimidos/5604260032778
39016,"Frutose, 500g",5604321007004,10292,10047,,Cemporcento,,"6,98€/Kg","3,49€",https://cdn.intermarche.pt/pt/Content/images/boitmal/produit/zoom/DB3B45F26157A3F217AC9E4FE44E1E7B.jpg,,/product/frutose-500g/5604321007004
39560,"Açúcar coco bio, embalagem de 250g",5604321035427,10292,10047,,Cemporcento,,"12,76€/Kg","3,19€",https://cdn.intermarche.pt/pt/Content/images/boitmal/produit/zoom/60AEA127FBD4CAA3361D0A74B0372CB7.jpg,,/product/acucar-coco-bio-embalagem-de-250g/5604321035427
39701,Açúcar de coco bio,5604321032617,10292,10047,Embalagem de 250g,Cemporcento,,"11,96€/Kg","2,99€",https://cdn.intermarche.pt/pt/Content/images/boitmal/produit/zoom/F58D163270B6D0629D024022BFA1416E.jpg,,/product/acucar-de-coco-bio/5604321032617
47767,Pasta de açúcar branco pérola,5604260322305,10292,10047,250 g,PorSi,,"10,76€/Kg","2,69€",https://cdn.intermarche.pt/pt/Content/images/boitmal/produit/zoom/2F2F54269CC71E2563648C63824FEE0A.jpg,,/product/pasta-de-acucar-branco-perola/5604260322305
47768,Pasta de açúcar branco,5604260322312,10292,10047,250 g,PorSi,,"10,76€/Kg","2,69€",https://cdn.intermarche.pt/pt/Content/images/boitmal/produit/zoom/2502B10865723F47A26CC673525A3738.jpg,,/product/pasta-de-acucar-branco/5604260322312
52755,Açúcar demerara,5602711112048,10292,10047,Embalagem de 500 g,Rar,,"4,18€/Kg","2,09€",https://cdn.intermarche.pt/pt/Content/images/boitmal/produit/zoom/1C75EB2CB54D0450968E341ED8101759.jpg,,/product/acucar-demerara/5602711112048
2549,"Chocolate culinário, embalagem de 200g",7613034717931,11737,10047,,Nestlé,,"7,95€/Kg","1,59€",https://cdn.intermarche.pt/pt/Content/images/boitmal/produit/zoom/BE5FC31D1F752D030E9BC48A4072345E.jpg,2024-11-27T23:59:59.999Z,/product/chocolate-culinario-embalagem-de-200g/7613034717931
28120,Chocolate culinário 70% cacau,7613036142182,11737,10047,Embalagem de 170 g,Nestlé,,"16,71€/Kg","2,84€",https://cdn.intermarche.pt/pt/Content/images/boitmal/produit/zoom/C4D0CF45A150F91F6CAFE269CFDDD644.jpg,2024-11-27T23:59:59.999Z,/product/chocolate-culinario-70%25-cacau/7613036142182
948,"Chocolate culinário, embalagem de 200g",5601001418402,11737,10047,,Nestlé,,"12,95€/Kg","2,59€",https://cdn.intermarche.pt/pt/Content/images/boitmal/produit/zoom/0FC536C15E8D7414777BAF405553F977.jpg,2024-11-27T23:59:59.999Z,/product/chocolate-culinario-embalagem-de-200g/5601001418402
1043,"Chocolate culinário, embalagem de 200g",5601055024017,11737,10047,,Pantagruel,,"13,25€/Kg","2,65€",https://cdn.intermarche.pt/pt/Content/images/boitmal/produit/zoom/D3D7CFFD4124E6CB6BDDF838BE6888D4.jpg,,/product/chocolate-culinario-embalagem-de-200g/5601055024017
37995,Tablete de chocolate culinário branco,5604260302109,11737,10047,Embalagem de 180 g,PorSi,,"13,83€/Kg","2,49€",https://cdn.intermarche.pt/pt/Content/images/boitmal/produit/zoom/4ADD5DCAAB3F30AA4E7730CBB901329F.jpg,,/product/tablete-de-chocolate-culinario-branco/5604260302109
1045,"Cacau em pó, embalagem de 130g",5601055092047,11737,10047,,Pantagruel,,"21,92€/Kg","2,74€",https://cdn.intermarche.pt/pt/Content/images/boitmal/produit/zoom/24B131A8482F3ABE410E3E17B1589382.jpg,,/product/cacau-em-po-embalagem-de-130g/5601055092047
2140,Cacau magro em pó,5604260255641,11737,10047,Embalagem de 125 g,PorSi,,"9,52€/Kg","1,19€",https://cdn.intermarche.pt/pt/Content/images/boitmal/produit/zoom/6A60F5795FD84605DF589950C23B6C8E.jpg,,/product/cacau-magro-em-po/5604260255641
2139,Chocolate culinário em pó,5604260255634,11737,10047,Embalagem de 125 g,PorSi,,"7,12€/Kg","0,89€",https://cdn.intermarche.pt/pt/Content/images/boitmal/produit/zoom/1E4A24BBE60FA0FA6DE1B1AB04583027.jpg,,/product/chocolate-culinario-em-po/5604260255634
1044,"Chocolate culinário em pó, embalagem de 130g",5601055091040,11737,10047,,Pantagruel,,"16,72€/Kg","2,09€",https://cdn.intermarche.pt/pt/Content/images/boitmal/produit/zoom/5CE8763BEC4ECE6C2F920EB1134E04BB.jpg,,/product/chocolate-culinario-em-po-embalagem-de-130g/5601055091040
37742,Tablete de chocolate culinário negro,5604260301508,11737,10047,Embalagem de 200 g,PorSi,,"9,45€/Kg","1,89€",https://cdn.intermarche.pt/pt/Content/images/boitmal/produit/zoom/511FFA2313F25F0F743D166D20277024.jpg,,/product/tablete-de-chocolate-culinario-negro/5604260301508
37994,Tablete de chocolate culinário 70% negro,5604260302116,11737,10047,Embalagem de 200 g,PorSi,,"11,95€/Kg","2,39€",https://cdn.intermarche.pt/pt/Content/images/boitmal/produit/zoom/A145CA09BBC6AD34A03A9433C297A6F3.jpg,,/product/tablete-de-chocolate-culinario-70%25-negro/5604260302116
44810,"Pepitas de chocolate 43% cacau para culinária, embalagem de 200g",5601055318918,11737,10047,,Pantagruel,,"14,95€/Kg","2,99€",https://cdn.intermarche.pt/pt/Content/images/boitmal/produit/zoom/C58295238198753C0F1522A4C4FAD044.jpg,,/product/pepitas-de-chocolate-43%25-cacau-para-culinaria-embalagem-de-200g/5601055318918
47114,"Tablete chocolate de culinária caramelo salgado, 200g",5601055323271,11737,10047,,Pantagruel,,"18,45€/Kg","3,69€",https://cdn.intermarche.pt/pt/Content/images/boitmal/produit/zoom/E8CC5DAC8E13C2667F642ECA791594CF.jpg,,/product/tablete-chocolate-de-culinaria-caramelo-salgado-200g/5601055323271
1042,"Chocolate culinário 70% cacau, embalagem de 200g",5601055008550,11737,10047,,Pantagruel,,"19,95€/Kg","3,99€",https://cdn.intermarche.pt/pt/Content/images/boitmal/produit/zoom/7ED32C40882344D0D008135E455018C4.jpg,,/product/chocolate-culinario-70%25-cacau-embalagem-de-200g/5601055008550
41782,"Tablete de chocolate de culinária - sem açúcar, 100 g",5604260308071,11737,10047,,PorSi Viva Bem,,"27,90€/Kg","2,79€",https://cdn.intermarche.pt/pt/Content/images/boitmal/produit/zoom/47FCA365B4A8D28852DCF659D168068E.jpg,,/product/tablete-de-chocolate-de-culinaria-sem-acucar-100-g/5604260308071
45514,"Chocolate para culinária 85% cacau sem glúten, embalagem de 200 g",5601055318901,11737,10047,,Regina,,"23,95€/Kg","4,79€",https://cdn.intermarche.pt/pt/Content/images/boitmal/produit/zoom/F4A31D9A5027F1E9F5791A0887900278.jpg,,/product/chocolate-para-culinaria-85%25-cacau-sem-gluten-embalagem-de-200-g/5601055318901
49336,"Tablete chocolate de leite culinária, 200g",5601055322236,11737,10047,,Pantagruel,,"18,45€/Kg","3,69€",https://cdn.intermarche.pt/pt/Content/images/boitmal/produit/zoom/E3A81169FCEC6E74086D928B04E11AED.jpg,,/product/tablete-chocolate-de-leite-culinaria-200g/5601055322236
42625,Farinha de trigo sem fermento t55,5604260309832,11738,10047,Embalagem de 1 kg,PorSi,,"0,69€/Kg","0,69€",https://cdn.intermarche.pt/pt/Content/images/boitmal/produit/zoom/EF956CFC77024866F5D3B9C6A4D0EA3B.jpg,,/product/farinha-de-trigo-sem-fermento-t55/5604260309832
524,"Fermento de padeiro, 20g",3179140173923,11738,10047,,Vahine,,"99,44€/Kg","1,79€",https://cdn.intermarche.pt/pt/Content/images/boitmal/produit/zoom/7A5BF7795029DBC2A125370808F4EE40.jpg,,/product/fermento-de-padeiro-20g/3179140173923
14230,"Fermento em pó, lata 110g",5601089080829,11738,10047,,Royal,,"17,61€/Kg","1,99€",https://cdn.intermarche.pt/pt/Content/images/boitmal/produit/zoom/E52950A0A8ACAD8018D7E0A8C2263E7E.jpg,,/product/fermento-em-po-lata-110g/5601089080829
1846,Fermento em pó,5604260036226,11738,10047,Embalagem de 150 g,PorSi,,"7,93€/Kg","1,19€",https://cdn.intermarche.pt/pt/Content/images/boitmal/produit/zoom/B286EA665153C317065DDB8A658F8A49.jpg,,/product/fermento-em-po/5604260036226
42832,Farinha sem fermento t65,5604260309849,11738,10047,Embalagem de 5 kg,PorSi,,"0,70€/Kg","3,49€",https://cdn.intermarche.pt/pt/Content/images/boitmal/produit/zoom/F3CB064BACAED2C5CA03711BB4A3D8D6.jpg,,/product/farinha-sem-fermento-t65/5604260309849
46492,Farinha de trigo sem fermento t65,5604260318599,11738,10047,Embalagem de 1 kg,PorSi,,"0,75€/Kg","0,75€",https://cdn.intermarche.pt/pt/Content/images/boitmal/produit/zoom/1DE27C304E7CA0ABA0A400868DA2855F.jpg,,/product/farinha-de-trigo-sem-fermento-t65/5604260318599
2340,"Fermento de padeiro em pó, embalagem de 4x11 g",5604475119363,11738,10047,,Fermipan,,"45,23€/Kg","1,99€",https://cdn.intermarche.pt/pt/Content/images/boitmal/produit/zoom/C79527B97EA53D0C4D85B896C2861A59.jpg,,/product/fermento-de-padeiro-em-po-embalagem-de-4x11-g/5604475119363
1102,"Farinha rainha com fermento, embalagem de 1000g",5601066200080,11738,10047,,Nacional,,"1,65€/Kg","1,65€",https://cdn.intermarche.pt/pt/Content/images/boitmal/produit/zoom/1D6C118BF49637698308719E799BD3C1.jpg,,/product/farinha-rainha-com-fermento-embalagem-de-1000g/5601066200080
31381,"Fermento padeiro, 40g",5602477817157,11738,10047,,Condi,,"40,68€/Kg","1,79€",https://cdn.intermarche.pt/pt/Content/images/boitmal/produit/zoom/9D29FD4DFEE2D0D4C0BBB9D7A0BE4C7B.jpg,,/product/fermento-padeiro-40g/5602477817157
42827,Fermento em po 4x25g,5604260307371,11738,10047,Embalagem de 100g,PorSi,,"8,90€/Kg","0,89€",https://cdn.intermarche.pt/pt/Content/images/boitmal/produit/zoom/DA2CDE8192C3F7C73D0F6374DB757154.jpg,,/product/fermento-em-po-4x25g/5604260307371
26603,Fermento,5601089080836,11738,10047,Embalagem de 230g,Royal,,"16,33€/Kg","3,69€",https://cdn.intermarche.pt/pt/Content/images/boitmal/produit/zoom/E890C67B54E0DB96E1C0B6AB646C4A88.jpg,,/product/fermento/5601089080836
42624,Farinha de trigo sem fermento t55,5604260309825,11738,10047,Embalagem de 5 kg,PorSi,,"0,69€/Kg","3,45€",https://cdn.intermarche.pt/pt/Content/images/boitmal/produit/zoom/B384FEF6B74606890A4A3E4A7AD00E8D.jpg,,/product/farinha-de-trigo-sem-fermento-t55/5604260309825
1014,"Farinha sem fermento tipo 65, embalagem de 1 kg",5601043111149,11738,10047,,Espiga,,"1,29€/Kg","1,29€",https://cdn.intermarche.pt/pt/Content/images/boitmal/produit/zoom/CF69BC6B5B3EEC9DCA4E0A3F32D4CF90.jpg,,/product/farinha-sem-fermento-tipo-65-embalagem-de-1-kg/5601043111149
40148,"Fermento padeiro, 27g",7622210176523,11738,10047,,Royal,,"81,11€/Kg","2,19€",https://cdn.intermarche.pt/pt/Content/images/boitmal/produit/zoom/B7EAA5A436118E3C23B9CB0A3F6EF746.jpg,,/product/fermento-padeiro-27g/7622210176523
22833,"Aroma baunilha fr.plast, de 200 ml",8410219640188,11739,10047,,Vahine,,"22,45€/L","4,49€",https://cdn.intermarche.pt/pt/Content/images/boitmal/produit/zoom/D2528B739D4AD7A3B2398E450A96B1CD.jpg,,/product/aroma-baunilha-fr.plast-de-200-ml/8410219640188
527,"Corantes alimentares ducros, de 20 ml",3179140633458,11739,10047,,Vahine,,"152,78€/L","2,75€",https://cdn.intermarche.pt/pt/Content/images/boitmal/produit/zoom/EBF459CE42E8B49C711770D87DA47F92.jpg,,/product/corantes-alimentares-ducros-de-20-ml/3179140633458
536,"Aroma baunilha, embalagem de 20g",3179148443103,11739,10047,,Vahine,,"129,50€/Kg","2,59€",https://cdn.intermarche.pt/pt/Content/images/boitmal/produit/zoom/2C36587077A84F90010A45A8E4C64788.jpg,,/product/aroma-baunilha-embalagem-de-20g/3179148443103
40618,Bicarbonato de sódio,5604260301027,11739,10047,Saqueta de 75 g,PorSi,,"6,00€/Kg","0,45€",https://cdn.intermarche.pt/pt/Content/images/boitmal/produit/zoom/ECFACA20B6059427CE8E88D1B2ABCB33.jpg,,/product/bicarbonato-de-sodio/5604260301027
47776,Amido de milho,5604260319114,11739,10047,Embalagem de 400g,PorSi,,"3,23€/Kg","1,29€",https://cdn.intermarche.pt/pt/Content/images/boitmal/produit/zoom/687742FF098423662F92641B495788E2.jpg,,/product/amido-de-milho/5604260319114
34448,Aroma de café,50094226,11739,10047,Garrafa de 28 ml,Rayners,,"53,21€/L","1,49€",https://cdn.intermarche.pt/pt/Content/images/boitmal/produit/zoom/95FEE30FF4393C620E9A04AC8115FE6B.jpg,,/product/aroma-de-cafe/0000050094226
34451,Aroma de morango,50296279,11739,10047,Garrafa de 28 ml,Rayners,,"53,21€/L","1,49€",https://cdn.intermarche.pt/pt/Content/images/boitmal/produit/zoom/69C764F0DF043FB60DA95EC5B9CEA334.jpg,,/product/aroma-de-morango/0000050296279
36930,"Gelatina de ananás zero% açúcar, 31 g",5604260300501,11740,10047,,PorSi,,"31,29€/Kg","0,97€",https://cdn.intermarche.pt/pt/Content/images/boitmal/produit/zoom/47E80DEE7D5AADE2AC1B725DD49BE3A6.jpg,,/product/gelatina-de-ananas-zero%25-acucar-31-g/5604260300501
15773,Gelatina de morango,5604260277001,11740,10047,Embalagem de 170g,PorSi,,"5,24€/Kg","0,89€",https://cdn.intermarche.pt/pt/Content/images/boitmal/produit/zoom/FCA94AFB3AD432403CB30180353890D8.jpg,,/product/gelatina-de-morango/5604260277001
36770,Gelatina frutos vermelhos 0% açúcar,5604260300457,11740,10047,Embalagem de 31 g,PorSi,,"31,29€/Kg","0,97€",https://cdn.intermarche.pt/pt/Content/images/boitmal/produit/zoom/4215C59D3CB522FB1F67AFCC0A35C727.jpg,,/product/gelatina-frutos-vermelhos-0%25-acucar/5604260300457
36771,Gelatina mirtilo 0% açúcar,5604260300464,11740,10047,Embalagem de 31 g,PorSi,,"31,29€/Kg","0,97€",https://cdn.intermarche.pt/pt/Content/images/boitmal/produit/zoom/70DF21067065152C2D1E80196F8F6D15.jpg,,/product/gelatina-mirtilo-0%25-acucar/5604260300464
37368,Gelatina morango 0% açúcar,5604260300518,11740,10047,Embalagem de 31 g,PorSi,,"31,29€/Kg","0,97€",https://cdn.intermarche.pt/pt/Content/images/boitmal/produit/zoom/31308273EBA13B16610AB8D72B4DC3DC.jpg,,/product/gelatina-morango-0%25-acucar/5604260300518
40889,"Gelatina de morango e framboesa, embalagem de 114g",7622201122645,11740,10047,,Royal,,"17,46€/Kg","1,99€",https://cdn.intermarche.pt/pt/Content/images/boitmal/produit/zoom/E8D993A7DF6D222AC19472D281FFE60E.jpg,,/product/gelatina-de-morango-e-framboesa-embalagem-de-114g/7622201122645
1782,Gelatina de ananás,5604260277056,11740,10047,Embalagem de 170g,PorSi,,"5,24€/Kg","0,89€",https://cdn.intermarche.pt/pt/Content/images/boitmal/produit/zoom/8B254B324669B95F0697EE4C6C6C891B.jpg,,/product/gelatina-de-ananas/5604260277056
16039,Gelatina tutti-fruti,5604260277018,11740,10047,Embalagem de 170g,PorSi,,"5,24€/Kg","0,89€",https://cdn.intermarche.pt/pt/Content/images/boitmal/produit/zoom/5DE0FE0237B74EDA4E8E814418A8DBC6.jpg,,/product/gelatina-tutti-fruti/5604260277018
34317,Gelatina pêssego,5604260277032,11740,10047,Embalagem de 2x85g,PorSi,,"5,24€/Kg","0,89€",https://cdn.intermarche.pt/pt/Content/images/boitmal/produit/zoom/8CC2E1CAAE6E3817280385C36AA0A525.jpg,,/product/gelatina-pessego/5604260277032
36931,Gelatina em pó melancia,5604260300525,11740,10047,Embalagem de 2 x 85 g,PorSi,,"5,24€/Kg","0,89€",https://cdn.intermarche.pt/pt/Content/images/boitmal/produit/zoom/697621672BF216E53DB26149F991F6A9.jpg,,/product/gelatina-em-po-melancia/5604260300525
1787,Gelatina de frutos tropicais,5604260277049,11740,10047,Embalagem 2X85G,PorSi,,"5,24€/Kg","0,89€",https://cdn.intermarche.pt/pt/Content/images/boitmal/produit/zoom/52E2EC1A7419621AD15FE67796DBD282.jpg,,/product/gelatina-de-frutos-tropicais/5604260277049
16041,Gelatina de laranja,5604260277025,11740,10047,Embalagem de 170g,PorSi,,"5,24€/Kg","0,89€",https://cdn.intermarche.pt/pt/Content/images/boitmal/produit/zoom/98C9DA97886DB89305AA185314F7B3E1.jpg,,/product/gelatina-de-laranja/5604260277025
2318,5 folhas de gelatina incolor,5604260272716,11740,10047,Embalagem de 9 g,PorSi,,"45,56€/Kg","0,41€",https://cdn.intermarche.pt/pt/Content/images/boitmal/produit/zoom/9492CB3181B0E6E8BF8D2E1094A4F3D5.jpg,,/product/5-folhas-de-gelatina-incolor/5604260272716
28158,"Gelatina neutra pó, 20g",8410000005172,11740,10047,,Royal,,"64,50€/Kg","1,29€",https://cdn.intermarche.pt/pt/Content/images/boitmal/produit/zoom/A90A426D9DD19311CB79FBBF0A14AA68.jpg,,/product/gelatina-neutra-po-20g/8410000005172
16407,"Gelatina ananás 10kcal, embalagem de 30g",7622210352224,11740,10047,,Royal,,"67,10€/Kg","2,08€",https://cdn.intermarche.pt/pt/Content/images/boitmal/produit/zoom/538D78EB091C76B23DCA17B2D4BE5606.jpg,,/product/gelatina-ananas-10kcal-embalagem-de-30g/7622210352224
36772,Gelatina melancia 0% açúcar,5604260300471,11740,10047,Embalagem de 31 g,PorSi,,"31,29€/Kg","0,97€",https://cdn.intermarche.pt/pt/Content/images/boitmal/produit/zoom/0169CA581CC214FA745292AE27D620F8.jpg,,/product/gelatina-melancia-0%25-acucar/5604260300471
40598,"Gelatina de morango, embalagem de 114g",7622201121013,11740,10047,,Royal,,"17,46€/Kg","1,99€",https://cdn.intermarche.pt/pt/Content/images/boitmal/produit/zoom/11D65E747565668B896586AA38E8D119.jpg,,/product/gelatina-de-morango-embalagem-de-114g/7622201121013
40993,"Gelatina tutti frutti, embalagem de 114g",7622201122669,11740,10047,,Royal,,"17,46€/Kg","1,99€",https://cdn.intermarche.pt/pt/Content/images/boitmal/produit/zoom/74661E3A4B8D6B22E3FEE9665932F055.jpg,,/product/gelatina-tutti-frutti-embalagem-de-114g/7622201122669
40995,"Gelatina de pêssego, embalagem de 114g",7622201122768,11740,10047,,Royal,,"17,46€/Kg","1,99€",https://cdn.intermarche.pt/pt/Content/images/boitmal/produit/zoom/169CBC0CD4CE55CBD78999AECBA777E3.jpg,,/product/gelatina-de-pessego-embalagem-de-114g/7622201122768
46486,Preparado sobremesa vegetal de morango,5604260319220,11740,10047,2 x 90 g,PorSi Viva Bem,,"8,28€/Kg","1,49€",https://cdn.intermarche.pt/pt/Content/images/boitmal/produit/zoom/095DA363411E53DD4FF2662352CB0C03.jpg,,/product/preparado-sobremesa-vegetal-de-morango/5604260319220
48180,Gelatina em pó,5604260322527,11740,10047,Embalagem de 60 g,PorSi,,"41,50€/Kg","2,49€",https://cdn.intermarche.pt/pt/Content/images/boitmal/produit/zoom/1F5BCD7138E574BA3EBEEEC5DCC84ADB.jpg,,/product/gelatina-em-po/5604260322527
16406,"Gelatina frutos tropicais 10kcal, 30g",7622210352231,11740,10047,,Royal,,"67,10€/Kg","2,08€",https://cdn.intermarche.pt/pt/Content/images/boitmal/produit/zoom/044A01C2CF05853F49D7F60C27ED798F.jpg,,/product/gelatina-frutos-tropicais-10kcal-30g/7622210352231
16404,"Gelatina melancia 10kcal, 31g",7622210369994,11740,10047,,Royal,,"67,10€/Kg","2,08€",https://cdn.intermarche.pt/pt/Content/images/boitmal/produit/zoom/CB46217514E80991D483E0694E12DCEA.jpg,,/product/gelatina-melancia-10kcal-31g/7622210369994
16405,"Gelatina limão 10kcal, 30g",7622210369970,11740,10047,,Royal,,"67,10€/Kg","2,08€",https://cdn.intermarche.pt/pt/Content/images/boitmal/produit/zoom/1825049DEC7FE3112CEAA22F262D85CA.jpg,,/product/gelatina-limao-10kcal-30g/7622210369970
16408,"Gelatina morango 10kcal, 31 g",7622210352217,11740,10047,,Royal,,"67,10€/Kg","2,08€",https://cdn.intermarche.pt/pt/Content/images/boitmal/produit/zoom/9A642073144A77465B22FF5A62F4275C.jpg,,/product/gelatina-morango-10kcal-31-g/7622210352217
17016,"Gelatina mirtilo 10kcal 31g, 30g",7622210466228,11740,10047,,Royal,,"67,10€/Kg","2,08€",https://cdn.intermarche.pt/pt/Content/images/boitmal/produit/zoom/8D3689D9598A3F0F2C916F73303A1FE7.jpg,,/product/gelatina-mirtilo-10kcal-31g-30g/7622210466228
39883,"Gelatina vegetal tutti frutti, 2 x 15g",5604321029518,11740,10047,,Cemporcento,,"59,67€/Kg","1,79€",https://cdn.intermarche.pt/pt/Content/images/boitmal/produit/zoom/3CFD80C4E29629E02EDEAED607162C98.jpg,,/product/gelatina-vegetal-tutti-frutti-2-x-15g/5604321029518
40147,"Gelatina de limão, embalagem de 114g",7622201122683,11740,10047,,Royal,,"17,46€/Kg","1,99€",https://cdn.intermarche.pt/pt/Content/images/boitmal/produit/zoom/20F33DAFBBA702EAFBF563A986726C79.jpg,,/product/gelatina-de-limao-embalagem-de-114g/7622201122683
40597,"Gelatina de ananás, embalagem de 114g",7622201122836,11740,10047,,Royal,,"17,46€/Kg","1,99€",https://cdn.intermarche.pt/pt/Content/images/boitmal/produit/zoom/30F21830BD53AB2C059FCDBA9C4D40E0.jpg,,/product/gelatina-de-ananas-embalagem-de-114g/7622201122836
40994,"Gelatina maracujá, 114g",7622201122720,11740,10047,,Royal,,"17,46€/Kg","1,99€",https://cdn.intermarche.pt/pt/Content/images/boitmal/produit/zoom/E0009CF24F5B80053EED12A867804D4C.jpg,,/product/gelatina-maracuja-114g/7622201122720
41352,"Gelatina de frutos tropicais, 114g",7622201122706,11740,10047,,Royal,,"17,46€/Kg","1,99€",https://cdn.intermarche.pt/pt/Content/images/boitmal/produit/zoom/E974F6964B61D42DB05F7551587FBACA.jpg,,/product/gelatina-de-frutos-tropicais-114g/7622201122706
46485,Preparado sobremesa vegetal de ananás,5604260319206,11740,10047,2 x 90 g,PorSi Viva Bem,,"8,28€/Kg","1,49€",https://cdn.intermarche.pt/pt/Content/images/boitmal/produit/zoom/2CD3722522ECCEA6751BE63959FA38E7.jpg,,/product/preparado-sobremesa-vegetal-de-ananas/5604260319206
46487,Preparado sobremesa vegetal de frutos vermelhos,5604260319213,11740,10047,2 x 90 g,PorSi Viva Bem,,"8,28€/Kg","1,49€",https://cdn.intermarche.pt/pt/Content/images/boitmal/produit/zoom/B33C2235945702F90E29CC3656085FB5.jpg,,/product/preparado-sobremesa-vegetal-de-frutos-vermelhos/5604260319213
27850,"Gelatina light 10 kcal frutos do bosque, 30g",7622210824790,11740,10047,,Royal,,"64,19€/Kg","1,99€",https://cdn.intermarche.pt/pt/Content/images/boitmal/produit/zoom/ED28CFC38D37D0DB0C2AA4038CD31E95.jpg,,/product/gelatina-light-10-kcal-frutos-do-bosque-30g/7622210824790
23407,Bolo de chocolate brownie,7622210635396,11741,10047,Embalagem de 150g,Milka,,"14,27€/Kg","2,14€",https://cdn.intermarche.pt/pt/Content/images/boitmal/produit/zoom/61C0257CFC4DB63192497B658D76667A.jpg,2024-11-27T23:59:59.999Z,/product/bolo-de-chocolate-brownie/7622210635396
1163,"Pudim de caramelo, embalagem de 20g",5601089080614,11741,10047,,Boca Doce,,"28,64€/Kg","0,63€",https://cdn.intermarche.pt/pt/Content/images/boitmal/produit/zoom/FA0AE8DD57417DCB8FC83196C791AFF6.jpg,,/product/pudim-de-caramelo-embalagem-de-20g/5601089080614
1164,"Pudim de chocolate, embalagem de 20g",5601089080621,11741,10047,,Boca Doce,,"28,64€/Kg","0,63€",https://cdn.intermarche.pt/pt/Content/images/boitmal/produit/zoom/B89ECCAB610493D298FF226A04F99E93.jpg,,/product/pudim-de-chocolate-embalagem-de-20g/5601089080621
1165,"Pudim morango, 20g",5601089080638,11741,10047,,Boca Doce,,"28,64€/Kg","0,63€",https://cdn.intermarche.pt/pt/Content/images/boitmal/produit/zoom/288A6DAD6E5E135036AEEDCA36F5A498.jpg,,/product/pudim-morango-20g/5601089080638
1774,Mousse chocolate,5604260277841,11741,10047,Embalagem de 150g,PorSi,,"7,93€/Kg","1,19€",https://cdn.intermarche.pt/pt/Content/images/boitmal/produit/zoom/07AA35C7E106E86969968D9D2FABE1B9.jpg,,/product/mousse-chocolate/5604260277841
1162,"Pudim baunilha, embalagem de 20g",5601089080607,11741,10047,,Boca Doce,,"28,64€/Kg","0,63€",https://cdn.intermarche.pt/pt/Content/images/boitmal/produit/zoom/BA3284B2E68350973B8135419AE564DE.jpg,,/product/pudim-baunilha-embalagem-de-20g/5601089080607
1843,Pudim flan,5604260276851,11741,10047,Embalagem de 4 x 5.6 g,PorSi,,"38,64€/Kg","0,85€",https://cdn.intermarche.pt/pt/Content/images/boitmal/produit/zoom/7A8FEEE6E6CBA5EBD735CF903AAF2ADB.jpg,,/product/pudim-flan/5604260276851
15382,Pudim caramelo,5604260275793,11741,10047,Embalagem de 90g,PorSi,,"5,00€/Kg","0,45€",https://cdn.intermarche.pt/pt/Content/images/boitmal/produit/zoom/F670539E8EE7F13B792681EF0E8D8768.jpg,,/product/pudim-caramelo/5604260275793
1777,Pudim de baunilha,5604260275786,11741,10047,Embalagem de 90g,PorSi,,"5,00€/Kg","0,45€",https://cdn.intermarche.pt/pt/Content/images/boitmal/produit/zoom/48F27ABA7107F4570B0A25DA4D318A0F.jpg,,/product/pudim-de-baunilha/5604260275786
1166,"Pudim de ananás, 20g",5601089080645,11741,10047,,Boca Doce,,"28,64€/Kg","0,63€",https://cdn.intermarche.pt/pt/Content/images/boitmal/produit/zoom/C5314CE85044AE695EB3531222FEDC74.jpg,,/product/pudim-de-ananas-20g/5601089080645
1021,"Preparo para bolo de chocolate, embalagem de 450g",5601043114010,11741,10047,,Branca de neve,,"8,42€/Kg","3,79€",https://cdn.intermarche.pt/pt/Content/images/boitmal/produit/zoom/066A1978D0BED65BBA1EAB003F6EB1F1.jpg,,/product/preparo-para-bolo-de-chocolate-embalagem-de-450g/5601043114010
41273,"Arroz doce alsa, 125g",5600363850158,11741,10047,,Alsa,,"13,52€/Kg","1,69€",https://cdn.intermarche.pt/pt/Content/images/boitmal/produit/zoom/5EE5EE53FFA44A597888D66F969D26EC.jpg,,/product/arroz-doce-alsa-125g/5600363850158
1773,Leite creme,5604260276868,11741,10047,Embalagem de 4x23g,PorSi,,"6,56€/Kg","0,59€",https://cdn.intermarche.pt/pt/Content/images/boitmal/produit/zoom/4969CC093032A345C40FB44A754DE046.jpg,,/product/leite-creme/5604260276868
1775,Pudim de chocolate,5604260275809,11741,10047,Embalagem de 110g,PorSi,,"4,09€/Kg","0,45€",https://cdn.intermarche.pt/pt/Content/images/boitmal/produit/zoom/B5E8CFC72C8412D4B6B1B97ABC818548.jpg,,/product/pudim-de-chocolate/5604260275809
47757,"Preparado de bolo de chocolate, 500 g",5604260320332,11741,10047,,PorSi,,"4,98€/Kg","2,49€",https://cdn.intermarche.pt/pt/Content/images/boitmal/produit/zoom/3C2C4A0A3FD5BEE9DA0041DC3996CAD4.jpg,,/product/preparado-de-bolo-de-chocolate-500-g/5604260320332
47758,"Preparado de bolo de mármore, 528 g",5604260320349,11741,10047,,PorSi,,"4,72€/Kg","2,49€",https://cdn.intermarche.pt/pt/Content/images/boitmal/produit/zoom/7AE9DAFE1E02BB0E566CBC44D0AECA67.jpg,,/product/preparado-de-bolo-de-marmore-528-g/5604260320349
47790,"Preparado de bolo de iogurte, 500 g",5604260320356,11741,10047,,PorSi,,"4,98€/Kg","2,49€",https://cdn.intermarche.pt/pt/Content/images/boitmal/produit/zoom/F6245FC54CF202BDDFB252FA8C57AF50.jpg,,/product/preparado-de-bolo-de-iogurte-500-g/5604260320356
53213,"Mousse chocolate de leite light, 132g",4047008018367,11741,10047,,Alsa,,"21,89€/Kg","2,89€",https://cdn.intermarche.pt/pt/Content/images/boitmal/produit/zoom/2A686C4B6EDC34B74AD8EED7DCAC4B59.jpg,,/product/mousse-chocolate-de-leite-light-132g/4047008018367
1168,"Leite creme, embalagem de 90g",5601089081109,11741,10047,,Royal,,"14,02€/Kg","1,29€",https://cdn.intermarche.pt/pt/Content/images/boitmal/produit/zoom/9105BEEFB0D1A0BEC431948B44079BFC.jpg,,/product/leite-creme-embalagem-de-90g/5601089081109
16726,"Leite creme, embalagem de 90g",5601232030268,11741,10047,,El Mandari,,"16,20€/Kg","1,49€",https://cdn.intermarche.pt/pt/Content/images/boitmal/produit/zoom/520484AD25D9E12C6A7F7962C67665BD.jpg,,/product/leite-creme-embalagem-de-90g/5601232030268
41375,"Pectina, 25g",5602477828344,11741,10047,,Condi,,"79,60€/Kg","1,99€",https://cdn.intermarche.pt/pt/Content/images/boitmal/produit/zoom/DCE9EB5C77325877476E47287E26FBC5.jpg,,/product/pectina-25g/5602477828344
41905,"Creme custard baunilha, embalagem de 150g",5602477823769,11741,10047,,Condi,,"12,93€/Kg","1,94€",https://cdn.intermarche.pt/pt/Content/images/boitmal/produit/zoom/07031126D9DD8EDDFC5B3D4D48EEB8FB.jpg,,/product/creme-custard-baunilha-embalagem-de-150g/5602477823769
47759,Preparado de bolo de canela,5604260320325,11741,10047,500 g,PorSi,,"4,98€/Kg","2,49€",https://cdn.intermarche.pt/pt/Content/images/boitmal/produit/zoom/420D258F0510694923071484A56F6135.jpg,,/product/preparado-de-bolo-de-canela/5604260320325
50595,"Sobremesa leite creme, 140g",5600363850271,11741,10047,,Alsa,,"15,64€/Kg","2,19€",https://cdn.intermarche.pt/pt/Content/images/boitmal/produit/zoom/73C9F661BBE63328FE6099ABBF0E3CC5.jpg,,/product/sobremesa-leite-creme-140g/5600363850271
51849,"Mousse chocolate preto, 148g",5600363850424,11741,10047,,Alsa,,"21,52€/Kg","2,69€",https://cdn.intermarche.pt/pt/Content/images/boitmal/produit/zoom/194616FE6E58EFB2DF0B313F7AF0B05F.jpg,,/product/mousse-chocolate-preto-148g/5600363850424
1020,"Preparado para pão de ló, embalagem de 440g",5601043114003,11741,10047,,Branca de neve,,"8,71€/Kg","3,79€",https://cdn.intermarche.pt/pt/Content/images/boitmal/produit/zoom/4EEB7C8E98E395C517BB530F45DBA348.jpg,,/product/preparado-para-pao-de-lo-embalagem-de-440g/5601043114003
1023,"Preparado para crepes, embalagem de 380g",5601043114041,11741,10047,,Branca de neve,,"9,97€/Kg","3,79€",https://cdn.intermarche.pt/pt/Content/images/boitmal/produit/zoom/53F69B62EDD104E03F0AF77F6085AF00.jpg,,/product/preparado-para-crepes-embalagem-de-380g/5601043114041
22306,"Pudim caseiro de laranja, embalagem de 200g",7622210601780,11741,10047,,Royal,,"10,95€/Kg","2,19€",https://cdn.intermarche.pt/pt/Content/images/boitmal/produit/zoom/0BC910DA27C24BD215E5D2377D65098B.jpg,,/product/pudim-caseiro-de-laranja-embalagem-de-200g/7622210601780
41269,"Pudim de ovos alsa, 220g",5600363850141,11741,10047,,Alsa,,"13,14€/Kg","2,89€",https://cdn.intermarche.pt/pt/Content/images/boitmal/produit/zoom/6CA78CF63CACC123934B8ADF1603087A.jpg,,/product/pudim-de-ovos-alsa-220g/5600363850141
47036,"Pepitas chocolate branco, embalagem de 100g",3179142054466,11741,10047,,Vahine,,"38,90€/Kg","3,89€",https://cdn.intermarche.pt/pt/Content/images/boitmal/produit/zoom/4EDB7A276BDAE402DD964C3B45C278A6.jpg,,/product/pepitas-chocolate-branco-embalagem-de-100g/3179142054466
47760,"Preparado de tarte de flã, 360 g",5604260320363,11741,10047,,PorSi,,"6,92€/Kg","2,49€",https://cdn.intermarche.pt/pt/Content/images/boitmal/produit/zoom/7D7377E10D634580B572DC2EF50C7F68.jpg,,/product/preparado-de-tarte-de-fla-360-g/5604260320363
50592,"Mousse morango, 100g",5600363850288,11741,10047,,Alsa,,"26,90€/Kg","2,69€",https://cdn.intermarche.pt/pt/Content/images/boitmal/produit/zoom/D18FCFDD4E35634D3440E7B7C707F579.jpg,,/product/mousse-morango-100g/5600363850288
51855,"Mousse cappuccino, 100g",5600363850431,11741,10047,,Alsa,,"22,90€/Kg","2,29€",https://cdn.intermarche.pt/pt/Content/images/boitmal/produit/zoom/3E169CD152ABCCAAE811725B06253645.jpg,,/product/mousse-cappuccino-100g/5600363850431
52167,"Mousse chocolate branco, 133g",5600363850400,11741,10047,,Alsa,,"20,23€/Kg","2,69€",https://cdn.intermarche.pt/pt/Content/images/boitmal/produit/zoom/AD8B2087F4EE9694500C04CA98D6CC32.jpg,,/product/mousse-chocolate-branco-133g/5600363850400
52842,"Mousse chocolate preto light, 125g",4047008018336,11741,10047,,Alsa,,"23,12€/Kg","2,89€",https://cdn.intermarche.pt/pt/Content/images/boitmal/produit/zoom/3DCF6B94B81F7DC1016EE325FA5D4E95.jpg,,/product/mousse-chocolate-preto-light-125g/4047008018336
47843,Letras,5604260322480,11742,10047,Frasco de 50 g,PorSi,,"37,80€/Kg","1,89€",https://cdn.intermarche.pt/pt/Content/images/boitmal/produit/zoom/8A2C26E65372744F9AFDA0AD6F44BB42.jpg,,/product/letras/5604260322480
16046,Caramelo líquido,5604260276875,11742,10047,Embalagem de 400g,PorSi,,"3,95€/Kg","1,58€",https://cdn.intermarche.pt/pt/Content/images/boitmal/produit/zoom/3C1A647CB04E76E9FC92AED572B6DBAA.jpg,,/product/caramelo-liquido/5604260276875
1855,"Cobertura tipo chantilly, 2x38g",5604260276844,11742,10047,Embalagem de 80g,PorSi,,"17,38€/Kg","1,39€",https://cdn.intermarche.pt/pt/Content/images/boitmal/produit/zoom/F44E88B2BB82F7ABDEED61B9812114E2.jpg,,/product/cobertura-tipo-chantilly-2x38g/5604260276844
46852,Topping de morango,5604260315789,11742,10047,300 g,PorSi,,"6,97€/Kg","2,09€",https://cdn.intermarche.pt/pt/Content/images/boitmal/produit/zoom/3D8BF3BBCDD7878C5959A862F407A578.jpg,,/product/topping-de-morango/5604260315789
1856,"Côco ralado, 200g",5604260040032,11742,10047,,PorSi,,"5,95€/Kg","1,19€",https://cdn.intermarche.pt/pt/Content/images/boitmal/produit/zoom/3BD882B4593959E05FF7676FD664CEEA.jpg,,/product/coco-ralado-200g/5604260040032
2791,"Pepitas multicores frasco, embalagem de 80g",8410219620241,11742,10047,,Vahine,,"22,38€/Kg","1,79€",https://cdn.intermarche.pt/pt/Content/images/boitmal/produit/zoom/76FA22D422BC7E9D660183148FB3C47C.jpg,,/product/pepitas-multicores-frasco-embalagem-de-80g/8410219620241
48275,Decoração mix fun,5604260322350,11742,10047,Frasco de 150 g,PorSi,,"26,60€/Kg","3,99€",https://cdn.intermarche.pt/pt/Content/images/boitmal/produit/zoom/1438817649EDEDBA490F106B84732F2B.jpg,,/product/decoracao-mix-fun/5604260322350
2594,"Caramelo líquido, embalagem de 400g",7622300383947,11742,10047,,Royal,,"7,48€/Kg","2,99€",https://cdn.intermarche.pt/pt/Content/images/boitmal/produit/zoom/789D7BD0B97738181B9C2CDDC6CDA25B.jpg,,/product/caramelo-liquido-embalagem-de-400g/7622300383947
34562,"Baunilha 2 vagens, 3g",3179142057665,11742,10047,,Vahine,,"2330,00€/Kg","6,99€",https://cdn.intermarche.pt/pt/Content/images/boitmal/produit/zoom/1BAF44C5E72F3F66644F66AD6E0E7A11.jpg,,/product/baunilha-2-vagens-3g/3179142057665
40961,"Rolinhos com sabor a chocolate, embalagem de 65g",3179142000388,11742,10047,,Vahine,,"25,21€/Kg","1,79€",https://cdn.intermarche.pt/pt/Content/images/boitmal/produit/zoom/782274DAB0E36ABD2728A39BBAFFFDC2.jpg,,/product/rolinhos-com-sabor-a-chocolate-embalagem-de-65g/3179142000388
47819,Fios D'Ovos,5604260319893,11742,10047,Embalagem de 2 x 50 g,PorSi Select,,"29,90€/Kg","2,99€",https://cdn.intermarche.pt/pt/Content/images/boitmal/produit/zoom/487E59B5B2914C49E6ED4984E023C0A8.jpg,,/product/fios-d'ovos/5604260319893
27235,"Pepitas chocolate com leite, embalagem de 100g",3179142052554,11742,10047,,Vahine,,"38,90€/Kg","3,89€",https://cdn.intermarche.pt/pt/Content/images/boitmal/produit/zoom/55B73F1CC2678C478093AE27CF4F4D65.jpg,,/product/pepitas-chocolate-com-leite-embalagem-de-100g/3179142052554
27268,"Topping chocolate belga, embalagem de 390g",5601043113006,11742,10047,,Branca de neve,,"10,23€/Kg","3,99€",https://cdn.intermarche.pt/pt/Content/images/boitmal/produit/zoom/9D622EA114FDE5EC30DEF6EEB7AA686D.jpg,,/product/topping-chocolate-belga-embalagem-de-390g/5601043113006
27269,Topping morango,5601043113013,11742,10047,Embalagem de 370g,Branca de neve,,"10,66€/Kg","3,89€",https://cdn.intermarche.pt/pt/Content/images/boitmal/produit/zoom/AD523653B59D88B1810791DB60FA8E9C.jpg,,/product/topping-morango/5601043113013
27270,"Topping caramelo, embalagem de 380g",5601043113020,11742,10047,,Branca de neve,,"10,50€/Kg","3,99€",https://cdn.intermarche.pt/pt/Content/images/boitmal/produit/zoom/EC81BC2055ACDD0192AD494A9F25BA24.jpg,,/product/topping-caramelo-embalagem-de-380g/5601043113020
27271,"Topping chocolate branco, embalagem de 360g",5601043113037,11742,10047,,Branca de neve,,"11,08€/Kg","3,99€",https://cdn.intermarche.pt/pt/Content/images/boitmal/produit/zoom/9B1A6620FF7DBDD390CE21DA2573CA5F.jpg,,/product/topping-chocolate-branco-embalagem-de-360g/5601043113037
30968,"Lápis pasteleiro branco blister, embalagem de 30g",3179142898534,11742,10047,,Vahine,,"135,60€/Kg","3,39€",https://cdn.intermarche.pt/pt/Content/images/boitmal/produit/zoom/962A9FF50BD1588E3F91E3AD0D1DF12B.jpg,,/product/lapis-pasteleiro-branco-blister-embalagem-de-30g/3179142898534
30969,"Corações, embalagem de 55g",3179148785401,11742,10047,,Vahine,,"61,64€/Kg","3,39€",https://cdn.intermarche.pt/pt/Content/images/boitmal/produit/zoom/317279F6B6DB9C913D54EB51C8685E47.jpg,,/product/coracoes-embalagem-de-55g/3179148785401
34561,"Deco unicórnios, embalagem de 10g",3179142056989,11742,10047,,Vahine,,"498,75€/Kg","3,99€",https://cdn.intermarche.pt/pt/Content/images/boitmal/produit/zoom/95249592CF46BECEEFD2AA6112C064F2.jpg,,/product/deco-unicornios-embalagem-de-10g/3179142056989
47761,Granulado rosa,5604260322558,11742,10047,Frasco de 65 g,PorSi,,"24,46€/Kg","1,59€",https://cdn.intermarche.pt/pt/Content/images/boitmal/produit/zoom/294CB33EAE07F042C2DADACA3CC569E4.jpg,,/product/granulado-rosa/5604260322558
47762,Granulado branco,5604260322541,11742,10047,Frasco de 65 g,PorSi,,"24,46€/Kg","1,59€",https://cdn.intermarche.pt/pt/Content/images/boitmal/produit/zoom/A780669C3E0336CB9776678705ABB658.jpg,,/product/granulado-branco/5604260322541
47763,Granulado azul,5604260322534,11742,10047,Frasco de 65 g,PorSi,,"26,00€/Kg","1,69€",https://cdn.intermarche.pt/pt/Content/images/boitmal/produit/zoom/98586B38B7E617612159686834756E43.jpg,,/product/granulado-azul/5604260322534
47764,Granulado chocolate,5604260322381,11742,10047,Frasco de 65 g,PorSi,,"26,00€/Kg","1,69€",https://cdn.intermarche.pt/pt/Content/images/boitmal/produit/zoom/1383788598FF2D5870D312D75509C9AD.jpg,,/product/granulado-chocolate/5604260322381
47765,Granulado sortido,5604260322282,11742,10047,Frasco de 65 g,PorSi,,"26,00€/Kg","1,69€",https://cdn.intermarche.pt/pt/Content/images/boitmal/produit/zoom/F4A68D525D71051CD4AA013A7A20509B.jpg,,/product/granulado-sortido/5604260322282
48274,Decoração mix party,5604260322336,11742,10047,Frasco de 150 g,PorSi,,"26,60€/Kg","3,99€",https://cdn.intermarche.pt/pt/Content/images/boitmal/produit/zoom/71A68517A24C4F824E0F6BB326F20B9D.jpg,,/product/decoracao-mix-party/5604260322336
48888,Drageias douradas,5604260322503,11742,10047,Frasco de 70g,PorSi,,"38,43€/Kg","2,69€",https://cdn.intermarche.pt/pt/Content/images/boitmal/produit/zoom/F379C3016FA2A1816520C3F26C92CBA3.jpg,,/product/drageias-douradas/5604260322503
48889,Drageias prateadas,5604260322510,11742,10047,Frasco de 70g,PorSi,,"39,86€/Kg","2,79€",https://cdn.intermarche.pt/pt/Content/images/boitmal/produit/zoom/950A8BA582C71EBA87795B7E08D94853.jpg,,/product/drageias-prateadas/5604260322510
49012,Vagem de Baunilha,5604260322329,11742,10047,1 unidade,PorSi,,"3,25€/Unidade","3,25€",https://cdn.intermarche.pt/pt/Content/images/boitmal/produit/zoom/214FA5D15087F8919336128B0313C276.jpg,,/product/vagem-de-baunilha/5604260322329
52819,"Coco Ralado, 150g",5601557067871,11742,10047,,Salutem,,"5,27€/Kg","0,79€",https://cdn.intermarche.pt/pt/Content/images/boitmal/produit/zoom/62EEB4AA0A2D1FBF240B65B2885D4201.jpg,,/product/coco-ralado-150g/5601557067871
48351,"Drageias coloridas, frasco de 70g",5604260322497,11742,10047,,PorSi,,"39,86€/Kg","2,79€",https://cdn.intermarche.pt/pt/Content/images/boitmal/produit/zoom/7079C1DA1D6A6E00D41269188D9FA35A.jpg,,/product/drageias-coloridas-frasco-de-70g/5604260322497
2069,Leite condensado,5604260193318,11743,10047,Embalagem de 397 g,PorSi,,"3,50€/Kg","1,39€",https://cdn.intermarche.pt/pt/Content/images/boitmal/produit/zoom/94A3DBBB7E59EB11C6C606EA6FDB3BDF.jpg,,/product/leite-condensado/5604260193318
2272,Leite condensado cozido,5604260269990,11743,10047,Embalagem de 397 g,PorSi,,"4,66€/Kg","1,85€",https://cdn.intermarche.pt/pt/Content/images/boitmal/produit/zoom/CFA53C8044E10318759FCEC4F73E12EB.jpg,,/product/leite-condensado-cozido/5604260269990
19170,Leite condensado magro,5604260193301,11743,10047,Embalagem de 390 g,PorSi,,"3,56€/Kg","1,39€",https://cdn.intermarche.pt/pt/Content/images/boitmal/produit/zoom/C764FB65DCA9D967509D9CBB922CE91F.jpg,,/product/leite-condensado-magro/5604260193301
40500,Leite condensado,5604260286119,11743,10047,Lata de 1 kg,PorSi,,"3,49€/Kg","3,49€",https://cdn.intermarche.pt/pt/Content/images/boitmal/produit/zoom/ED13DFEBB8C302271EC988938CA1DC58.jpg,,/product/leite-condensado/5604260286119
50293,Leite de coco,5604260325474,11743,10047,Embalagem de 400 ml,PorSi,,"3,48€/L","1,39€",https://cdn.intermarche.pt/pt/Content/images/boitmal/produit/zoom/25A28BDAF5FFFF7FDAE7BC1EECC23E11.jpg,,/product/leite-de-coco/5604260325474
924,"Leite condensado, embalagem de 370g",5601001120503,11743,10047,,Nestlé,,"7,70€/Kg","2,85€",https://cdn.intermarche.pt/pt/Content/images/boitmal/produit/zoom/0EE7923C8616BBD98A14510DEC4DF765.jpg,,/product/leite-condensado-embalagem-de-370g/5601001120503
10768,Leite de coco 200 ml,9556041608251,11743,10047,,Ayam,,"8,45€/L","1,69€",https://cdn.intermarche.pt/pt/Content/images/boitmal/produit/zoom/9368F6883CDDE434F761E893489E74A2.jpg,,/product/leite-de-coco-200-ml/9556041608251
2534,"Leite condensado cozido, embalagem de 400g",7613034155160,11743,10047,,Nestlé,,"7,03€/Kg","2,79€",https://cdn.intermarche.pt/pt/Content/images/boitmal/produit/zoom/3AE58658640B39F72817166453F971D6.jpg,,/product/leite-condensado-cozido-embalagem-de-400g/7613034155160
2543,"Leite condensado magro, embalagem de 390g",7613034465689,11743,10047,,Nestlé,,"7,21€/Kg","2,79€",https://cdn.intermarche.pt/pt/Content/images/boitmal/produit/zoom/4920921B45C9DCFACC0ED01E309F4133.jpg,,/product/leite-condensado-magro-embalagem-de-390g/7613034465689
44792,"Leite condensado topping, embalagem de 450ml",7613036425292,11743,10047,,Nestlé,,"8,87€/Kg","3,99€",https://cdn.intermarche.pt/pt/Content/images/boitmal/produit/zoom/16BDF3A2F0384E1AE02D505DF728532C.jpg,,/product/leite-condensado-topping-embalagem-de-450ml/7613036425292
1699,"Leite de coco, 400 ml",5603697270210,11743,10047,,Koala,,"5,60€/L","2,24€",https://cdn.intermarche.pt/pt/Content/images/boitmal/produit/zoom/325C601900249BCE70F76383F10EF544.jpg,,/product/leite-de-coco-400-ml/5603697270210
42844,Leite evaporado,5604260304233,11743,10047,Embalagem de 410g,PorSi,,"3,63€/Kg","1,49€",https://cdn.intermarche.pt/pt/Content/images/boitmal/produit/zoom/F2FEA3B56FE66405DFFD228C1FAF1A5B.jpg,,/product/leite-evaporado/5604260304233
52017,"Leite de coco condensado com chocolate, 320g",5603697272252,11743,10047,,Koala,,"9,03€/Kg","2,89€",https://cdn.intermarche.pt/pt/Content/images/boitmal/produit/zoom/EBBA6C70F73220CEB0F61C5A3E609B31.jpg,,/product/leite-de-coco-condensado-com-chocolate-320g/5603697272252
37931,Salada de fruta em calda,5604260296644,11744,10047,Lata com 820 g,PorSi,,"3,04€/Kg","2,49€",https://cdn.intermarche.pt/pt/Content/images/boitmal/produit/zoom/7DF0BE7708D89639668069AD39ECAB07.jpg,,/product/salada-de-fruta-em-calda/5604260296644
17253,Ananás em rodelas lata,5604260274130,11744,10047,Embalagem de 820g,PorSi,,"2,67€/Kg","2,19€",https://cdn.intermarche.pt/pt/Content/images/boitmal/produit/zoom/CD04D3091AAEE78C953142599CF1911D.jpg,,/product/ananas-em-rodelas-lata/5604260274130
2337,Ananás em rodelas,5604260274123,11744,10047,Embalagem de 565 g,PorSi,,"3,52€/Kg","1,99€",https://cdn.intermarche.pt/pt/Content/images/boitmal/produit/zoom/01F608EDA4D591A419AD4ACC39873D42.jpg,,/product/ananas-em-rodelas/5604260274123
42173,Pêssego metades calda,5604260301973,11744,10047,Embalagem de 3x205g,PorSi,,"3,89€/Kg","2,39€",https://cdn.intermarche.pt/pt/Content/images/boitmal/produit/zoom/0030905CF9D2CF41C4B5E8769723B981.jpg,,/product/pessego-metades-calda/5604260301973
49889,Ananás pedaços em calda,5604260319701,11744,10047,Embalagem de 565g,PorSi,,"2,62€/Kg","1,48€",https://cdn.intermarche.pt/pt/Content/images/boitmal/produit/zoom/E17F780602C18531D4F64C94677CAA86.jpg,,/product/ananas-pedacos-em-calda/5604260319701
1697,"Polpa de maracujá, em lata, 570g",5603697270043,11744,10047,,Koala,,"7,59€/Kg","4,29€",https://cdn.intermarche.pt/pt/Content/images/boitmal/produit/zoom/B71F71E2D5DDFC8C734708C6248AEC60.jpg,,/product/polpa-de-maracuja-em-lata-570g/5603697270043
16462,Polpa de maracuja,5604260276783,11744,10047,Embalagem de 565g,PorSi,,"5,82€/Kg","3,29€",https://cdn.intermarche.pt/pt/Content/images/boitmal/produit/zoom/9B594882E8B9B35980C5B927A917539D.jpg,,/product/polpa-de-maracuja/5604260276783
2142,Polpa de manga,5604260255979,11744,10047,Embalagem de 850g,PorSi,,"3,82€/Kg","3,25€",https://cdn.intermarche.pt/pt/Content/images/boitmal/produit/zoom/3702943CF4730A31321E9D9503794322.jpg,,/product/polpa-de-manga/5604260255979
37927,"Pera em metades, lata",5604260283187,11744,10047,Embalagem de 420 g,PorSi,,"3,69€/Kg","1,55€",https://cdn.intermarche.pt/pt/Content/images/boitmal/produit/zoom/179E0E8556481AF11B0F92FC54D80160.jpg,,/product/pera-em-metades-lata/5604260283187
40465,"Metades de pera em calda, lata de 820 g",5604260283194,11744,10047,,PorSi,,"3,28€/Kg","2,69€",https://cdn.intermarche.pt/pt/Content/images/boitmal/produit/zoom/B209967E4EC0D8E0C089785477C0E0BF.jpg,,/product/metades-de-pera-em-calda-lata-de-820-g/5604260283194
42192,Salada de fruta em calda,5604260308514,11744,10047,Embalagem de 3 x 220 g,PorSi,,"4,08€/Kg","2,69€",https://cdn.intermarche.pt/pt/Content/images/boitmal/produit/zoom/23DB8A49EA9D36D054AC5EE510C51BED.jpg,,/product/salada-de-fruta-em-calda/5604260308514
22450,"Polpa de manga, embalagem de 450g",5603697270395,11744,10047,,Koala,,"5,31€/Kg","2,39€",https://cdn.intermarche.pt/pt/Content/images/boitmal/produit/zoom/60D14F2DF0B4F56C1C234E319B8AA61C.jpg,,/product/polpa-de-manga-embalagem-de-450g/5603697270395
34303,Manga em calda,3250390489856,11744,10047,Embalagem de 250g,Itinéraire des Saveurs,,"5,56€/Kg","1,39€",https://cdn.intermarche.pt/pt/Content/images/boitmal/produit/zoom/B30E662D55D23D089C956D7F76DD8C5A.jpg,,/product/manga-em-calda/3250390489856
45668,Ananás rodelas em sumo,5604260308927,11744,10047,Embalagem de 3 x 220 g,PorSi,,"3,92€/Kg","2,59€",https://cdn.intermarche.pt/pt/Content/images/boitmal/produit/zoom/17EA6492A797C03B59ACBCF3A2BFF4BB.jpg,,/product/ananas-rodelas-em-sumo/5604260308927
9285,"Jaca em calda, embalagem de 570g",5603697270203,11744,10047,,Koala,,"5,22€/Kg","2,95€",https://cdn.intermarche.pt/pt/Content/images/boitmal/produit/zoom/4DEAFD357686323F2E398677C5FED03E.jpg,,/product/jaca-em-calda-embalagem-de-570g/5603697270203
44660,"Papaia em calda, embalagem de 425g",5601522371613,11744,10047,,Globo,,"7,74€/Kg","3,29€",https://cdn.intermarche.pt/pt/Content/images/boitmal/produit/zoom/6C603E8AB39EAFF0939724B858CE54C7.jpg,,/product/papaia-em-calda-embalagem-de-425g/5601522371613
14344,"Barras de cereais nesquik, embalagem de 150g",3387390406719,11054,10042,,Nestlé,,"15,93€/Kg","2,39€",https://cdn.intermarche.pt/pt/Content/images/boitmal/produit/zoom/FED1CF4DC13639BE5B5979CCC8C9BC28.jpg,2024-11-27T23:59:59.999Z,/product/barras-de-cereais-nesquik-embalagem-de-150g/3387390406719
14346,"Barras cereais chocapic, embalagem de 150g",3387390406849,11054,10042,,Nestlé,,"15,93€/Kg","2,39€",https://cdn.intermarche.pt/pt/Content/images/boitmal/produit/zoom/62C7C838E38BFF97731D8D005E4F2D59.jpg,2024-11-27T23:59:59.999Z,/product/barras-cereais-chocapic-embalagem-de-150g/3387390406849
14345,Barras de cereais golden grahams,3387390406733,11054,10042,Embalagem de 150g,Nestlé,,"15,93€/Kg","2,39€",https://cdn.intermarche.pt/pt/Content/images/boitmal/produit/zoom/B89B77E060B39EB5CC39DD6F925C5C6F.jpg,2024-11-27T23:59:59.999Z,/product/barras-de-cereais-golden-grahams/3387390406733
30256,"Lion barra cereais, embalagem de 150g",5900020030405,11054,10042,,Nestlé,,"15,93€/Kg","2,39€",https://cdn.intermarche.pt/pt/Content/images/boitmal/produit/zoom/15B35F52599A1AB21CCB736D20BC24D7.jpg,2024-11-27T23:59:59.999Z,/product/lion-barra-cereais-embalagem-de-150g/5900020030405
47845,Barras de cereais forma arandos,5604260320271,11054,10042,6 x 21 g,PorSi,,"11,03€/Kg","1,39€",https://cdn.intermarche.pt/pt/Content/images/boitmal/produit/zoom/F3780E3A6ADE62F00C2F3567BD703EDF.jpg,,/product/barras-de-cereais-forma-arandos/5604260320271
31238,"Barra proteica chocolate e avelã gourmet, 80g",5600380891790,11054,10042,,Prozis,,"24,88€/Kg","1,99€",https://cdn.intermarche.pt/pt/Content/images/boitmal/produit/zoom/93BECDF4C981BAEB3BFF73E4B6E20B0D.jpg,,/product/barra-proteica-chocolate-e-avela-gourmet-80g/5600380891790
31239,"Barra proteica chocolate leite gourmet, 80g",5600380891806,11054,10042,,Prozis,,"24,88€/Kg","1,99€",https://cdn.intermarche.pt/pt/Content/images/boitmal/produit/zoom/DB6D961853D48636946DCFE9038F4C2A.jpg,,/product/barra-proteica-chocolate-leite-gourmet-80g/5600380891806
43153,"Wafer zero proteico baunilha, 40g",5600499523964,11054,10042,,Prozis,,"37,25€/Kg","1,49€",https://cdn.intermarche.pt/pt/Content/images/boitmal/produit/zoom/4B65C3FC09617AD058B2E0A62CC82DBC.jpg,,/product/wafer-zero-proteico-baunilha-40g/5600499523964
43154,"Zero wafer baixa em açúcares proteica chocolate preto, 40g",5600499559369,11054,10042,,Prozis,,"37,25€/Kg","1,49€",https://cdn.intermarche.pt/pt/Content/images/boitmal/produit/zoom/06B9DE6783EC8A1611A086511A7BF8B2.jpg,,/product/zero-wafer-baixa-em-acucares-proteica-chocolate-preto-40g/5600499559369
47917,Barras de cereais forma clássica,5604260320264,11054,10042,Embalagem de 126g,PorSi,,"11,03€/Kg","1,39€",https://cdn.intermarche.pt/pt/Content/images/boitmal/produit/zoom/94A34D6393EB1DC77B528463953518DA.jpg,,/product/barras-de-cereais-forma-classica/5604260320264
16337,"Cereais lion chocolate/caramelo, embalagem de 400g",7613033481314,11054,10042,,Nestlé,,"9,98€/Kg","3,99€",https://cdn.intermarche.pt/pt/Content/images/boitmal/produit/zoom/86B80076D74EEB7881F7C387A109D941.jpg,,/product/cereais-lion-chocolate-ou-caramelo-embalagem-de-400g/7613033481314
37460,Barra fitness chocolate e banana,5900020033963,11054,10042,Embalagem de 141 g,Nestlé,,"21,21€/Kg","2,99€",https://cdn.intermarche.pt/pt/Content/images/boitmal/produit/zoom/61BB91D38AB9279BC7CD51B60ADF8FBC.jpg,,/product/barra-fitness-chocolate-e-banana/5900020033963
14337,"Barras fitness com chocolate, embalagem de 140g",3387390320008,11054,10042,,Nestlé,,"21,21€/Kg","2,99€",https://cdn.intermarche.pt/pt/Content/images/boitmal/produit/zoom/8F46EC9D9DB3A3442793A7E831ACEE36.jpg,,/product/barras-fitness-com-chocolate-embalagem-de-140g/3387390320008
14340,"Barras fitness com morango, embalagem de 140g",3387390326291,11054,10042,,Nestlé,,"21,21€/Kg","2,99€",https://cdn.intermarche.pt/pt/Content/images/boitmal/produit/zoom/ABF74D21E3C804C027E678D6B2AB2D7B.jpg,,/product/barras-fitness-com-morango-embalagem-de-140g/3387390326291
14396,"Barras fitness natural 141g, embalagem de 140g",3387390326284,11054,10042,,Nestlé,,"21,21€/Kg","2,99€",https://cdn.intermarche.pt/pt/Content/images/boitmal/produit/zoom/BE5AEFEB9E2D4C79B21698CDC945E5E8.jpg,,/product/barras-fitness-natural-141g-embalagem-de-140g/3387390326284
30802,"Barras de cereais special k proteína côco, cacau & caju 4x28g",5053827190046,11054,10042,Embalagem de 110g,Kellogg's,,"33,84€/Kg","3,79€",https://cdn.intermarche.pt/pt/Content/images/boitmal/produit/zoom/C73BE0B3EB7EB3C9F1FEF131EF8E3270.jpg,,/product/barras-de-cereais-special-k-proteina-coco-cacau-&-caju-4x28g/5053827190046
50443,"Granola aveia e chocolate negro, embalagem de 320g",5059319016603,11054,10042,,KelloggS,,"13,09€/Kg","4,19€",https://cdn.intermarche.pt/pt/Content/images/boitmal/produit/zoom/AB5C1622573DAD9F311B2B7D09CFD053.jpg,,/product/granola-aveia-e-chocolate-negro-embalagem-de-320g/5059319016603
39166,"Barritas crocantes sésamo e mel, embalagem de 40g",5601557045640,10455,10120,,Salutem,,"17,25€/Kg","0,69€",https://cdn.intermarche.pt/pt/Content/images/boitmal/produit/zoom/F362A1F6EBE9F3DF851DB03E0BDCEA31.jpg,,/product/barritas-crocantes-sesamo-e-mel-embalagem-de-40g/5601557045640
39167,"Barrita crocante pevides de abóbora, embalagem de 40g",5601557045657,10455,10120,,Salutem,,"21,25€/Kg","0,85€",https://cdn.intermarche.pt/pt/Content/images/boitmal/produit/zoom/3CE3A14D0398448B59D97C3429C84DAE.jpg,,/product/barrita-crocante-pevides-de-abobora-embalagem-de-40g/5601557045657
39217,Barritas crocantes sésamo e chia salutem r,5601557055373,10455,10120,Embalagem de 40g,Salutem,,"19,75€/Kg","0,79€",https://cdn.intermarche.pt/pt/Content/images/boitmal/produit/zoom/43A3384B9391F92FA434698969C8E621.jpg,,/product/barritas-crocantes-sesamo-e-chia-salutem-r/5601557055373
50444,"Granola aveia e frutos vermelhos, embalagem de 320g",5059319016573,11054,10042,,KelloggS,,"13,09€/Kg","4,19€",https://cdn.intermarche.pt/pt/Content/images/boitmal/produit/zoom/293FBDB3790528D0871C8E5DCA095AC0.jpg,,/product/granola-aveia-e-frutos-vermelhos-embalagem-de-320g/5059319016573
51942,Estrelitas cerbr mp 16(6x22g) n2 pt,5900020041081,11054,10042,Embalagem de 132g,Nestlé,,"30,23€/Kg","3,99€",https://cdn.intermarche.pt/pt/Content/images/boitmal/produit/zoom/9FDFBA7FB3AD9AD465A0857476491DC6.jpg,,/product/estrelitas-cerbr-mp-16(6x22g)-n2-pt/5900020041081
14317,"Barra frutos vermelhos, embalagem de 130g",5050083171840,11054,10042,,KelloggS,,"23,18€/Kg","2,99€",https://cdn.intermarche.pt/pt/Content/images/boitmal/produit/zoom/BC86448C351314F6AAEA25D879D9A737.jpg,,/product/barra-frutos-vermelhos-embalagem-de-130g/5050083171840
14319,"Barra especial k, chocolate de leite, embalagem de 130g",5050083430442,11054,10042,,KelloggS,,"23,18€/Kg","2,99€",https://cdn.intermarche.pt/pt/Content/images/boitmal/produit/zoom/08D7C04ABF809D394B72FA7792C21A9C.jpg,,/product/barra-especial-k-chocolate-de-leite-embalagem-de-130g/5050083430442
14717,Barras de cereais fitness crunchy & caramelo,5900020022370,11054,10042,Embalagem de 140g,Nestlé,,"21,36€/Kg","2,99€",https://cdn.intermarche.pt/pt/Content/images/boitmal/produit/zoom/8F9B2EE4DFD4EDE10FBA4BD323095899.jpg,,/product/barras-de-cereais-fitness-crunchy-&-caramelo/5900020022370
38464,Zero bar - baixo teor de açúcares manteiga de amendoim,5600499502037,11054,10042,Embalagem de 40g,Prozis,,"34,75€/Kg","1,39€",https://cdn.intermarche.pt/pt/Content/images/boitmal/produit/zoom/04233CB8C7554EBB416EF89ACADAA3F7.jpg,,/product/zero-bar-baixo-teor-de-acucares-manteiga-de-amendoim/5600499502037
38945,"Barrita controlo de peso chocolate, embalagem de 44g",5604321021451,10455,10120,,Ignoramu,,"52,05€/Kg","2,29€",https://cdn.intermarche.pt/pt/Content/images/boitmal/produit/zoom/B11B1F510B735464BA68CE98CB73C436.jpg,,/product/barrita-controlo-de-peso-chocolate-embalagem-de-44g/5604321021451
38961,"Barrita controlo de peso maçã, embalagem de 44g",5604321021444,10455,10120,,Ignoramu,,"52,05€/Kg","2,29€",https://cdn.intermarche.pt/pt/Content/images/boitmal/produit/zoom/13249F72920664DAB2D8F9F037486C96.jpg,,/product/barrita-controlo-de-peso-maca-embalagem-de-44g/5604321021444
43151,"Zero bar baixo teor de açúcares manteiga de amendoim, 40g",5600499502044,11054,10042,,Prozis,,"34,75€/Kg","1,39€",https://cdn.intermarche.pt/pt/Content/images/boitmal/produit/zoom/28B0B44B90FC35F24A0CE9AED2B77E82.jpg,,/product/zero-bar-baixo-teor-de-acucares-manteiga-de-amendoim-40g/5600499502044
50589,"Barritas crocantes sesamo e quinoa, 40g",5601557058947,11054,10042,,Salutem,,"19,75€/Kg","0,79€",https://cdn.intermarche.pt/pt/Content/images/boitmal/produit/zoom/9E702856842A8163554A23A7CA7E055E.jpg,,/product/barritas-crocantes-sesamo-e-quinoa-40g/5601557058947
51302,"Barra proteica de amendoim, embalagem de 65g",5600961159158,11054,10042,,Prozis,,"24,46€/Kg","1,59€",https://cdn.intermarche.pt/pt/Content/images/boitmal/produit/zoom/7741C1744CACA6DB5C0E09FA1AFB4773.jpg,,/product/barra-proteica-de-amendoim-embalagem-de-65g/5600961159158
52787,"Barras de Cereais Fitness 0% Mel, 80g",5900020044129,11054,10042,,Nestlé,,"31,13€/Kg","2,49€",https://cdn.intermarche.pt/pt/Content/images/boitmal/produit/zoom/B8CD64EB13E113B0340385F8984EDF75.jpg,,/product/barras-de-cereais-fitness-0%25-mel-80g/5900020044129
53110,"Barra de Cereais Avelãs 0%, 6 x 20g",8410175081353,11054,10042,,Corny,,"24,92€/Kg","2,99€",https://cdn.intermarche.pt/pt/Content/images/boitmal/produit/zoom/26BFCE64BDEF7CE5C0301C49660CDB11.jpg,,/product/barra-de-cereais-avelas-0%25-6-x-20g/8410175081353
51329,"Energy crunch bar bolacha, 40g",5600961167498,11054,10042,,Prozis,,"23,75€/Kg","0,95€",https://cdn.intermarche.pt/pt/Content/images/boitmal/produit/zoom/EA4C8E05B38046E9B4929C0686B20CB1.jpg,,/product/energy-crunch-bar-bolacha-40g/5600961167498
52788,"Barras de Cereais Protein Fitness 0% Cacau, 80g",5900020043832,11054,10042,,Nestlé,,"31,13€/Kg","2,49€",https://cdn.intermarche.pt/pt/Content/images/boitmal/produit/zoom/319BF7682172EDC92A4E7C3D869C59EC.jpg,,/product/barras-de-cereais-protein-fitness-0%25-cacau-80g/5900020043832
14318,"Barra chocolate, 6x21.5g",5050083172007,11054,10042,,KelloggS,,"23,18€/Kg","2,99€",https://cdn.intermarche.pt/pt/Content/images/boitmal/produit/zoom/53D4DE60FFA9EFAED14405E9981F5D4F.jpg,,/product/barra-chocolate-6x21.5g/5050083172007
49993,Barras cereais nacional zero 126 g,5601066602143,11054,10042,,Nacional,,"18,97€/Kg","2,39€",https://cdn.intermarche.pt/pt/Content/images/boitmal/produit/zoom/E50930E38FFC9BE0125463441222D8B9.jpg,,/product/barras-cereais-nacional-zero-126-g/5601066602143
51943,Fit dkchoc&almd cerbr mp16(6x23.5g)n2 pt,5900020041319,11054,10042,Embalagem de 141g,Nestlé,,"21,21€/Kg","2,99€",https://cdn.intermarche.pt/pt/Content/images/boitmal/produit/zoom/6896D4704C39BE525821B6781A6FDEDF.jpg,,/product/fit-dkchoc&almd-cerbr-mp16(6x23.5g)n2-pt/5900020041319
6054,Doce de morango,5608516251050,11072,10051,Embalagem de 280g,Quinta de Jugais,,"8,54€/Kg","2,39€",https://cdn.intermarche.pt/pt/Content/images/boitmal/produit/zoom/C6B439B14963BCCCBB6069BBF269382D.jpg,2024-11-27T23:59:59.999Z,/product/doce-de-morango/5608516251050
2395,"Doce de abóbora, embalagem de 280g",5608516251012,11072,10051,,Quinta de Jugais,,"8,54€/Kg","2,39€",https://cdn.intermarche.pt/pt/Content/images/boitmal/produit/zoom/42553823D44D04C0CD8B9270A0D469B7.jpg,2024-11-27T23:59:59.999Z,/product/doce-de-abobora-embalagem-de-280g/5608516251012
16040,"Doce de abóbora com noz, embalagem de 280g",5608516251029,11072,10051,,Quinta de Jugais,,"8,54€/Kg","2,39€",https://cdn.intermarche.pt/pt/Content/images/boitmal/produit/zoom/C72E1A6620F24FDD8D0C1D1C351B8129.jpg,2024-11-27T23:59:59.999Z,/product/doce-de-abobora-com-noz-embalagem-de-280g/5608516251029
6052,"Doce de abóbora com amêndoa, embalagem de 280g",5608516251036,11072,10051,,Quinta de Jugais,,"8,54€/Kg","2,39€",https://cdn.intermarche.pt/pt/Content/images/boitmal/produit/zoom/F4279118A11A1231F5176BC793D8487E.jpg,2024-11-27T23:59:59.999Z,/product/doce-de-abobora-com-amendoa-embalagem-de-280g/5608516251036
6055,Doce de tomate,5608516251104,11072,10051,Embalagem de 280g,Quinta de Jugais,,"8,54€/Kg","2,39€",https://cdn.intermarche.pt/pt/Content/images/boitmal/produit/zoom/413A261B5C73A65B033F14CCE195F5BF.jpg,2024-11-27T23:59:59.999Z,/product/doce-de-tomate/5608516251104
30173,"Doce de morango, embalagem de 330g",5607238032022,11072,10051,,Casa de Mateus,,"10,58€/Kg","3,49€",https://cdn.intermarche.pt/pt/Content/images/boitmal/produit/zoom/88D51E70797213287B5E6B80B6008E2A.jpg,,/product/doce-de-morango-embalagem-de-330g/5607238032022
48844,Doce extra framboesa,5604260321360,11072,10051,Embalagem de 355g,PorSi,,"5,61€/Kg","1,99€",https://cdn.intermarche.pt/pt/Content/images/boitmal/produit/zoom/6AA37035BA42031BE3C52C532B745863.jpg,,/product/doce-extra-framboesa/5604260321360
43497,Bio doce de mirtilo,5604260308279,11072,10051,Embalagem de 330g,PorSi Bio,,"7,85€/Kg","2,59€",https://cdn.intermarche.pt/pt/Content/images/boitmal/produit/zoom/ED4995300D4214CAB95506A76EDBA06B.jpg,,/product/bio-doce-de-mirtilo/5604260308279
48362,Doce extra figo,5604260323166,11072,10051,Embalagem de 350g,PorSi,,"5,69€/Kg","1,99€",https://cdn.intermarche.pt/pt/Content/images/boitmal/produit/zoom/F0DC07DF0E88C4C211BB179D61432582.jpg,,/product/doce-extra-figo/5604260323166
43500,Bio doce de morango,5604260309436,11072,10051,Embalagem de 330g,PorSi Bio,,"7,85€/Kg","2,59€",https://cdn.intermarche.pt/pt/Content/images/boitmal/produit/zoom/1D5FBC64669B9439E7FA0392E82E7ADE.jpg,,/product/bio-doce-de-morango/5604260309436
48845,Doce extra alperce,5604260321353,11072,10051,Embalagem de 355g,PorSi,,"5,61€/Kg","1,99€",https://cdn.intermarche.pt/pt/Content/images/boitmal/produit/zoom/2E7909D862D4FC6BEE6F26E1CA506266.jpg,,/product/doce-extra-alperce/5604260321353
48353,Doce extra cereja,5604260321384,11072,10051,Embalagem de 355g,PorSi,,"4,76€/Kg","1,69€",https://cdn.intermarche.pt/pt/Content/images/boitmal/produit/zoom/CC39706D184059AD215B58C5B4AEE0B2.jpg,,/product/doce-extra-cereja/5604260321384
30174,"Doce tomate, embalagem de 350g",5607238032046,11072,10051,,Casa de Mateus,,"10,12€/Kg","3,49€",https://cdn.intermarche.pt/pt/Content/images/boitmal/produit/zoom/7329497C102D5EDB2B50BA9CB08ADBBD.jpg,,/product/doce-tomate-embalagem-de-350g/5607238032046
48358,Doce light framboesa,5604260321124,11072,10051,Embalagem de 340g,PorSi,,"5,26€/Kg","1,79€",https://cdn.intermarche.pt/pt/Content/images/boitmal/produit/zoom/7699E10D2416FA34B15415E41B42CC97.jpg,,/product/doce-light-framboesa/5604260321124
48859,Citrinada de laranja,5604260321414,11072,10051,Embalagem de 360g,PorSi,,"3,86€/Kg","1,39€",https://cdn.intermarche.pt/pt/Content/images/boitmal/produit/zoom/62C0F252E505D3D1F4F9508A2A4B2542.jpg,,/product/citrinada-de-laranja/5604260321414
33191,"Doce abóbora, embalagem de 350g",5607238032169,11072,10051,,Casa de Mateus,,"11,40€/Kg","3,99€",https://cdn.intermarche.pt/pt/Content/images/boitmal/produit/zoom/49DBA0512EF492391C14C92E476E0AFF.jpg,,/product/doce-abobora-embalagem-de-350g/5607238032169
48359,Doce light frutos vermelhos,5604260321117,11072,10051,Embalagem de 340g,PorSi,,"4,97€/Kg","1,69€",https://cdn.intermarche.pt/pt/Content/images/boitmal/produit/zoom/C7EEB529D9B6749FC307619ADEF2DF6E.jpg,,/product/doce-light-frutos-vermelhos/5604260321117
48360,Doce light morango,5604260321131,11072,10051,Embalagem de 340g,PorSi,,"4,97€/Kg","1,69€",https://cdn.intermarche.pt/pt/Content/images/boitmal/produit/zoom/4E37DEC741A45A805BA5A54369BC0951.jpg,,/product/doce-light-morango/5604260321131
17021,"Doce pessego 284g, frasco de 284g",84380957642,11072,10051,,St.Dalfour,,"14,05€/Kg","3,99€",https://cdn.intermarche.pt/pt/Content/images/boitmal/produit/zoom/F2D0F363E0571C9178D7279D87994E1D.jpg,,/product/doce-pessego-284g-frasco-de-284g/0084380957642
33670,"Doce morango, embalagem de 350g",5607238032145,11072,10051,,Casa de Mateus,,"11,40€/Kg","3,99€",https://cdn.intermarche.pt/pt/Content/images/boitmal/produit/zoom/038D76BC495BF3996B3A22A47A1AA1B1.jpg,,/product/doce-morango-embalagem-de-350g/5607238032145
48354,Doce extra mirtilo,5604260321322,11072,10051,Embalagem de 355g,PorSi,,"5,61€/Kg","1,99€",https://cdn.intermarche.pt/pt/Content/images/boitmal/produit/zoom/F62B8B9A73A39F647DF34B95E52CC85A.jpg,,/product/doce-extra-mirtilo/5604260321322
48357,Doce extra tomate,5604260321407,11072,10051,Embalagem de 355g,PorSi,,"3,92€/Kg","1,39€",https://cdn.intermarche.pt/pt/Content/images/boitmal/produit/zoom/1002539D9CCC870CFCC7414477D716BF.jpg,,/product/doce-extra-tomate/5604260321407
48843,Doce extra amora,5604260323272,11072,10051,Embalagem de 355g,PorSi,,"6,45€/Kg","2,29€",https://cdn.intermarche.pt/pt/Content/images/boitmal/produit/zoom/BC89E3FA0214C2EA9349F7C8B2706C3A.jpg,,/product/doce-extra-amora/5604260323272
30175,"Doce de gila, embalagem de 350g",5607238032015,11072,10051,,Casa de Mateus,,"10,99€/Kg","3,79€",https://cdn.intermarche.pt/pt/Content/images/boitmal/produit/zoom/E156A293D736114082ABE1A6BF33361C.jpg,,/product/doce-de-gila-embalagem-de-350g/5607238032015
39359,"Doce de ameixa com frutose, embalagem de 330g",5601557026892,10453,10120,,Salutem,,"10,27€/Kg","3,39€",https://cdn.intermarche.pt/pt/Content/images/boitmal/produit/zoom/8F3C5488D46DACD55458F7EAD04DF247.jpg,,/product/doce-de-ameixa-com-frutose-embalagem-de-330g/5601557026892
43496,Bio doce de framboesa,5604260308262,11072,10051,Embalagem de 330g,PorSi Bio,,"7,85€/Kg","2,59€",https://cdn.intermarche.pt/pt/Content/images/boitmal/produit/zoom/EF134A7951BB7ED5F9530559BAABA289.jpg,,/product/bio-doce-de-framboesa/5604260308262
43498,Bio doce de pessego,5604260308286,11072,10051,Embalagem de 330g,PorSi Bio,,"7,85€/Kg","2,59€",https://cdn.intermarche.pt/pt/Content/images/boitmal/produit/zoom/2A4EFC530FC29B20372FAAFD3420477A.jpg,,/product/bio-doce-de-pessego/5604260308286
43634,Doce de tomate,5604260313808,11072,10051,200 g,PorSi Select,,"8,45€/Kg","1,69€",https://cdn.intermarche.pt/pt/Content/images/boitmal/produit/zoom/782A6F7BD1DC484D92C69A6223B0FBD0.jpg,,/product/doce-de-tomate/5604260313808
46488,Doce de abóbora s/ açúcar adicionado,5604260316410,11072,10051,Frasco com 220 g,PorSi,,"9,05€/Kg","1,99€",https://cdn.intermarche.pt/pt/Content/images/boitmal/produit/zoom/9C2C40AB5B467F3FC336084B515A7E24.jpg,,/product/doce-de-abobora-s-ou-acucar-adicionado/5604260316410
15812,"Doce arando e mirtilo, frasco de 284g",84380984563,11072,10051,,St.Dalfour,,"15,46€/Kg","4,39€",https://cdn.intermarche.pt/pt/Content/images/boitmal/produit/zoom/F5DF906B766EBB3214B43FD521407A43.jpg,,/product/doce-arando-e-mirtilo-frasco-de-284g/0084380984563
15815,"Doce quatro frutos, frasco de 284g",84380957840,11072,10051,,St.Dalfour,,"15,46€/Kg","4,39€",https://cdn.intermarche.pt/pt/Content/images/boitmal/produit/zoom/E0BC2E6A4DA519BE9326A955C0382513.jpg,,/product/doce-quatro-frutos-frasco-de-284g/0084380957840
16707,"Doce de framboesa, frasco de 284g",84380957741,11072,10051,,St.Dalfour,,"17,22€/Kg","4,89€",https://cdn.intermarche.pt/pt/Content/images/boitmal/produit/zoom/61990D4DDE9248EA48DF7E0AC051DDC7.jpg,,/product/doce-de-framboesa-frasco-de-284g/0084380957741
16708,Doce cereja 284g,84380957048,11072,10051,Frasco de 284g,St. Dalfour,,"17,22€/Kg","4,89€",https://cdn.intermarche.pt/pt/Content/images/boitmal/produit/zoom/6474B814356192BB6ABE2D477EED263A.jpg,,/product/doce-cereja-284g/0084380957048
16709,"Doce morango, 284g",84380957444,11072,10051,,St.Dalfour,,"15,46€/Kg","4,39€",https://cdn.intermarche.pt/pt/Content/images/boitmal/produit/zoom/61555B9F51FA532591CD912C10EA99EF.jpg,,/product/doce-morango-284g/0084380957444
21700,Doce framboesa e romã,84380985713,11072,10051,Frasco de 284g,St. Dalfour,,"14,05€/Kg","3,99€",https://cdn.intermarche.pt/pt/Content/images/boitmal/produit/zoom/DD8B812B1290520179DC4166804AFFC8.jpg,,/product/doce-framboesa-e-roma/0084380985713
21701,Doce amoras,84380985812,11072,10051,Frasco de 284g,St. Dalfour,,"15,46€/Kg","4,39€",https://cdn.intermarche.pt/pt/Content/images/boitmal/produit/zoom/D159475CDE28373976B1AB478AD4B1BC.jpg,,/product/doce-amoras/0084380985812
30059,"Doce frutos vermelhos, embalagem de 350g",5607238032190,11072,10051,,Casa de Mateus,,"11,40€/Kg","3,99€",https://cdn.intermarche.pt/pt/Content/images/boitmal/produit/zoom/9B3EF2018FC40340C0BAD03D395A6C03.jpg,,/product/doce-frutos-vermelhos-embalagem-de-350g/5607238032190
39363,Doce de morango com frutose,5601557026939,10453,10120,Embalagem de 330g,Salutem,,"6,94€/Kg","2,29€",https://cdn.intermarche.pt/pt/Content/images/boitmal/produit/zoom/C885C3A96F6F967D5FCC12BB5F450092.jpg,,/product/doce-de-morango-com-frutose/5601557026939
39383,"Doce de figo com frutose r, embalagem de 330g",5601557037904,11072,10051,,Salutem,,"9,06€/Kg","2,99€",https://cdn.intermarche.pt/pt/Content/images/boitmal/produit/zoom/4D6A9C6B84C0DBC0062CA90757FC8AC9.jpg,,/product/doce-de-figo-com-frutose-r-embalagem-de-330g/5601557037904
39429,"Abóbora adoçada com xarope de milho, embalagem de 240g",5604321029037,10453,10120,,Cemporcento,,"12,46€/Kg","2,99€",https://cdn.intermarche.pt/pt/Content/images/boitmal/produit/zoom/C4DD4C626D840EA3B9D238B1F3CBDDB7.jpg,,/product/abobora-adocada-com-xarope-de-milho-embalagem-de-240g/5604321029037
14206,Marmelada,5604260275588,10318,10051,Embalagem de 450g,PorSi,,"3,31€/Kg","1,49€",https://cdn.intermarche.pt/pt/Content/images/boitmal/produit/zoom/FBE9AB530E38FF9F9E5B583FCE276C87.jpg,,/product/marmelada/5604260275588
30181,"Geleia de morango, embalagem de 345g",5607238032107,10318,10051,,Casa de Mateus,,"11,57€/Kg","3,99€",https://cdn.intermarche.pt/pt/Content/images/boitmal/produit/zoom/C7F13834CCCA4B22757776150195CE5F.jpg,,/product/geleia-de-morango-embalagem-de-345g/5607238032107
14205,Marmelada,5604260275571,10318,10051,Embalagem de 900g,PorSi,,"3,10€/Kg","2,79€",https://cdn.intermarche.pt/pt/Content/images/boitmal/produit/zoom/F7B687A6F498B2D58EED70DD4D19E391.jpg,,/product/marmelada/5604260275571
16714,"Marmelada, embalagem de 400g",5601319049251,10318,10051,,Ferbar,,"5,73€/Kg","2,29€",https://cdn.intermarche.pt/pt/Content/images/boitmal/produit/zoom/1C281AA94AF90F46135CD075C97AAF26.jpg,,/product/marmelada-embalagem-de-400g/5601319049251
30182,"Geleia de marmelo, 345 g",5607238032091,10318,10051,,Casa de Mateus,,"11,57€/Kg","3,99€",https://cdn.intermarche.pt/pt/Content/images/boitmal/produit/zoom/3E020618FB9E5056C876AC01A4BE7AA3.jpg,,/product/geleia-de-marmelo-345-g/5607238032091
43869,Marmelada sem conservantes,5604260311002,10318,10051,Embalagem de 500g,PorSi,,"5,58€/Kg","2,79€",https://cdn.intermarche.pt/pt/Content/images/boitmal/produit/zoom/EBF046DE96245D4391B90B17C35243DB.jpg,,/product/marmelada-sem-conservantes/5604260311002
43874,Marmelada com frutose,5604260312139,10318,10051,Embalagem de 400g,PorSi Viva Bem,,"4,98€/Kg","1,99€",https://cdn.intermarche.pt/pt/Content/images/boitmal/produit/zoom/B06D2191F6F9E5610852CB3AE307029E.jpg,,/product/marmelada-com-frutose/5604260312139
50371,Goiabada,5604260319510,10318,10051,600 g,PorSi,,"4,98€/Kg","2,99€",https://cdn.intermarche.pt/pt/Content/images/boitmal/produit/zoom/16A73FD1E5888225D5E355130A343275.jpg,,/product/goiabada/5604260319510
16715,Goiaba,5601319037227,10318,10051,Embalagem de 300g,Ferbar,,"9,30€/Kg","2,79€",https://cdn.intermarche.pt/pt/Content/images/boitmal/produit/zoom/EBFE6CB06CC979C5F62544A29D184D1F.jpg,,/product/goiaba/5601319037227
28260,"Marmelada, embalagem de 800g",5601319041996,10318,10051,,Ferbar,,"4,99€/Kg","3,99€",https://cdn.intermarche.pt/pt/Content/images/boitmal/produit/zoom/E140E5175752DE58250C6DA8CAC4F702.jpg,,/product/marmelada-embalagem-de-800g/5601319041996
40049,"Marmelada (semadição de açúcares), embalagem de 400g",5604321027484,10318,10051,,Cemporcento,,"6,73€/Kg","2,69€",https://cdn.intermarche.pt/pt/Content/images/boitmal/produit/zoom/F2798C40A1BFFCE0E2D6C7607EDAE7FD.jpg,,/product/marmelada-(semadicao-de-acucares)-embalagem-de-400g/5604321027484
44868,Marmelada em cubos,5601319056679,10318,10051,Embalagem de 200g,Ferbar,,"14,95€/Kg","2,99€",https://cdn.intermarche.pt/pt/Content/images/boitmal/produit/zoom/BF7BD9953E6EB5558A2DFF36CFD5767F.jpg,,/product/marmelada-em-cubos/5601319056679
14684,"Creme para barrar de avelãs e cacau, embalagem de 350g",80177173,10317,10051,,Nutella,,"12,26€/Kg","4,29€",https://cdn.intermarche.pt/pt/Content/images/boitmal/produit/zoom/3277225B3D0CAE93D52B7650F565CAA9.jpg,,/product/creme-para-barrar-de-avelas-e-cacau-embalagem-de-350g/0000080177173
277,"Creme para barrar de avelãs e cacau, embalagem de 200 g",80135463,10317,10051,,Nutella,,"14,45€/Kg","2,89€",https://cdn.intermarche.pt/pt/Content/images/boitmal/produit/zoom/7F9EF4BFB078F0EE53FC86413847018B.jpg,,/product/creme-para-barrar-de-avelas-e-cacau-embalagem-de-200-g/0000080135463
43867,Manteiga amendoim cremosa,5604260310944,10317,10051,Embalagem de 340g,PorSi,,"5,44€/Kg","1,85€",https://cdn.intermarche.pt/pt/Content/images/boitmal/produit/zoom/88B9ED232D7EB0471500225424858FCE.jpg,,/product/manteiga-amendoim-cremosa/5604260310944
44715,"Manteiga de amendoim cremosa, 250g",5600961109672,10317,10051,,Prozis,,"10,36€/Kg","2,59€",https://cdn.intermarche.pt/pt/Content/images/boitmal/produit/zoom/F3BC5DC75EEA4B2A2A2D8261ED4DF01B.jpg,,/product/manteiga-de-amendoim-cremosa-250g/5600961109672
44756,"Manteiga amendoim com pedaços, embalagem de 350g",8720182022066,10317,10051,,Calvé,,"9,97€/Kg","3,49€",https://cdn.intermarche.pt/pt/Content/images/boitmal/produit/zoom/CF863EC714A8C0F801C6B7591846A368.jpg,,/product/manteiga-amendoim-com-pedacos-embalagem-de-350g/8720182022066
613,Creme p/ Barrar,3250390114161,10317,10051,Embalagem de 400 g,Noikao,,"6,13€/Kg","2,45€",https://cdn.intermarche.pt/pt/Content/images/boitmal/produit/zoom/7F86EC193AB8B72B1ED75FD24051B722.jpg,,/product/creme-p-ou-barrar/3250390114161
719,Creme para barrar duo,3250391062126,10317,10051,Embalagem de 400 g,Noikao,,"5,73€/Kg","2,29€",https://cdn.intermarche.pt/pt/Content/images/boitmal/produit/zoom/0531EAA664293B80B5F7D382385A2E53.jpg,,/product/creme-para-barrar-duo/3250391062126
7365,Creme para barrar,3250390114178,10317,10051,Embalagem de 750 g,Noikao,,"5,19€/Kg","3,89€",https://cdn.intermarche.pt/pt/Content/images/boitmal/produit/zoom/DE4E363D7C90EC601D82E3633B55DEC2.jpg,,/product/creme-para-barrar/3250390114178
43868,Manteiga amendoim crocant,5604260310951,10317,10051,Embalagem de 340g,PorSi,,"5,44€/Kg","1,85€",https://cdn.intermarche.pt/pt/Content/images/boitmal/produit/zoom/3E32FFBA04408E4C0E214DAF48565EE1.jpg,,/product/manteiga-amendoim-crocant/5604260310951
29915,"Manteiga de amendoim cremosa, 500g",5600826202982,10317,10051,,Prozis,,"7,98€/Kg","3,99€",https://cdn.intermarche.pt/pt/Content/images/boitmal/produit/zoom/5039923B1D2DFB66F663AC55A706C4D6.jpg,,/product/manteiga-de-amendoim-cremosa-500g/5600826202982
36935,Creme para barrar,80176800,10317,10051,Embalagem de 750 g,Nutella,,"9,72€/Kg","7,29€",https://cdn.intermarche.pt/pt/Content/images/boitmal/produit/zoom/506FB916EAF70D273B9F4E00A3A5FC6E.jpg,,/product/creme-para-barrar/0000080176800
29916,"Manteiga de amendoim crocante, 500g",5600826203613,10317,10051,,Prozis,,"7,98€/Kg","3,99€",https://cdn.intermarche.pt/pt/Content/images/boitmal/produit/zoom/CA1914B393A02A9776C79C9EDB820EC4.jpg,,/product/manteiga-de-amendoim-crocante-500g/5600826203613
44271,"Creme para barrar de avelãs e cacau, embalagem de 600g",8000500179864,10317,10051,,Nutella,,"10,65€/Kg","6,39€",https://cdn.intermarche.pt/pt/Content/images/boitmal/produit/zoom/3E92D36D3A02542DBE73946218C7E32B.jpg,,/product/creme-para-barrar-de-avelas-e-cacau-embalagem-de-600g/8000500179864
49327,"Creme para barrar de chocolate e avelã, embalagem de 340g",7622201515027,10317,10051,,Milka,,"11,44€/Kg","3,89€",https://cdn.intermarche.pt/pt/Content/images/boitmal/produit/zoom/E7321199686F8CE5801AAB1F5DA6C265.jpg,,/product/creme-para-barrar-de-chocolate-e-avela-embalagem-de-340g/7622201515027
44716,"Manteiga de amendoim crocante, 250g",5600961109689,10317,10051,,Prozis,,"10,36€/Kg","2,59€",https://cdn.intermarche.pt/pt/Content/images/boitmal/produit/zoom/5C49EA58662ED0AB0C9855F8B09D259E.jpg,,/product/manteiga-de-amendoim-crocante-250g/5600961109689
44755,"Manteiga amendoim cremosa, embalagem de 350g",8720182022042,10317,10051,,Calvé,,"9,97€/Kg","3,49€",https://cdn.intermarche.pt/pt/Content/images/boitmal/produit/zoom/233BB6D8E8CEE88ED461BD6951C97E8A.jpg,,/product/manteiga-amendoim-cremosa-embalagem-de-350g/8720182022042
31195,"Manteiga de amendoim, embalagem de 1 kg",5600826203606,10317,10051,,Prozis,,"6,99€/Kg","6,99€",https://cdn.intermarche.pt/pt/Content/images/boitmal/produit/zoom/C438423B2F99A04704C4F90A64427016.jpg,,/product/manteiga-de-amendoim-embalagem-de-1-kg/5600826203606
31194,"Manteiga de amendoim cremosa, 1 kg",5600826203064,10317,10051,,Prozis,,"6,99€/Kg","6,99€",https://cdn.intermarche.pt/pt/Content/images/boitmal/produit/zoom/4264486B74A43BA7CE52AD0CAABAE8EB.jpg,,/product/manteiga-de-amendoim-cremosa-1-kg/5600826203064
49328,Creme p/ barrar de chocolate e avelã,7622201515003,10317,10051,Embalagem de 600g,Milka,,"8,32€/Kg","4,99€",https://cdn.intermarche.pt/pt/Content/images/boitmal/produit/zoom/10C1D99202C37F441E99948F81A5AFE2.jpg,,/product/creme-p-ou-barrar-de-chocolate-e-avela/7622201515003
53039,"Creme de barrar biscoff, 400g",5410126116953,10317,10051,,Lotus,,"11,23€/Kg","4,49€",https://cdn.intermarche.pt/pt/Content/images/boitmal/produit/zoom/B06470A4F05FD0A0C16F526CC8EE2E67.jpg,,/product/creme-de-barrar-biscoff-400g/5410126116953
36925,Mel multifloral doseador,5604260297061,10319,10051,Embalagem de 250g,PorSi,,"7,96€/Kg","1,99€",https://cdn.intermarche.pt/pt/Content/images/boitmal/produit/zoom/412D819451B7AEBF9B8A83F484A954C8.jpg,,/product/mel-multifloral-doseador/5604260297061
2071,Mel em frasco de vidro,5604260193332,10319,10051,Embalagem de 250g,PorSi,,"9,16€/Kg","2,29€",https://cdn.intermarche.pt/pt/Content/images/boitmal/produit/zoom/0BBF8EA0662046D169A4CB39247F7AB7.jpg,,/product/mel-em-frasco-de-vidro/5604260193332
14226,Mel rosmaninho 500g,5602132656015,10319,10051,Embalagem de 500G,Serramel,,"11,78€/Kg","5,89€",https://cdn.intermarche.pt/pt/Content/images/boitmal/produit/zoom/85F17C3A88DCA8E287D8076A08E91C9C.jpg,,/product/mel-rosmaninho-500g/5602132656015
44948,Mel de néctar multifloral bio,5604260313273,10319,10051,Frasco de 250g,PorSi Bio,,"14,36€/Kg","3,59€",https://cdn.intermarche.pt/pt/Content/images/boitmal/produit/zoom/1AC191EDAD458573B9112ECA36798DBC.jpg,,/product/mel-de-nectar-multifloral-bio/5604260313273
1821,Mel em frasco com doseador,5604260032082,10319,10051,Embalagem de 500g,PorSi,,"7,98€/Kg","3,99€",https://cdn.intermarche.pt/pt/Content/images/boitmal/produit/zoom/1B7FDA93E67A89E2E0F6E32E8931A5A7.jpg,,/product/mel-em-frasco-com-doseador/5604260032082
9158,"Mel rosmaninho com doseador, embalagem de 500 g",5602132651256,10319,10051,,Serramel,,"11,98€/Kg","5,99€",https://cdn.intermarche.pt/pt/Content/images/boitmal/produit/zoom/24083B13FE7C729C70978E6E31C71076.jpg,,/product/mel-rosmaninho-com-doseador-embalagem-de-500-g/5602132651256
48152,Mel de Rosmaninho,5604260322930,10319,10051,Frasco de 250 g,PorSi Select,,"11,16€/Kg","2,79€",https://cdn.intermarche.pt/pt/Content/images/boitmal/produit/zoom/F42A6F51B18006C6B059EEB99538B52F.jpg,,/product/mel-de-rosmaninho/5604260322930
40003,"Pólen, 170g",5604321024926,10319,10051,,Cemporcento,,"44,06€/Kg","7,49€",https://cdn.intermarche.pt/pt/Content/images/boitmal/produit/zoom/6738DC00B3A3EC4700D4ECCCB7D7E295.jpg,,/product/polen-170g/5604321024926
48153,Pólen de abelhas,5604260322947,10319,10051,Frasco de 130 g,PorSi Select,,"38,38€/Kg","4,99€",https://cdn.intermarche.pt/pt/Content/images/boitmal/produit/zoom/F54954F5A9FAC28F1F2EF7468F373E1E.jpg,,/product/polen-de-abelhas/5604260322947
1712,Mel em frasco de vidro,5604170000027,10319,10051,Embalagem de 500g,Jorge v.f.,,"9,18€/Kg","4,59€",https://cdn.intermarche.pt/pt/Content/images/boitmal/produit/zoom/6B68C57E6BC0FE58B0AB5AC488FC02CF.jpg,,/product/mel-em-frasco-de-vidro/5604170000027
46601,Bolachas shortcake cacau,5604260316649,11082,10041,Embalagem de 185 g,PorSi,,"6,43€/Kg","1,19€",https://cdn.intermarche.pt/pt/Content/images/boitmal/produit/zoom/C0D5788C3F8381FEFD3F7D11AE8F7D12.jpg,,/product/bolachas-shortcake-cacau/5604260316649
2608,"Bolos cake e chococolate, embalagem de 180g",7622300784751,11082,10041,,Milka,,"12,23€/Kg","2,14€",https://cdn.intermarche.pt/pt/Content/images/boitmal/produit/zoom/0D2AD5B70424093B71C1FFA8B5C544BB.jpg,2024-11-27T23:59:59.999Z,/product/bolos-cake-e-chococolate-embalagem-de-180g/7622300784751
48682,Biscoito chocolate de leite,3017760363396,11082,10041,Embalagem de 75g,Mikado,,"22,53€/Kg","1,69€",https://cdn.intermarche.pt/pt/Content/images/boitmal/produit/zoom/E5AECC4B056C3B93F707028B6876AB43.jpg,2024-11-27T23:59:59.999Z,/product/biscoito-chocolate-de-leite/3017760363396
44656,Biscoitos choco trio,7622201811495,11082,10041,Embalagem de 150g,Milka,,"14,27€/Kg","2,14€",https://cdn.intermarche.pt/pt/Content/images/boitmal/produit/zoom/CCFA2598296BE670BB4BA0EE51CF4A5A.jpg,2024-11-27T23:59:59.999Z,/product/biscoitos-choco-trio/7622201811495
48743,"Biscoito chocolate negro, embalagem de 75g",3017760002707,11082,10041,,Mikado,,"22,53€/Kg","1,69€",https://cdn.intermarche.pt/pt/Content/images/boitmal/produit/zoom/D4E7022650270E3668CD37681CEEAABD.jpg,2024-11-27T23:59:59.999Z,/product/biscoito-chocolate-negro-embalagem-de-75g/3017760002707
1820,Bolachas starship chocolate,5604260031658,11082,10041,Embalagem de 150g,PorSi,,"6,60€/Kg","0,99€",https://cdn.intermarche.pt/pt/Content/images/boitmal/produit/zoom/B78F035B380AE4F85AF3DBBE7AF5EFF4.jpg,,/product/bolachas-starship-chocolate/5604260031658
18489,"Bolacha de manteiga belga com chocolate, embalagem de 200g",5600744051020,11082,10041,,Saborosa,,"10,56€/Kg","2,09€",https://cdn.intermarche.pt/pt/Content/images/boitmal/produit/zoom/EC85EF320199ECBED8BA18BD4452787A.jpg,,/product/bolacha-de-manteiga-belga-com-chocolate-embalagem-de-200g/5600744051020
43388,"Tarteletes com recheio avelã, 91g",5604260311323,11082,10041,,PorSi,,"8,24€/Kg","0,75€",https://cdn.intermarche.pt/pt/Content/images/boitmal/produit/zoom/CFA098DE32A202379C830BD27CAFFB14.jpg,,/product/tarteletes-com-recheio-avela-91g/5604260311323
45671,Bolachas cobertura de chocolate e avelã,5604260310739,11082,10041,Embalagem de 150g,PorSi,,"9,93€/Kg","1,49€",https://cdn.intermarche.pt/pt/Content/images/boitmal/produit/zoom/A88CB3A01109700ABEDF2C76350EE336.jpg,,/product/bolachas-cobertura-de-chocolate-e-avela/5604260310739
47014,Bolachas de cacau cobertas c/ chocolate branco,5604260318377,11082,10041,6 x 42 g,PorSi,,"8,29€/Kg","2,09€",https://cdn.intermarche.pt/pt/Content/images/boitmal/produit/zoom/FF1CB2D25D4BED7707C6F947EAD4BA69.jpg,,/product/bolachas-de-cacau-cobertas-c-ou-chocolate-branco/5604260318377
49294,Filipinos chocolate leite,8436048962697,11082,10041,Embalagem de 128g,Artiach,,"14,77€/Kg","1,89€",https://cdn.intermarche.pt/pt/Content/images/boitmal/produit/zoom/05B47EDDF3D01B19917978DD3D0A3CDE.jpg,,/product/filipinos-chocolate-leite/8436048962697
34373,Bolacha mini stars chocolate leite,7622210495716,11082,10041,Embalagem de 187 g,Prince,,"14,92€/Kg","2,79€",https://cdn.intermarche.pt/pt/Content/images/boitmal/produit/zoom/85550DCEDB34E4ED87C56697D2F29020.jpg,,/product/bolacha-mini-stars-chocolate-leite/7622210495716
45020,Bolachas cereais e pepitas de chocolate,5604260313266,11082,10041,Embalagem de 400 g,PorSi,,"7,38€/Kg","2,95€",https://cdn.intermarche.pt/pt/Content/images/boitmal/produit/zoom/5E958FC3F50E297B8C0132EF3B60D7E5.jpg,,/product/bolachas-cereais-e-pepitas-de-chocolate/5604260313266
45024,Bolachas com recheio de chocolate,5604260310807,11082,10041,Embalagem de 3 x 250 g,PorSi,,"3,59€/Kg","2,69€",https://cdn.intermarche.pt/pt/Content/images/boitmal/produit/zoom/CC1C42E85C7EE6963140C7DF0425A4CC.jpg,,/product/bolachas-com-recheio-de-chocolate/5604260310807
49293,Filipinos chocolate leite,8436048962680,11082,10041,Embalagem de 128g,Artiach,,"14,77€/Kg","1,89€",https://cdn.intermarche.pt/pt/Content/images/boitmal/produit/zoom/CBA0BC5160CAF060D67235F585601BD5.jpg,,/product/filipinos-chocolate-leite/8436048962680
1966,Bolachas waffers chocolate,5604260061563,11082,10041,Embalagem de 210g,PorSi,,"5,57€/Kg","1,17€",https://cdn.intermarche.pt/pt/Content/images/boitmal/produit/zoom/E92C257493404A909F14CAEAF9D2A018.jpg,,/product/bolachas-waffers-chocolate/5604260061563
21442,"Bolacha de manteiga belga com chocolate branco, embalagem de 198 g",5600744051051,11082,10041,,Saborosa,,"11,57€/Kg","2,29€",https://cdn.intermarche.pt/pt/Content/images/boitmal/produit/zoom/3CEC05C79853A031E4A2F0B067D14A89.jpg,,/product/bolacha-de-manteiga-belga-com-chocolate-branco-embalagem-de-198-g/5600744051051
2610,Bolachas cookies choco xl,7622300786687,11082,10041,Embalagem de 180g,Milka,,"16,25€/Kg","2,99€",https://cdn.intermarche.pt/pt/Content/images/boitmal/produit/zoom/9AA56094924D674E77975E8113087CD4.jpg,,/product/bolachas-cookies-choco-xl/7622300786687
27489,"Bolacha tosta rica choco guay, embalagem de 170g",8434165466395,11082,10041,,Cuétara,,"13,63€/Kg","2,29€",https://cdn.intermarche.pt/pt/Content/images/boitmal/produit/zoom/DEDEA09A4AED851A280232AF3C2BFB2A.jpg,,/product/bolacha-tosta-rica-choco-guay-embalagem-de-170g/8434165466395
35544,"Bolachas mini prince recheadas com chocolate, embalagem de 160g",7622210420244,11082,10041,,Prince,,"15,56€/Kg","2,49€",https://cdn.intermarche.pt/pt/Content/images/boitmal/produit/zoom/43A6802DCC194BEFB4FBD952A4F3716A.jpg,,/product/bolachas-mini-prince-recheadas-com-chocolate-embalagem-de-160g/7622210420244
35874,"Bolachas waffers com recheio de cacau e avelã, embalagem de 150g",8434165442870,11082,10041,,Cuétara,,"13,27€/Kg","1,99€",https://cdn.intermarche.pt/pt/Content/images/boitmal/produit/zoom/368BE7E735B968F4E93C7D83EDAAE121.jpg,,/product/bolachas-waffers-com-recheio-de-cacau-e-avela-embalagem-de-150g/8434165442870
41310,"Wafer chocolate diet nature, 180g",8410376059397,11082,10041,,Gullón,,"13,56€/Kg","2,44€",https://cdn.intermarche.pt/pt/Content/images/boitmal/produit/zoom/764AB8A7F97B61D98D08BAD2780411BD.jpg,,/product/wafer-chocolate-diet-nature-180g/8410376059397
44286,"Biscoitos sandwich chocolate, embalagem de 300g",7622210776266,11082,10041,,Prince,,"8,30€/Kg","2,49€",https://cdn.intermarche.pt/pt/Content/images/boitmal/produit/zoom/D94820B8FB5A0DE754ED92E39C368F50.jpg,,/product/biscoitos-sandwich-chocolate-embalagem-de-300g/7622210776266
45022,Bolachas cacau com cereais e pepitas de chocolate,5604260313235,11082,10041,Embalagem de 400 g,PorSi,,"6,48€/Kg","2,59€",https://cdn.intermarche.pt/pt/Content/images/boitmal/produit/zoom/8618ED28AFBA5645B1BB8151C0A7498F.jpg,,/product/bolachas-cacau-com-cereais-e-pepitas-de-chocolate/5604260313235
45670,Bolachas cobertura de chocolate negro,5604260310715,11082,10041,Embalagem de 150g,PorSi,,"11,93€/Kg","1,79€",https://cdn.intermarche.pt/pt/Content/images/boitmal/produit/zoom/C033651908530FC0BB9ACA74734D1FFF.jpg,,/product/bolachas-cobertura-de-chocolate-negro/5604260310715
6404,"Bolacha recheada mega duo chocolate, embalagem de 500g",8410376017113,11082,10041,,Gullón,,"6,98€/Kg","3,49€",https://cdn.intermarche.pt/pt/Content/images/boitmal/produit/zoom/C45733893FB084218EB8D5FCB2E025BB.jpg,,/product/bolacha-recheada-mega-duo-chocolate-embalagem-de-500g/8410376017113
9935,"Bolachas waffers com chocolate de leite, embalagem de 180g",7622300292508,11082,10041,,Milka,,"18,28€/Kg","3,29€",https://cdn.intermarche.pt/pt/Content/images/boitmal/produit/zoom/0B75D6DA065FB8E2880704498A75F363.jpg,,/product/bolachas-waffers-com-chocolate-de-leite-embalagem-de-180g/7622300292508
45758,Bolachas com recheio de chocolate,5604260286591,11082,10041,Embalagem de 500g,PorSi,,"2,98€/Kg","1,49€",https://cdn.intermarche.pt/pt/Content/images/boitmal/produit/zoom/45B10B9B2275CD9BB6CE744AA070B0A2.jpg,,/product/bolachas-com-recheio-de-chocolate/5604260286591
45715,Bolachas com cobertura de chocolate,5604260310722,11082,10041,Embalagem de 150g,PorSi,,"11,93€/Kg","1,79€",https://cdn.intermarche.pt/pt/Content/images/boitmal/produit/zoom/6C7B1821562148DFD96C67869CD85ADC.jpg,,/product/bolachas-com-cobertura-de-chocolate/5604260310722
45719,Cookies pepitas de chocolate,5604260310661,11082,10041,200 g,PorSi,,"5,95€/Kg","1,19€",https://cdn.intermarche.pt/pt/Content/images/boitmal/produit/zoom/700B8046D35DBD077E638F55AFBD7B08.jpg,,/product/cookies-pepitas-de-chocolate/5604260310661
2223,Bolachas com recheio baunilha,5604260266388,11082,10041,Embalagem de 500g,PorSi,,"3,18€/Kg","1,59€",https://cdn.intermarche.pt/pt/Content/images/boitmal/produit/zoom/629B86B30C117365C725FDCFA3AF6120.jpg,,/product/bolachas-com-recheio-baunilha/5604260266388
2590,"Bolachas choco mini estrelas, embalagem de 190g",7622300292522,11082,10041,,Milka,,"14,32€/Kg","2,65€",https://cdn.intermarche.pt/pt/Content/images/boitmal/produit/zoom/6C9CF65D02D2CD9DCB6A548A74039B31.jpg,,/product/bolachas-choco-mini-estrelas-embalagem-de-190g/7622300292522
34201,"Bolachas com pepitas de chocolate my cookie!, 150g",5601066401029,11082,10041,,Nacional,,"11,27€/Kg","1,69€",https://cdn.intermarche.pt/pt/Content/images/boitmal/produit/zoom/8733C55DE677087A69DC68FE9C7FC1FB.jpg,,/product/bolachas-com-pepitas-de-chocolate-my-cookie!-150g/5601066401029
2252,Biscoitos de cacau,5604260267798,11082,10041,Embalagem de 750g,PorSi,,"3,99€/Kg","2,99€",https://cdn.intermarche.pt/pt/Content/images/boitmal/produit/zoom/74BE4AA4D7DB9154724A87C14C490A09.jpg,,/product/biscoitos-de-cacau/5604260267798
2588,"Bolachas de chocolate leite, embalagem de 150g",7622300270469,11082,10041,,Milka,,"17,93€/Kg","2,69€",https://cdn.intermarche.pt/pt/Content/images/boitmal/produit/zoom/25AD888679B905BFDECEA14C8298F4E9.jpg,,/product/bolachas-de-chocolate-leite-embalagem-de-150g/7622300270469
16693,"Bolacha chocomax mini, embalagem de 120g",5601066400916,11082,10041,,Nacional,,"11,58€/Kg","1,39€",https://cdn.intermarche.pt/pt/Content/images/boitmal/produit/zoom/369CF09991D63A6D8505CD9C805BD57F.jpg,,/product/bolacha-chocomax-mini-embalagem-de-120g/5601066400916
46472,Bolachas cobertas de chocolate,5604260313471,11082,10041,195 g,PorSi,,"9,69€/Kg","1,89€",https://cdn.intermarche.pt/pt/Content/images/boitmal/produit/zoom/DD8966BB803ABD2AE8F212130341EAD1.jpg,,/product/bolachas-cobertas-de-chocolate/5604260313471
49295,Filipinos chocolate negro,8436048962673,11082,10041,Embalagem de 128g,Artiach,,"14,77€/Kg","1,89€",https://cdn.intermarche.pt/pt/Content/images/boitmal/produit/zoom/1BB16423EAC274720219BA9EACC7B149.jpg,,/product/filipinos-chocolate-negro/8436048962673
9937,"Bolachas waffers, chocolate branco, embalagem de 180g",7622300344757,11082,10041,,Milka,,"18,28€/Kg","3,29€",https://cdn.intermarche.pt/pt/Content/images/boitmal/produit/zoom/ACEB085AE390711DD3E8D4CFC3D83511.jpg,,/product/bolachas-waffers-chocolate-branco-embalagem-de-180g/7622300344757
18535,"Bolacha shortcake chocolate, embalagem de 180g",5601066400947,11082,10041,,Nacional,,"9,39€/Kg","1,69€",https://cdn.intermarche.pt/pt/Content/images/boitmal/produit/zoom/754864DD20A4E61DA2C651C2F705265E.jpg,,/product/bolacha-shortcake-chocolate-embalagem-de-180g/5601066400947
12325,Bolachas oreo,8410000827446,10796,10041,Embalagem de 440g,Oreo,,"9,07€/Kg","3,99€",https://cdn.intermarche.pt/pt/Content/images/boitmal/produit/zoom/7FB878BD0E0E056A811C587B8C6317B3.jpg,,/product/bolachas-oreo/8410000827446
43389,Tarteletes com recheio morango,5604260311330,10796,10041,Embalagem de 96g,PorSi,,"7,81€/Kg","0,75€",https://cdn.intermarche.pt/pt/Content/images/boitmal/produit/zoom/B6EAEEC6AAFDDCA80DF8924A467BB851.jpg,,/product/tarteletes-com-recheio-morango/5604260311330
2587,"Bolachas mini, embalagem de 160g",7622300165628,10796,10041,,Oreo,,"15,56€/Kg","2,49€",https://cdn.intermarche.pt/pt/Content/images/boitmal/produit/zoom/379964D6691C2653C7F14552CE094A62.jpg,,/product/bolachas-mini-embalagem-de-160g/7622300165628
2601,"Bolachas, cobertura com chocolate branco, embalagem de 250g",7622300491161,10796,10041,,Oreo,,"12,97€/Kg","3,19€",https://cdn.intermarche.pt/pt/Content/images/boitmal/produit/zoom/708F9567DDBC40A43E69B2096C95ABE7.jpg,,/product/bolachas-cobertura-com-chocolate-branco-embalagem-de-250g/7622300491161
4785,"Bolachas fruit & forma, maçã e canela, embalagem de 220g",5000396036138,10796,10041,,McVities,,"12,80€/Kg","2,79€",https://cdn.intermarche.pt/pt/Content/images/boitmal/produit/zoom/BF9D3CB3A0C232FF6535776878C3FCC0.jpg,,/product/bolachas-fruit-&-forma-maca-e-canela-embalagem-de-220g/5000396036138
46325,Bolachas cacau & cream,5604260318612,10796,10041,Embalagem com 154 g,PorSi,,"5,78€/Kg","0,89€",https://cdn.intermarche.pt/pt/Content/images/boitmal/produit/zoom/1BE84E9FCC62DDA7BA2C4D6A793F3716.jpg,,/product/bolachas-cacau-&-cream/5604260318612
1964,Bolachas waffers baunilha,5604260061549,10796,10041,Embalagem de 210g,PorSi,,"5,57€/Kg","1,17€",https://cdn.intermarche.pt/pt/Content/images/boitmal/produit/zoom/20367F05C9E3E51FF277B9951DA20D70.jpg,,/product/bolachas-waffers-baunilha/5604260061549
46149,"Waffle de liège, embalagem de 220g",5600744051198,10796,10041,,Aurora,,"12,45€/Kg","2,74€",https://cdn.intermarche.pt/pt/Content/images/boitmal/produit/zoom/06168550E0AADF89E974A32CEE76164B.jpg,,/product/waffle-de-liege-embalagem-de-220g/5600744051198
1965,Bolachas waffers morango,5604260061556,10796,10041,Embalagem de 210g,PorSi,,"5,57€/Kg","1,17€",https://cdn.intermarche.pt/pt/Content/images/boitmal/produit/zoom/6F356F6CE8F384B8CEF6FD248AF1DFF4.jpg,,/product/bolachas-waffers-morango/5604260061556
2589,"Bolachas, tubo, embalagem de 150g",7622300281182,10796,10041,,Oreo,,"12,27€/Kg","1,89€",https://cdn.intermarche.pt/pt/Content/images/boitmal/produit/zoom/A967EF8D7DC66A4DE384AFCA6E356DB8.jpg,,/product/bolachas-tubo-embalagem-de-150g/7622300281182
2606,Bolachas,7622300744663,10796,10041,Embalagem de 220g,Oreo,,"11,32€/Kg","2,49€",https://cdn.intermarche.pt/pt/Content/images/boitmal/produit/zoom/1AB178197ABC736FA7B57AEDFAF90CB9.jpg,,/product/bolachas/7622300744663
35873,"Bolachas waffers com recheio de limão , embalagem de 150g",8434165506411,10796,10041,,Cuétara,,"13,27€/Kg","1,99€",https://cdn.intermarche.pt/pt/Content/images/boitmal/produit/zoom/C1A6DD3ED37BFF546B5EAEDF5E929842.jpg,,/product/bolachas-waffers-com-recheio-de-limao-embalagem-de-150g/8434165506411
2602,Bolachas com cobertura de chocolate de leite,7622300491215,10796,10041,Embalagem de 250g,Oreo,,"12,97€/Kg","3,19€",https://cdn.intermarche.pt/pt/Content/images/boitmal/produit/zoom/77DF0BC3BE90DFF05D169F9B065129BE.jpg,,/product/bolachas-com-cobertura-de-chocolate-de-leite/7622300491215
29159,"Bolacha recheada bocaditos limão, embalagem de 150g",8434165471191,10796,10041,,Cuétara,,"13,27€/Kg","1,99€",https://cdn.intermarche.pt/pt/Content/images/boitmal/produit/zoom/0B3E5572E529A0BC97FE28B16B738B9F.jpg,,/product/bolacha-recheada-bocaditos-limao-embalagem-de-150g/8434165471191
46183,Waffer de morango,8434165564619,10796,10041,Embalagem de 150g,Cuétara,,"13,27€/Kg","1,99€",https://cdn.intermarche.pt/pt/Content/images/boitmal/produit/zoom/F92F48CCC0C2D680ECF2F24064EABA3F.jpg,,/product/waffer-de-morango/8434165564619
16695,Bolacha golden,7622210480002,10796,10041,Embalagem de 154 g,Oreo,,"12,27€/Kg","1,89€",https://cdn.intermarche.pt/pt/Content/images/boitmal/produit/zoom/838CC6F368FD2767C7E228B5A889ABC3.jpg,,/product/bolacha-golden/7622210480002
21489,"Bolachas recheadas com morango e cheesecake, embalagem de 150g",7622210635105,10796,10041,,Oreo,,"12,27€/Kg","1,89€",https://cdn.intermarche.pt/pt/Content/images/boitmal/produit/zoom/6A504DD8FA7CE80BA25A2F6BFDD6F751.jpg,,/product/bolachas-recheadas-com-morango-e-cheesecake-embalagem-de-150g/7622210635105
44651,"Bolachas golden mini, embalagem de 160g",7622201410483,10796,10041,,Oreo,,"14,94€/Kg","2,39€",https://cdn.intermarche.pt/pt/Content/images/boitmal/produit/zoom/09FEC17371BA60E44957E6C7DF728179.jpg,,/product/bolachas-golden-mini-embalagem-de-160g/7622201410483
4783,"Bolachas fruit & form, frutos de bosques, embalagem de 220g",5000396036091,10796,10041,,McVities,,"13,26€/Kg","2,89€",https://cdn.intermarche.pt/pt/Content/images/boitmal/produit/zoom/76D60EF12D61B18D540490D084B4EBEC.jpg,,/product/bolachas-fruit-&-form-frutos-de-bosques-embalagem-de-220g/5000396036091
17025,"Bolacha diet nature recheio creme, embalagem de 210g",8410376044393,10796,10041,,Gullón,,"13,29€/Kg","2,79€",https://cdn.intermarche.pt/pt/Content/images/boitmal/produit/zoom/061CA1DA1A2A63B422542CD68AF6757E.jpg,,/product/bolacha-diet-nature-recheio-creme-embalagem-de-210g/8410376044393
49345,"Bolachas cobertas pims framboesa, embalagem de 150g",7622201639419,10796,10041,,Triunfo,,"14,60€/Kg","2,19€",https://cdn.intermarche.pt/pt/Content/images/boitmal/produit/zoom/BCF859662FA47283BB32D3D428ED7C49.jpg,,/product/bolachas-cobertas-pims-framboesa-embalagem-de-150g/7622201639419
19638,Tarteletes morango doses 192g,5601008200864,10796,10041,,Vieira,,"12,45€/Kg","2,39€",https://cdn.intermarche.pt/pt/Content/images/boitmal/produit/zoom/E6BB1E0538FEEBECE12B38A7EFFF2786.jpg,,/product/tarteletes-morango-doses-192g/5601008200864
26592,Bolachas brownie tubo,7622210776167,10796,10041,Embalagem de 150g,Oreo,,"12,27€/Kg","1,89€",https://cdn.intermarche.pt/pt/Content/images/boitmal/produit/zoom/9F0328D6F4F62F0E264B2BC1EE5F73A5.jpg,,/product/bolachas-brownie-tubo/7622210776167
36519,Bolacha wafer baunilha,5604260292950,10796,10041,Embalagem de 180g,PorSi,,"8,83€/Kg","1,59€",https://cdn.intermarche.pt/pt/Content/images/boitmal/produit/zoom/D5CC0873AFCB2AEB0E5E172360D6348F.jpg,,/product/bolacha-wafer-baunilha/5604260292950
48685,Bolachas Remix Caramelo,7622201499990,10796,10041,Embalagem de 157g,Oreo,,"11,40€/Kg","1,79€",https://cdn.intermarche.pt/pt/Content/images/boitmal/produit/zoom/876328480CC5D8125DE438C4D4FD3730.jpg,,/product/bolachas-remix-caramelo/7622201499990
48744,Bolachas Remix Framboesa,7622201500047,10796,10041,Embalagem de 157g,Oreo,,"12,04€/Kg","1,89€",https://cdn.intermarche.pt/pt/Content/images/boitmal/produit/zoom/5FEA599E085F88871050D5FAFC92588B.jpg,,/product/bolachas-remix-framboesa/7622201500047
49344,"Bolachas cobertas pims laranja, embalagem de 150g",7622201638337,10796,10041,,Triunfo,,"14,60€/Kg","2,19€",https://cdn.intermarche.pt/pt/Content/images/boitmal/produit/zoom/2CADC4FA1B811C2F73323E31068EEFE9.jpg,,/product/bolachas-cobertas-pims-laranja-embalagem-de-150g/7622201638337
53244,"Bolacha recheada dibus magic, 154g",8410376061697,10796,10041,,Gullon,,"11,62€/Kg","1,79€",https://cdn.intermarche.pt/pt/Content/images/boitmal/produit/zoom/76D9F3F383B9ED57C836EBC1317B7C98.jpg,,/product/bolacha-recheada-dibus-magic-154g/8410376061697
14488,Bolachas de Amêndoa,7312220016277,10796,10041,Embalagem de 150G,ANNAS,,"16,60€/Kg","2,49€",https://cdn.intermarche.pt/pt/Content/images/boitmal/produit/zoom/E2E72A60D65B5B7D191132E3D48EA6BF.jpg,,/product/bolachas-de-amendoa/7312220016277
14491,"Bolacha gengibre, embalagem de 150g",7312220011272,10796,10041,,ANNAS,,"16,60€/Kg","2,49€",https://cdn.intermarche.pt/pt/Content/images/boitmal/produit/zoom/66F0F16CD3EF220E1F435F3515429FA0.jpg,,/product/bolacha-gengibre-embalagem-de-150g/7312220011272
18514,"Bolacha diet nature recheio iogurte, embalagem de 220g",8410376042481,10796,10041,,Gullón,,"13,59€/Kg","2,99€",https://cdn.intermarche.pt/pt/Content/images/boitmal/produit/zoom/EEA98B677556623DADA9CC0CCA2B7CD9.jpg,,/product/bolacha-diet-nature-recheio-iogurte-embalagem-de-220g/8410376042481
30629,"Bolachas recheadas com creme birthday party, 154 g",7622210851505,10796,10041,,Oreo,,"12,27€/Kg","1,89€",https://cdn.intermarche.pt/pt/Content/images/boitmal/produit/zoom/57FCF5C6394C54B88D4B5DD1F0EDE8DA.jpg,,/product/bolachas-recheadas-com-creme-birthday-party-154-g/7622210851505
41309,"Wafer baunilha diet nature, 180g",8410376059380,10796,10041,,Gullón,,"13,56€/Kg","2,44€",https://cdn.intermarche.pt/pt/Content/images/boitmal/produit/zoom/E0545EAD67F2D14E2FF476618AA44189.jpg,,/product/wafer-baunilha-diet-nature-180g/8410376059380
43300,"Bolachas Cobertas Crunchy Bites, 110g",7622210638021,10796,10041,,Oreo,,"18,09€/Kg","1,99€",https://cdn.intermarche.pt/pt/Content/images/boitmal/produit/zoom/9E2AB3D476CAF8850F57004A8468DF9C.jpg,,/product/bolachas-cobertas-crunchy-bites-110g/7622210638021
44871,"Bolachas recheadas cacau tuestis, 220g",8410376058628,10796,10041,,Gullón,,"10,41€/Kg","2,29€",https://cdn.intermarche.pt/pt/Content/images/boitmal/produit/zoom/A05AA0F9B39E4FC514CEFBD8A7F2A0BB.jpg,,/product/bolachas-recheadas-cacau-tuestis-220g/8410376058628
48725,"Surtido diet nature, 319g",8410376057645,10450,10120,,Gullón,,"21,60€/Kg","6,89€",https://cdn.intermarche.pt/pt/Content/images/boitmal/produit/zoom/1B433ED532C6BD88C39154AFF81EC879.jpg,,/product/surtido-diet-nature-319g/8410376057645
51409,Waffer manteiga amendoim,5604260327690,10796,10041,Embalagem de 200g,PorSi,,"11,95€/Kg","2,39€",https://cdn.intermarche.pt/pt/Content/images/boitmal/produit/zoom/FA8AB0FCE268512BB8A7D34D1491B277.jpg,,/product/waffer-manteiga-amendoim/5604260327690
52971,"Bolachas cookies cobertura chocolate leite, 200g",8410376069204,10796,10041,,Gullon,,"19,95€/Kg","3,99€",https://cdn.intermarche.pt/pt/Content/images/boitmal/produit/zoom/3BDABAD31A9DB56985C85BD40528B96E.jpg,,/product/bolachas-cookies-cobertura-chocolate-leite-200g/8410376069204
52972,"Bolachas cookies cobertura chocolate branco, 200g",8410376069198,10796,10041,,Gullon,,"19,95€/Kg","3,99€",https://cdn.intermarche.pt/pt/Content/images/boitmal/produit/zoom/95694DB8A92D7F959B36A9F9CD3D6507.jpg,,/product/bolachas-cookies-cobertura-chocolate-branco-200g/8410376069198
6409,Bolacha recheada mega duo baunilha,8410376036862,10796,10041,Embalagem de 500g,Gullón,,"6,98€/Kg","3,49€",https://cdn.intermarche.pt/pt/Content/images/boitmal/produit/zoom/047268CFDE992052A6136792814FF14B.jpg,,/product/bolacha-recheada-mega-duo-baunilha/8410376036862
26645,"Bolachas tosta rica, embalagem de 570g",8434165483965,10251,10041,,Cuétara,,"7,00€/Kg","3,99€",https://cdn.intermarche.pt/pt/Content/images/boitmal/produit/zoom/280E50EBC29DD4AE6A9CCE7FB9666CBB.jpg,,/product/bolachas-tosta-rica-embalagem-de-570g/8434165483965
2676,"Bolachas chiquilin ositos de mel, embalagem de 160g",8410000809831,10251,10041,,Artiach,,"13,69€/Kg","2,19€",https://cdn.intermarche.pt/pt/Content/images/boitmal/produit/zoom/B2E31B2D017B25AF7CB7406A9DED8959.jpg,,/product/bolachas-chiquilin-ositos-de-mel-embalagem-de-160g/8410000809831
17149,"Bolacha infantil dinossaurus mini cereais, 120g",8436048440393,10251,10041,,Artiach,,"15,75€/Kg","1,89€",https://cdn.intermarche.pt/pt/Content/images/boitmal/produit/zoom/49D75D0158B292C84E9F3C8C3B699590.jpg,,/product/bolacha-infantil-dinossaurus-mini-cereais-120g/8436048440393
2779,Bolachas infantil dinossauros,8410180108038,10251,10041,Embalagem de 190g,Artiach,,"12,38€/Kg","2,29€",https://cdn.intermarche.pt/pt/Content/images/boitmal/produit/zoom/6D63D115534CE580F1302DD713E987C3.jpg,,/product/bolachas-infantil-dinossauros/8410180108038
53245,"Bolachas dibus magic mix & go, 208g",8410376065077,10251,10041,,Gullon,,"12,45€/Kg","2,59€",https://cdn.intermarche.pt/pt/Content/images/boitmal/produit/zoom/31C94F511125FF508ED7AC3EEC2DBB07.jpg,,/product/bolachas-dibus-magic-mix-&-go-208g/8410376065077
28572,"Tosta rica mini go, 240g",8434165484054,10251,10041,,Cuétara,,"11,63€/Kg","2,79€",https://cdn.intermarche.pt/pt/Content/images/boitmal/produit/zoom/5A734A2EA3B70D54F3B8AB905B577E94.jpg,,/product/tosta-rica-mini-go-240g/8434165484054
15388,"Bolachas dinossauros dinoovos, embalagem de 140g",8436048431735,10251,10041,,Artiach,,"15,64€/Kg","2,19€",https://cdn.intermarche.pt/pt/Content/images/boitmal/produit/zoom/FDC4F3535F0B7A465DEB82D49C9892B6.jpg,,/product/bolachas-dinossauros-dinoovos-embalagem-de-140g/8436048431735
2815,"Bolacha dibus mini angry birds, embalagem de 250g",8410376039207,10251,10041,,Gullón,,"7,96€/Kg","1,99€",https://cdn.intermarche.pt/pt/Content/images/boitmal/produit/zoom/AB0397C871B4362D94CC806337253C22.jpg,,/product/bolacha-dibus-mini-angry-birds-embalagem-de-250g/8410376039207
30854,Bolachas artiach dinosaurus de cereais sem açúcar 185 g,8436048961515,10251,10041,,Artiach,,"13,46€/Kg","2,49€",https://cdn.intermarche.pt/pt/Content/images/boitmal/produit/zoom/E418A1D24BD1237E3139DA658208B51D.jpg,,/product/bolachas-artiach-dinosaurus-de-cereais-sem-acucar-185-g/8436048961515
46665,"Snack flores lentilhas e milho, 20g",5601172231466,10251,10041,,Blédina,,"74,50€/Kg","1,49€",https://cdn.intermarche.pt/pt/Content/images/boitmal/produit/zoom/B98168ABB29868FB3B50201570328B13.jpg,,/product/snack-flores-lentilhas-e-milho-20g/5601172231466
18497,"Bolacha dibus sharkies sem glúten, embalagem de 250g",8410376044959,10251,10041,,Gullón,,"11,96€/Kg","2,99€",https://cdn.intermarche.pt/pt/Content/images/boitmal/produit/zoom/B55795E6F0CB6562BFC651E2CE12AA97.jpg,,/product/bolacha-dibus-sharkies-sem-gluten-embalagem-de-250g/8410376044959
8983,"Bolachas palmi kids, embalagem de 100g",5601489129241,10251,10041,,Du Bois de la Roche,,"11,90€/Kg","1,19€",https://cdn.intermarche.pt/pt/Content/images/boitmal/produit/zoom/11A48F7115E68F6FA2E832A466E960A6.jpg,,/product/bolachas-palmi-kids-embalagem-de-100g/5601489129241
25121,Bolachinhas,7613035749016,10251,10041,Embalagem de 180g,Cerelac,,"21,06€/Kg","3,79€",https://cdn.intermarche.pt/pt/Content/images/boitmal/produit/zoom/5BBEF4F801DAFADB1911E5F821051B1F.jpg,,/product/bolachinhas/7613035749016
33123,Bledina bolachinhas 125g,5601172230551,10251,10041,Embalagem de 130g,Blédina,,"23,12€/Kg","2,89€",https://cdn.intermarche.pt/pt/Content/images/boitmal/produit/zoom/828E5C80E91863B099D4F6D055ABFB4C.jpg,,/product/bledina-bolachinhas-125g/5601172230551
46661,"Snack tubinhos de grão de bico, 20g",5601172231442,10251,10041,,Blédina,,"74,50€/Kg","1,49€",https://cdn.intermarche.pt/pt/Content/images/boitmal/produit/zoom/BF3AD1272297D52F5D446A627FE5168A.jpg,,/product/snack-tubinhos-de-grao-de-bico-20g/5601172231442
46664,"Snack bolachas de arroz, 30g",5601172231473,10251,10041,,Blédina,,"49,67€/Kg","1,49€",https://cdn.intermarche.pt/pt/Content/images/boitmal/produit/zoom/40AB85C646509B74ECE2F6DEE8BF8C5E.jpg,,/product/snack-bolachas-de-arroz-30g/5601172231473
51838,Bolachas Chiquilin Chiquichocs Energy,8436048961898,10251,10041,Embalagem de 140g,Artiach,,"15,64€/Kg","2,19€",https://cdn.intermarche.pt/pt/Content/images/boitmal/produit/zoom/AEFCB05BD942A3FA96B15C09570B2BA8.jpg,,/product/bolachas-chiquilin-chiquichocs-energy/8436048961898
52976,"Bolachas finas hookies de chocolate de leite, 160g",8410376069891,10251,10041,,Gullon,,"17,44€/Kg","2,79€",https://cdn.intermarche.pt/pt/Content/images/boitmal/produit/zoom/7597AEA2A26B4129B747B4044018A9CF.jpg,,/product/bolachas-finas-hookies-de-chocolate-de-leite-160g/8410376069891
31611,"Tosta rica oceanix, embalagem de 160g",8434165466357,10251,10041,,Cuétara,,"13,69€/Kg","2,19€",https://cdn.intermarche.pt/pt/Content/images/boitmal/produit/zoom/C1D425022BF9B64295AD3863666AEA48.jpg,,/product/tosta-rica-oceanix-embalagem-de-160g/8434165466357
46660,"Snack estrelas ananás e quinoa, 20g",5601172231480,10251,10041,,Blédina,,"74,50€/Kg","1,49€",https://cdn.intermarche.pt/pt/Content/images/boitmal/produit/zoom/A01422156911328757CD8FD02373AB5F.jpg,,/product/snack-estrelas-ananas-e-quinoa-20g/5601172231480
46666,"Snack tubinhos de cenoura e milho, 20g",5601172231459,10251,10041,,Blédina,,"74,50€/Kg","1,49€",https://cdn.intermarche.pt/pt/Content/images/boitmal/produit/zoom/4F05B9B5121B60040C983B0289C4BE20.jpg,,/product/snack-tubinhos-de-cenoura-e-milho-20g/5601172231459
2176,Bolachas rosquilhas,5604260261406,11747,10041,Embalagem de 600g,PorSi,,"3,25€/Kg","1,95€",https://cdn.intermarche.pt/pt/Content/images/boitmal/produit/zoom/9CF9ED841DF75DAB4369F47DADEE657B.jpg,,/product/bolachas-rosquilhas/5604260261406
14711,"Bolacha alfa, embalagem de 180g",5601286402332,11747,10041,,Nacional,,"7,72€/Kg","1,39€",https://cdn.intermarche.pt/pt/Content/images/boitmal/produit/zoom/5276D08644D4F57D25BB338DF64F883B.jpg,,/product/bolacha-alfa-embalagem-de-180g/5601286402332
2253,Biscoitos de canela,5604260267804,11747,10041,Embalagem de 750g,PorSi,,"4,65€/Kg","3,49€",https://cdn.intermarche.pt/pt/Content/images/boitmal/produit/zoom/B3DFE49B7007C309607DD3F853B2F2CE.jpg,,/product/biscoitos-de-canela/5604260267804
41821,Bolachas shortcake,5604260286614,11747,10041,Embalagem de 233 g,PorSi,,"5,88€/Kg","1,37€",https://cdn.intermarche.pt/pt/Content/images/boitmal/produit/zoom/FD337DC162DFE5D0C1D26E6B87066CBE.jpg,,/product/bolachas-shortcake/5604260286614
18079,"Bolacha shortcake, embalagem de 180g",5601066400923,11747,10041,,Nacional,,"9,39€/Kg","1,69€",https://cdn.intermarche.pt/pt/Content/images/boitmal/produit/zoom/A284E5FC1A6E1FA3EC9C3B429775498D.jpg,,/product/bolacha-shortcake-embalagem-de-180g/5601066400923
1819,"Bolachas starship tradicional, 150g",5604260031634,11747,10041,,PorSi,,"6,60€/Kg","0,99€",https://cdn.intermarche.pt/pt/Content/images/boitmal/produit/zoom/AAB90C85B618F1A7B512DA89D98EF572.jpg,,/product/bolachas-starship-tradicional-150g/5604260031634
2334,"Linguas de gato, embalagem de 200g",5604260273867,11747,10041,,PorSi,,"4,20€/Kg","0,84€",https://cdn.intermarche.pt/pt/Content/images/boitmal/produit/zoom/0F2D0BE1A7D81E4763322C5A5F380CFB.jpg,,/product/linguas-de-gato-embalagem-de-200g/5604260273867
2672,Bolachas chips ahoy,8410000002904,11747,10041,Embalagem de 130g,Chips Ahoy!,,"16,08€/Kg","2,09€",https://cdn.intermarche.pt/pt/Content/images/boitmal/produit/zoom/BD589AC15D17690FDC8560DC4300A108.jpg,,/product/bolachas-chips-ahoy/8410000002904
35852,Lagartos,5604260292868,11747,10041,Embalagem de 300 gr,PorSi,,"4,97€/Kg","1,49€",https://cdn.intermarche.pt/pt/Content/images/boitmal/produit/zoom/C51C928FD26DC077DB8F1E1D6D8F25D2.jpg,,/product/lagartos/5604260292868
36693,Areias,5604260293377,11747,10041,Embalagem de 300g,PorSi,,"6,63€/Kg","1,99€",https://cdn.intermarche.pt/pt/Content/images/boitmal/produit/zoom/D74850B23BE8F102A4FEF7DC24D839B9.jpg,,/product/areias/5604260293377
36788,Preciosas biscoito frisado com sabor a limão,5604260292837,11747,10041,Embalagem de 300 g,PorSi,,"5,30€/Kg","1,59€",https://cdn.intermarche.pt/pt/Content/images/boitmal/produit/zoom/AA16BE65A08E3FB003E8D18EEE144DD5.jpg,,/product/preciosas-biscoito-frisado-com-sabor-a-limao/5604260292837
42172,Palmiers,5604260308095,11747,10041,Embalagem de 100g,PorSi,,"6,00€/Kg","0,60€",https://cdn.intermarche.pt/pt/Content/images/boitmal/produit/zoom/39C8FD41E7A7C8C44B5FE21987698BFA.jpg,,/product/palmiers/5604260308095
45454,Bolachas de manteiga,5604260310470,11747,10041,Embalagem de 200 g,PorSi,,"7,95€/Kg","1,59€",https://cdn.intermarche.pt/pt/Content/images/boitmal/produit/zoom/F9DD6531FBABC684C6EF9849631B482F.jpg,,/product/bolachas-de-manteiga/5604260310470
2096,Bolachas belgas manteiga,5604260227174,11747,10041,Embalagem de 250g,PorSi,,"7,56€/Kg","1,89€",https://cdn.intermarche.pt/pt/Content/images/boitmal/produit/zoom/E662FF46395A8824E9E534E6C15F2506.jpg,,/product/bolachas-belgas-manteiga/5604260227174
35655,Palmiers,5604260292844,11747,10041,Embalagem de 300 g,PorSi,,"5,63€/Kg","1,69€",https://cdn.intermarche.pt/pt/Content/images/boitmal/produit/zoom/14E9951A3F8F5EFFA970580C94DC2A76.jpg,,/product/palmiers/5604260292844
18488,"Bolacha de manteiga belga original, embalagem de 220g",5600744051013,11747,10041,,Saborosa,,"9,05€/Kg","1,99€",https://cdn.intermarche.pt/pt/Content/images/boitmal/produit/zoom/E47AEEFDB6078E82F552ABDA38861231.jpg,,/product/bolacha-de-manteiga-belga-original-embalagem-de-220g/5600744051013
35748,Palmiers,5604260292905,11747,10041,Embalagem de 720 g,PorSi,,"5,26€/Kg","3,79€",https://cdn.intermarche.pt/pt/Content/images/boitmal/produit/zoom/E87B1D2D8B1DDE2BC959D6063F5C6DE0.jpg,,/product/palmiers/5604260292905
2329,"Bolachas relieve, mel e coco",5604260273102,11747,10041,Embalagem de 700g,PorSi,,"2,79€/Kg","1,95€",https://cdn.intermarche.pt/pt/Content/images/boitmal/produit/zoom/A6CB3FAE8C77BC39D3D57AB389966BBB.jpg,,/product/bolachas-relieve-mel-e-coco/5604260273102
35656,Línguas de veado,5604260292820,11747,10041,Embalagem de 300 g,PorSi,,"5,97€/Kg","1,79€",https://cdn.intermarche.pt/pt/Content/images/boitmal/produit/zoom/5246515252B7769875EBE31AAE8C8EEF.jpg,,/product/linguas-de-veado/5604260292820
12253,"Bolachas de manteiga, embalagem de 170g",7622210293602,11747,10041,,Triunfo,,"11,85€/Kg","1,99€",https://cdn.intermarche.pt/pt/Content/images/boitmal/produit/zoom/5388E83127296877F23028D98C2523F1.jpg,,/product/bolachas-de-manteiga-embalagem-de-170g/7622210293602
1897,Palito la reine,5604260047093,11747,10041,Embalagem de 400 g,PorSi,,"4,73€/Kg","1,89€",https://cdn.intermarche.pt/pt/Content/images/boitmal/produit/zoom/F0DD2C02A1AD2C79BB3DCECC6A913FF7.jpg,,/product/palito-la-reine/5604260047093
9599,Biscoitos canudinho recheio cacau,5604260256976,11747,10041,Embalagem de 300g,PorSi,,"9,97€/Kg","2,99€",https://cdn.intermarche.pt/pt/Content/images/boitmal/produit/zoom/53163931F2AD6AD902ECA2430E96CD8D.jpg,,/product/biscoitos-canudinho-recheio-cacau/5604260256976
2577,"Bolachas de aveia, embalagem de 190g",7622210252074,11747,10041,,Triunfo,,"8,89€/Kg","1,69€",https://cdn.intermarche.pt/pt/Content/images/boitmal/produit/zoom/1549878B1887043B8581F850E3C563EA.jpg,,/product/bolachas-de-aveia-embalagem-de-190g/7622210252074
36776,Línguas de gato,5604260292875,11747,10041,Embalagem de 300 g,PorSi,,"4,97€/Kg","1,49€",https://cdn.intermarche.pt/pt/Content/images/boitmal/produit/zoom/9D75004B1E55398AD5D93A6C98D67AB1.jpg,,/product/linguas-de-gato/5604260292875
1542,"Palmiers, embalagem de 150g",5601489300152,11747,10041,,Du Bois de la Roche,,"9,93€/Kg","1,49€",https://cdn.intermarche.pt/pt/Content/images/boitmal/produit/zoom/B99A0A3D0733F211C9C1ECC63259BCA8.jpg,,/product/palmiers-embalagem-de-150g/5601489300152
21047,"Bolachas chiquilin, embalagem de 180g",8436048453409,11747,10041,,Artiach,,"9,66€/Kg","1,69€",https://cdn.intermarche.pt/pt/Content/images/boitmal/produit/zoom/596AE38C8C92F8F8B52A746DB18D778A.jpg,,/product/bolachas-chiquilin-embalagem-de-180g/8436048453409
2671,"Bolachas, embalagem de 300g",8410000001013,11747,10041,,Chips Ahoy!,,"13,30€/Kg","3,99€",https://cdn.intermarche.pt/pt/Content/images/boitmal/produit/zoom/5DFB4AEB0DE1B93FA331E4FE3B3A02DC.jpg,,/product/bolachas-embalagem-de-300g/8410000001013
44258,"Bolachas biscoff, embalagem de 250g",5410126716016,11747,10041,,Lotus,,"11,56€/Kg","2,89€",https://cdn.intermarche.pt/pt/Content/images/boitmal/produit/zoom/15CD2DC4F45EEADD6FEA2B3F25E4C3E9.jpg,,/product/bolachas-biscoff-embalagem-de-250g/5410126716016
45710,Lagartos,5604260316083,11747,10041,Embalagem de 750g,PorSi,,"3,45€/Kg","2,59€",https://cdn.intermarche.pt/pt/Content/images/boitmal/produit/zoom/9A152C73FF7B0B679D68D2352B0F3AB4.jpg,,/product/lagartos/5604260316083
11714,"Bolachas mini alfa, embalagem de 120g",5601286402301,11747,10041,,Nacional,,"11,58€/Kg","1,39€",https://cdn.intermarche.pt/pt/Content/images/boitmal/produit/zoom/51EAE1E8FB282C46C3D148FFEA696859.jpg,,/product/bolachas-mini-alfa-embalagem-de-120g/5601286402301
16723,"Bolacha vitalday crocante original, embalagem de 270g",8410376041002,11747,10041,,Gullón,,"9,77€/Kg","2,59€",https://cdn.intermarche.pt/pt/Content/images/boitmal/produit/zoom/6BE580F539F144FF40FA8F1E3C6EC842.jpg,,/product/bolacha-vitalday-crocante-original-embalagem-de-270g/8410376041002
1828,Butter cookies,5604260032792,11747,10041,Embalagem de 450g,PorSi,,"8,64€/Kg","3,89€",https://cdn.intermarche.pt/pt/Content/images/boitmal/produit/zoom/040CC8429D7C836D9F539BF05B33E96E.jpg,,/product/butter-cookies/5604260032792
18515,"Bolacha diet nature 5 cereais, embalagem de 220g",8410376042498,11747,10041,,Gullón,,"12,92€/Kg","2,79€",https://cdn.intermarche.pt/pt/Content/images/boitmal/produit/zoom/BD1D08D62A486D52C01B01D071A0DE03.jpg,,/product/bolacha-diet-nature-5-cereais-embalagem-de-220g/8410376042498
2675,Bolachas mini chips ahoy,8410000802771,11747,10041,Embalagem de 160g,Chips Ahoy!,,"15,56€/Kg","2,49€",https://cdn.intermarche.pt/pt/Content/images/boitmal/produit/zoom/DE418FAECA7690A5B269007BDA9C41FA.jpg,,/product/bolachas-mini-chips-ahoy/8410000802771
16720,"Bolacha vitalday frutos vermelhos, embalagem de 240g",8410376042511,11747,10041,,Gullón,,"11,21€/Kg","2,69€",https://cdn.intermarche.pt/pt/Content/images/boitmal/produit/zoom/814E8E74C915FBCAF36B854DE2745B62.jpg,,/product/bolacha-vitalday-frutos-vermelhos-embalagem-de-240g/8410376042511
25532,"Bolacha vitalday crocante fruta & fibra, embalagem de 300g",8410376046908,11747,10041,,Gullón,,"8,30€/Kg","2,49€",https://cdn.intermarche.pt/pt/Content/images/boitmal/produit/zoom/4E4E6460A1EF467145FC78973352511C.jpg,,/product/bolacha-vitalday-crocante-fruta-&-fibra-embalagem-de-300g/8410376046908
35657,"Bolacha passitas, embalagem de 150g",5601066400978,11747,10041,,Nacional,,"11,93€/Kg","1,79€",https://cdn.intermarche.pt/pt/Content/images/boitmal/produit/zoom/8F44D4AF9A68FC51702452973D4627DA.jpg,,/product/bolacha-passitas-embalagem-de-150g/5601066400978
36686,Supremas simples,5604260292882,11747,10041,Embalagem de 300 g,PorSi,,"6,30€/Kg","1,89€",https://cdn.intermarche.pt/pt/Content/images/boitmal/produit/zoom/ECC8228771C91BF09070219757A99C8C.jpg,,/product/supremas-simples/5604260292882
43352,Bolacha strudel maçã sultana,5604260307531,11747,10041,Embalagem de 225g,PorSi,,"6,89€/Kg","1,55€",https://cdn.intermarche.pt/pt/Content/images/boitmal/produit/zoom/15527920AD1AC589D43F26A7F660694F.jpg,,/product/bolacha-strudel-maca-sultana/5604260307531
49759,Bolachas Rosquilhas,8434165587816,11747,10041,Embalagem de 300g,Cuétara,,"7,30€/Kg","2,19€",https://cdn.intermarche.pt/pt/Content/images/boitmal/produit/zoom/5D60CED21354BC50D365C4EB05BF59FA.jpg,,/product/bolachas-rosquilhas/8434165587816
6401,Bolachas tostadas,8410376000146,10253,10041,Embalagem de 4x200 g,Gullón,,"3,11€/Kg","2,49€",https://cdn.intermarche.pt/pt/Content/images/boitmal/produit/zoom/475D7F42793FFAC0C5DF2535E8AEECAB.jpg,2024-11-27T23:59:59.999Z,/product/bolachas-tostadas/8410376000146
36549,Bolachas maria,5604260286584,10253,10041,Embalagem de 800g,PorSi,,"2,24€/Kg","1,79€",https://cdn.intermarche.pt/pt/Content/images/boitmal/produit/zoom/D9CD7422D57317761170CBFB89E3A52E.jpg,,/product/bolachas-maria/5604260286584
37864,Bolacha maria dourada,5604260273461,10253,10041,Embalagem de 800g,PorSi,,"2,11€/Kg","1,69€",https://cdn.intermarche.pt/pt/Content/images/boitmal/produit/zoom/DF6C4B865BD4B260CFAD982CCAED0429.jpg,,/product/bolacha-maria-dourada/5604260273461
31515,Bolacha maria,8434165479852,10253,10041,Embalagem de 3 x 200 g + 33% grátis,Cuétara,,"3,62€/Kg","2,89€",https://cdn.intermarche.pt/pt/Content/images/boitmal/produit/zoom/B152113E6EAE22D131EBF89FB1202108.jpg,,/product/bolacha-maria/8434165479852
31526,"Bolacha Maria Oro, 200g",8434165446960,10253,10041,,Cuétara,,"5,75€/Kg","1,15€",https://cdn.intermarche.pt/pt/Content/images/boitmal/produit/zoom/EEE8084680FF8F4350A3E48514764260.jpg,,/product/bolacha-maria-oro-200g/8434165446960
34461,Bolacha maria,5604260316823,10253,10041,Doses Individuais 12 x 25 g,PorSi,,"4,97€/Kg","1,49€",https://cdn.intermarche.pt/pt/Content/images/boitmal/produit/zoom/6A8F6F3D1CCE33E2E88D41484A209804.jpg,,/product/bolacha-maria/5604260316823
14198,Bolacha tostada,5604260273683,10253,10041,Embalagem de 800g,PorSi,,"2,11€/Kg","1,69€",https://cdn.intermarche.pt/pt/Content/images/boitmal/produit/zoom/47B6156823D14B63A1CB1620D6DFBB98.jpg,,/product/bolacha-tostada/5604260273683
1733,Bolachas maria,5604260000456,10253,10041,Embalagem de 200g,PorSi,,"2,95€/Kg","0,59€",https://cdn.intermarche.pt/pt/Content/images/boitmal/produit/zoom/16F2102C19009FE47D0B79AA9EE6AA3A.jpg,,/product/bolachas-maria/5604260000456
18084,"Bolacha maria doces, embalagem de 300g",5601008100539,10253,10041,,Vieira,,"9,30€/Kg","2,79€",https://cdn.intermarche.pt/pt/Content/images/boitmal/produit/zoom/06A00706FCB824FD1D60E7F2EE96CD14.jpg,,/product/bolacha-maria-doces-embalagem-de-300g/5601008100539
2803,"Bolacha dourada dietnature, embalagem de 330g",8410376009408,10253,10041,,Gullón,,"9,06€/Kg","2,99€",https://cdn.intermarche.pt/pt/Content/images/boitmal/produit/zoom/70E7F15392B371D305D7FF9AF14F78A2.jpg,,/product/bolacha-dourada-dietnature-embalagem-de-330g/8410376009408
52843,"Bolachas Maria sem Açúcar, 150g",5601008413424,10253,10041,,Vieira,,"12,60€/Kg","1,89€",https://cdn.intermarche.pt/pt/Content/images/boitmal/produit/zoom/F3EF568BA5B86D7D0A6EF8342B7FF51F.jpg,,/product/bolachas-maria-sem-acucar-150g/5601008413424
31592,Bolacha Maria,8434165446984,10253,10041,Embalagem de 200g,Cuétara,,"4,95€/Kg","0,99€",https://cdn.intermarche.pt/pt/Content/images/boitmal/produit/zoom/764193CD26C47FE177757509FFE441D6.jpg,,/product/bolacha-maria/8434165446984
31610,Bolacha maria de chocolate,8434165459991,10253,10041,Embalagem de 265g,Cuétara,,"8,64€/Kg","2,29€",https://cdn.intermarche.pt/pt/Content/images/boitmal/produit/zoom/EA7F768C9D6BD3D58A9FB0D7679D15BE.jpg,,/product/bolacha-maria-de-chocolate/8434165459991
34315,"Bolacha maria sem açúcar, embalagem de 220g",5604321024155,10253,10041,,Cemporcento,,"9,05€/Kg","1,99€",https://cdn.intermarche.pt/pt/Content/images/boitmal/produit/zoom/027F372C0CB6CE4BDAB195D11B6B636B.jpg,,/product/bolacha-maria-sem-acucar-embalagem-de-220g/5604321024155
41193,Bolacha Maria sem lactose,5604260304028,10253,10041,Embalagem de 200 g,PorSi Viva Bem,,"5,45€/Kg","1,09€",https://cdn.intermarche.pt/pt/Content/images/boitmal/produit/zoom/E69E1B92070861AB411F6033809FC883.jpg,,/product/bolacha-maria-sem-lactose/5604260304028
31512,"Bolacha maria oro +33% grátis, 3x200 g",8434165446519,10253,10041,,Cuétara,,"4,37€/Kg","3,49€",https://cdn.intermarche.pt/pt/Content/images/boitmal/produit/zoom/44B0296609C71C771336BB41CFB14249.jpg,,/product/bolacha-maria-oro-+33%25-gratis-3x200-g/8434165446519
32295,Bolacha Maria Hojaldrada,8434165439559,10253,10041, Embalagem de 4x150g,Cuétara,,"5,48€/Kg","3,29€",https://cdn.intermarche.pt/pt/Content/images/boitmal/produit/zoom/3B30D95E6A82F7AEC8BED75EA229FB5F.jpg,,/product/bolacha-maria-hojaldrada/8434165439559
27330,"Bolacha torrada 800g 33% grátis, embalagem de 800g",5601008101147,10253,10041,,Vieira,,"3,69€/Kg","2,95€",https://cdn.intermarche.pt/pt/Content/images/boitmal/produit/zoom/A2498BCABDBB87B058121DC23E0FF0AD.jpg,,/product/bolacha-torrada-800g-33%25-gratis-embalagem-de-800g/5601008101147
12000,Bolachas cream cracker,5604260000470,10250,10041,Embalagem de 200g,PorSi,,"3,25€/Kg","0,65€",https://cdn.intermarche.pt/pt/Content/images/boitmal/produit/zoom/8AEB035469FAA243B503ADEF758022F8.jpg,,/product/bolachas-cream-cracker/5604260000470
44287,Crackers Integrais,7622201459031,10250,10041,Embalagem de 267g,Tuc,,"11,20€/Kg","2,99€",https://cdn.intermarche.pt/pt/Content/images/boitmal/produit/zoom/A963A4ECD745666D11C5B4122617FC31.jpg,,/product/crackers-integrais/7622201459031
1538,"Bolachas crackers sem sal, embalagem de 500g",5601489134153,10250,10041,,Du Bois de la Roche,,"7,08€/Kg","3,54€",https://cdn.intermarche.pt/pt/Content/images/boitmal/produit/zoom/73329C1C7148B60B4FEE5767CC439BEF.jpg,,/product/bolachas-crackers-sem-sal-embalagem-de-500g/5601489134153
1851,Bolachas cream cracker,5604260036950,10250,10041,Embalagem de 600g,PorSi,,"3,32€/Kg","1,99€",https://cdn.intermarche.pt/pt/Content/images/boitmal/produit/zoom/87FE1AA10210CF4D94EE80DAA5C5235C.jpg,,/product/bolachas-cream-cracker/5604260036950
2121,Bolachas cracker sem sal,5604260252251,10250,10041,Embalagem de 500g,PorSi,,"3,38€/Kg","1,69€",https://cdn.intermarche.pt/pt/Content/images/boitmal/produit/zoom/06FA69F2149293ECA4BE7E5B0CD3B7AE.jpg,,/product/bolachas-cracker-sem-sal/5604260252251
48556,"Crackers original, embalagem de 250g",7622210128362,10250,10041,,Tuc,,"11,96€/Kg","2,99€",https://cdn.intermarche.pt/pt/Content/images/boitmal/produit/zoom/33AE27DABE60A5EA6AD911E164C1C6D6.jpg,,/product/crackers-original-embalagem-de-250g/7622210128362
882,"Bolachas aperitivas, simples, embalagem de 100g",5410041001204,10250,10041,,Tuc,,"13,40€/Kg","1,34€",https://cdn.intermarche.pt/pt/Content/images/boitmal/produit/zoom/DB0E5412E4B7AABA821CD2AF0DA3E461.jpg,,/product/bolachas-aperitivas-simples-embalagem-de-100g/5410041001204
883,"Bolachas aperitivas, bacon, embalagem de 100g",5410041143508,10250,10041,,Tuc,,"13,40€/Kg","1,34€",https://cdn.intermarche.pt/pt/Content/images/boitmal/produit/zoom/2FFB8648AC82415A9D0C3A5A879BF623.jpg,,/product/bolachas-aperitivas-bacon-embalagem-de-100g/5410041143508
2120,Bolachas crackers com sal,5604260252244,10250,10041,Embalagem de 500g,PorSi,,"3,38€/Kg","1,69€",https://cdn.intermarche.pt/pt/Content/images/boitmal/produit/zoom/9ADC1DB6529BCDCF909D89E0F9877D79.jpg,,/product/bolachas-crackers-com-sal/5604260252244
48891,Bolachas de água e sal,5604260319459,10250,10041,Embalagem de 125g,PorSi,,"3,92€/Kg","0,49€",https://cdn.intermarche.pt/pt/Content/images/boitmal/produit/zoom/E03AF7034D49E0031BFA2CB7B202504F.jpg,,/product/bolachas-de-agua-e-sal/5604260319459
950,"Bolachas de água e sal, embalagem de 125g",5601008100058,10250,10041,,Vieira de Castro,,"7,92€/Kg","0,99€",https://cdn.intermarche.pt/pt/Content/images/boitmal/produit/zoom/5EC30A0846C4DC333D34FC492D84EC59.jpg,,/product/bolachas-de-agua-e-sal-embalagem-de-125g/5601008100058
11753,"Feuilletine, embalagem de 135g",5601489781357,10250,10041,,Du Bois de la Roche,,"14,74€/Kg","1,99€",https://cdn.intermarche.pt/pt/Content/images/boitmal/produit/zoom/7507F307565E10DF3DF6322B65368856.jpg,,/product/feuilletine-embalagem-de-135g/5601489781357
18325,"Bolacha cream cracker, embalagem de 200g",5601008100119,10250,10041,,Vieira,,"6,75€/Kg","1,35€",https://cdn.intermarche.pt/pt/Content/images/boitmal/produit/zoom/E837555F80435358C2C42B48DB43F00A.jpg,,/product/bolacha-cream-cracker-embalagem-de-200g/5601008100119
26390,"Bolacha cracker integral, embalagem de 200g",8434165476424,10250,10041,,Cuétara,,"6,95€/Kg","1,39€",https://cdn.intermarche.pt/pt/Content/images/boitmal/produit/zoom/8951B3D197CC3FEA02F9FC72CEA87374.jpg,,/product/bolacha-cracker-integral-embalagem-de-200g/8434165476424
41127,Bolachas de água e sal sem lactose,5604260304035,10250,10041,Embalagem de 125 g,PorSi Viva Bem,,"6,00€/Kg","0,75€",https://cdn.intermarche.pt/pt/Content/images/boitmal/produit/zoom/300425FFC07F2424CA6C2F8344C17839.jpg,,/product/bolachas-de-agua-e-sal-sem-lactose/5604260304035
4867,Bolachas cream & onion,5410041472509,10250,10041,Embalagem de 100g,Tuc,,"13,40€/Kg","1,34€",https://cdn.intermarche.pt/pt/Content/images/boitmal/produit/zoom/66533C86F41EBAC59831FBEF9EABB4DC.jpg,,/product/bolachas-cream-&-onion/5410041472509
1539,"Bolachas crackers com sal, embalagem de 500g",5601489135150,10250,10041,,Du Bois de la Roche,,"7,08€/Kg","3,54€",https://cdn.intermarche.pt/pt/Content/images/boitmal/produit/zoom/EA5CED0C201EB6AEEFBF2C0179F0BB3D.jpg,,/product/bolachas-crackers-com-sal-embalagem-de-500g/5601489135150
18769,"Bolachas cream cracker doses individuais, embalagem de 180g",5601008101901,10250,10041,,Vieira,,"8,83€/Kg","1,59€",https://cdn.intermarche.pt/pt/Content/images/boitmal/produit/zoom/06C4F528D5E40FF6174E82D80AEA09C4.jpg,,/product/bolachas-cream-cracker-doses-individuais-embalagem-de-180g/5601008101901
1536,"Boudoirs, embalagem de 200g",5601489018200,10250,10041,,Du Bois de la Roche,,"12,20€/Kg","2,44€",https://cdn.intermarche.pt/pt/Content/images/boitmal/produit/zoom/8E2E621B6E985564F540A84113C2AEB3.jpg,,/product/boudoirs-embalagem-de-200g/5601489018200
18549,"Cream cracker 200g, embalagem de 200g",5000396038057,10250,10041,,JacobS,,"7,45€/Kg","1,49€",https://cdn.intermarche.pt/pt/Content/images/boitmal/produit/zoom/5AD199DBAD0FCBEA98D9AE57B675B9ED.jpg,,/product/cream-cracker-200g-embalagem-de-200g/5000396038057
24671,"Bolacha cream cracker, embalagem de 200g",8434165446434,10250,10041,,Cuétara,,"6,95€/Kg","1,39€",https://cdn.intermarche.pt/pt/Content/images/boitmal/produit/zoom/79C412DFB8439E167BA18ED84FEC20DF.jpg,,/product/bolacha-cream-cracker-embalagem-de-200g/8434165446434
25198,"Bolachas cream cracker sesamo, embalagem de 200g",5601008102298,10250,10041,,Vieira,,"8,45€/Kg","1,69€",https://cdn.intermarche.pt/pt/Content/images/boitmal/produit/zoom/92BC97A30D9783421FF1906CFDF18B1B.jpg,,/product/bolachas-cream-cracker-sesamo-embalagem-de-200g/5601008102298
1540,"Bolachas crackers integral, embalagem de 500g",5601489136157,10250,10041,,Du Bois de la Roche,,"7,08€/Kg","3,54€",https://cdn.intermarche.pt/pt/Content/images/boitmal/produit/zoom/4CA4AF2CD82F932BF057A3D74E80A75C.jpg,,/product/bolachas-crackers-integral-embalagem-de-500g/5601489136157
1544,"Biscoitos allumettes, embalagem de 135 g",5601489771358,10250,10041,,Du Bois de la Roche,,"13,26€/Kg","1,79€",https://cdn.intermarche.pt/pt/Content/images/boitmal/produit/zoom/F6DF790E68E66978F30BA1745F272168.jpg,,/product/biscoitos-allumettes-embalagem-de-135-g/5601489771358
28634,Crackers s/ sal superficie,8013355500745,10250,10041,Embalagem de 560g,Gran Pavesi,,"8,02€/Kg","4,49€",https://cdn.intermarche.pt/pt/Content/images/boitmal/produit/zoom/5E496AE6E0A4984DCAC3E8F4C2D5F732.jpg,,/product/crackers-s-ou-sal-superficie/8013355500745
50437,"Crackers quinoa e sementes, 250g",8410376051940,10250,10041,,Gullón,,"11,96€/Kg","2,99€",https://cdn.intermarche.pt/pt/Content/images/boitmal/produit/zoom/B0DB93CF293236F5F82425DBFA3C121C.jpg,,/product/crackers-quinoa-e-sementes-250g/8410376051940
52799,"Bolachas de água e sal integral, 102g",5601008414292,10250,10041,,Vieira,,"17,55€/Kg","1,79€",https://cdn.intermarche.pt/pt/Content/images/boitmal/produit/zoom/DE1782DD6FAC82154C0FE44464918398.jpg,,/product/bolachas-de-agua-e-sal-integral-102g/5601008414292
52825,"Bolachas La Cracker Sem Sal, 250g",5600744051532,10250,10041,,C-real,,"9,96€/Kg","2,49€",https://cdn.intermarche.pt/pt/Content/images/boitmal/produit/zoom/DD8EE54E0E1CE24F778058401620122B.jpg,,/product/bolachas-la-cracker-sem-sal-250g/5600744051532
52826,"Bolachas La Cracker com Sal, 250g",5600744051549,10250,10041,,C-real,,"9,96€/Kg","2,49€",https://cdn.intermarche.pt/pt/Content/images/boitmal/produit/zoom/E6AC6D21DE1EE222D343D122130ED736.jpg,,/product/bolachas-la-cracker-com-sal-250g/5600744051549
48344,Bolachas água e sal,5604260319466,10250,10041,Embalagem de 375g,PorSi,,"3,60€/Kg","1,35€",https://cdn.intermarche.pt/pt/Content/images/boitmal/produit/zoom/F6E3FE24B847D064B96013CD7A12AB4E.jpg,,/product/bolachas-agua-e-sal/5604260319466
42147,Bolachas digestive chocolate,5604260308996,10252,10041,Embalagem de 300g,PorSi,,"5,63€/Kg","1,69€",https://cdn.intermarche.pt/pt/Content/images/boitmal/produit/zoom/4A4068CC0C2DB3223627807AC60DB0FC.jpg,,/product/bolachas-digestive-chocolate/5604260308996
16939,"Bolacha digestiva go canela, embalagem de 170g",7622210475411,10252,10041,,Triunfo,,"11,64€/Kg","1,99€",https://cdn.intermarche.pt/pt/Content/images/boitmal/produit/zoom/AAA5AD2A7B525BBD0C0EC9D58BD1B7B1.jpg,,/product/bolacha-digestiva-go-canela-embalagem-de-170g/7622210475411
42240,"Bolacha digestiva chocolate negro, embalagem de 200g",5000396041392,10252,10041,,McVities,,"14,52€/Kg","2,89€",https://cdn.intermarche.pt/pt/Content/images/boitmal/produit/zoom/59A028488E9DEEBD2DDB6138E70C20D4.jpg,,/product/bolacha-digestiva-chocolate-negro-embalagem-de-200g/5000396041392
9946,"Bolachas digestive go aveia, embalagem de 170g",7622300654177,10252,10041,,Triunfo,,"11,64€/Kg","1,99€",https://cdn.intermarche.pt/pt/Content/images/boitmal/produit/zoom/A892B3FDA3E33C2B1F68488502542539.jpg,,/product/bolachas-digestive-go-aveia-embalagem-de-170g/7622300654177
10180,"Bolacha digestiva de aveia/chocolate, embalagem de 430g",8410376026962,10252,10041,,Gullón,,"9,15€/Kg","3,89€",https://cdn.intermarche.pt/pt/Content/images/boitmal/produit/zoom/BAE0B032D9297DF1942AE213D38E1F33.jpg,,/product/bolacha-digestiva-de-aveia-ou-chocolate-embalagem-de-430g/8410376026962
18082,"Bolacha integral doce, embalagem de 180g",5601008100126,10252,10041,,Vieira,,"11,06€/Kg","1,99€",https://cdn.intermarche.pt/pt/Content/images/boitmal/produit/zoom/ADCB1E2FCDC2094CD1FB954C1076611C.jpg,,/product/bolacha-integral-doce-embalagem-de-180g/5601008100126
1824,Bolachas integrais,5604260032174,10252,10041,Embalagem de 200g,PorSi,,"5,95€/Kg","1,19€",https://cdn.intermarche.pt/pt/Content/images/boitmal/produit/zoom/4A83A7A32B4838D5FD9ED32B78D7FFF8.jpg,,/product/bolachas-integrais/5604260032174
1825,Bolachas de aveia e trigo integral,5604260032181,10252,10041,Embalagem de 240g,PorSi Viva Bem,,"5,13€/Kg","1,23€",https://cdn.intermarche.pt/pt/Content/images/boitmal/produit/zoom/0C6EAA13B16862AB0F0D51E429A7426C.jpg,,/product/bolachas-de-aveia-e-trigo-integral/5604260032181
2593,"Bolachas digestivas go maçã, embalagem de 170g",7622300366827,10252,10041,,Triunfo,,"11,64€/Kg","1,99€",https://cdn.intermarche.pt/pt/Content/images/boitmal/produit/zoom/A6479AEBC41D0948A36A3DCA609B5140.jpg,,/product/bolachas-digestivas-go-maca-embalagem-de-170g/7622300366827
37702,"Bolacha de alfarroba e chocolate, embalagem de 300 g",5601066401043,10252,10041,,Nacional,,"7,97€/Kg","2,39€",https://cdn.intermarche.pt/pt/Content/images/boitmal/produit/zoom/29CEACE96341E2A0CAA4AC72DB2E1479.jpg,,/product/bolacha-de-alfarroba-e-chocolate-embalagem-de-300-g/5601066401043
40554,Bolacha com aveia,5604260302239,10252,10041,Embalagem de 300 g,PorSi,,"3,50€/Kg","1,05€",https://cdn.intermarche.pt/pt/Content/images/boitmal/produit/zoom/E6AF3390E3580778FC2CEB91A28AF049.jpg,,/product/bolacha-com-aveia/5604260302239
48892,Bolacha Maria Integral,5604260316816,10252,10041,Embalagem de 600g,PorSi,,"2,48€/Kg","1,49€",https://cdn.intermarche.pt/pt/Content/images/boitmal/produit/zoom/7456B8370276B0BF839077DFBA8A1391.jpg,,/product/bolacha-maria-integral/5604260316816
6148,"Bolachas digestive go chocolate, embalagem de 200g",7622300742324,10252,10041,,Triunfo,,"10,21€/Kg","1,99€",https://cdn.intermarche.pt/pt/Content/images/boitmal/produit/zoom/B97BAFEB8B5CDFA0429E96932C026E24.jpg,,/product/bolachas-digestive-go-chocolate-embalagem-de-200g/7622300742324
37701,"Bolacha de aveia e chia, embalagem de 300 g",5601066401036,10252,10041,,Nacional,,"7,97€/Kg","2,39€",https://cdn.intermarche.pt/pt/Content/images/boitmal/produit/zoom/F2CB06452A56DA05E0C970686532D62B.jpg,,/product/bolacha-de-aveia-e-chia-embalagem-de-300-g/5601066401036
18083,Bolacha digestive aveia 258g,5601008200017,10252,10041,,Vieira,,"9,65€/Kg","2,49€",https://cdn.intermarche.pt/pt/Content/images/boitmal/produit/zoom/F83AF875AA7966708505018927C302C1.jpg,,/product/bolacha-digestive-aveia-258g/5601008200017
18080,"Bolachas água e sal doces, embalagem de 170g",5601008100560,10252,10041,,Vieira,,"17,20€/Kg","2,89€",https://cdn.intermarche.pt/pt/Content/images/boitmal/produit/zoom/8B7FFF96649C214D2C1F59409B1A23A6.jpg,,/product/bolachas-agua-e-sal-doces-embalagem-de-170g/5601008100560
20012,Bolacha craker queijo,7622300571351,10252,10041,Embalagem de 100g,Tuc,,"13,40€/Kg","1,34€",https://cdn.intermarche.pt/pt/Content/images/boitmal/produit/zoom/A7E1DD186B24846CF7742C4E35C9AF6F.jpg,,/product/bolacha-craker-queijo/7622300571351
25523,"Bolachas digestive aveia e laranja, embalagem de 430g",8410376047578,10252,10041,,Gullón,,"7,51€/Kg","3,19€",https://cdn.intermarche.pt/pt/Content/images/boitmal/produit/zoom/734B1A602CBB0D656FDF51DC3AE06BBA.jpg,,/product/bolachas-digestive-aveia-e-laranja-embalagem-de-430g/8410376047578
31433,"Bolachas marinheiras naturais, embalagem de 200g",5604321027040,10252,10041,,Cemporcento,,"12,45€/Kg","2,49€",https://cdn.intermarche.pt/pt/Content/images/boitmal/produit/zoom/0C64FB6F818D4BF04BAF43584E347A27.jpg,,/product/bolachas-marinheiras-naturais-embalagem-de-200g/5604321027040
42987,"Bolachas marítimas chia, 200g",5604260310142,10252,10041,,PorSi Viva Bem,,"9,95€/Kg","1,99€",https://cdn.intermarche.pt/pt/Content/images/boitmal/produit/zoom/F47D7E06AB57B9945432B19BCFB9F330.jpg,,/product/bolachas-maritimas-chia-200g/5604260310142
36790,"Bolacha vitalday crocante, embalagem de 280 g",8410376055740,10252,10041,,Gullón,,"9,25€/Kg","2,59€",https://cdn.intermarche.pt/pt/Content/images/boitmal/produit/zoom/17186090DEE542810F0985819D8B7AD0.jpg,,/product/bolacha-vitalday-crocante-embalagem-de-280-g/8410376055740
40752,Biscoitos integrais chia,5604260306152,10252,10041,100 g,PorSi Viva Bem,,"12,50€/Kg","1,25€",https://cdn.intermarche.pt/pt/Content/images/boitmal/produit/zoom/163984780A32CFC650EB67A561C9E7F8.jpg,,/product/biscoitos-integrais-chia/5604260306152
40753,Palmiers integrais,5604260306169,10252,10041,125 g,PorSi Viva Bem,,"7,12€/Kg","0,89€",https://cdn.intermarche.pt/pt/Content/images/boitmal/produit/zoom/D3C313C1C1A9359364952A130852E1E2.jpg,,/product/palmiers-integrais/5604260306169
40754,Argolas integrais laranja e gengibre,5604260306176,10252,10041,100 g,PorSi Viva Bem,,"11,90€/Kg","1,19€",https://cdn.intermarche.pt/pt/Content/images/boitmal/produit/zoom/2DE7063950624E49C148A488082FC3B1.jpg,,/product/argolas-integrais-laranja-e-gengibre/5604260306176
42989,"Bolachas marítimas clássicas, 200g",5604260310173,10252,10041,,PorSi Viva Bem,,"9,95€/Kg","1,99€",https://cdn.intermarche.pt/pt/Content/images/boitmal/produit/zoom/16CFDFCB002E044BB78156E396DFE441.jpg,,/product/bolachas-maritimas-classicas-200g/5604260310173
42990,"Bolachas marítimas integrais, 200g",5604260310159,10252,10041,,PorSi Viva Bem,,"9,95€/Kg","1,99€",https://cdn.intermarche.pt/pt/Content/images/boitmal/produit/zoom/B2F30173C4D4EDCCB94C0AD7E97DA533.jpg,,/product/bolachas-maritimas-integrais-200g/5604260310159
4780,"Bolacha integral, embalagem de 400g",5000396025026,10252,10041,,McVities,,"6,73€/Kg","2,69€",https://cdn.intermarche.pt/pt/Content/images/boitmal/produit/zoom/64E2EEAC284BAD2371A5359EA7C4E958.jpg,,/product/bolacha-integral-embalagem-de-400g/5000396025026
47989,"Marinheiras natural bio, embalagem de 200g",5604321034338,10252,10041,,Cemporcento,,"12,45€/Kg","2,49€",https://cdn.intermarche.pt/pt/Content/images/boitmal/produit/zoom/4915E03C51FE89F31836106282D5D21E.jpg,,/product/marinheiras-natural-bio-embalagem-de-200g/5604321034338
49346,Bolachas thins de maçã vieira de castro embalagem 174 g,5601008102786,10252,10041,,Vieira,,"15,46€/Kg","2,69€",https://cdn.intermarche.pt/pt/Content/images/boitmal/produit/zoom/B5D20795831B71DEC94AD574C202A337.jpg,,/product/bolachas-thins-de-maca-vieira-de-castro-embalagem-174-g/5601008102786
49348,Bolachas thins de aveia vieira de castro embalagem 174 g,5601008102779,10252,10041,,Vieira,,"15,46€/Kg","2,69€",https://cdn.intermarche.pt/pt/Content/images/boitmal/produit/zoom/F29786FFFBEEB7C5F21511392823F962.jpg,,/product/bolachas-thins-de-aveia-vieira-de-castro-embalagem-174-g/5601008102779
9936,"Bolachas digestive go, embalagem de 160g",7622300324216,10252,10041,,Triunfo,,"12,44€/Kg","1,99€",https://cdn.intermarche.pt/pt/Content/images/boitmal/produit/zoom/14EC3DAF1DC7914C115F02B63BBB0B8D.jpg,,/product/bolachas-digestive-go-embalagem-de-160g/7622300324216
37890,"Bolacha digestiva thins, embalagem de 270 g",8410376054064,10252,10041,,Gullón,,"13,30€/Kg","3,59€",https://cdn.intermarche.pt/pt/Content/images/boitmal/produit/zoom/94D3023892DAE4777490563BD7CD5C09.jpg,,/product/bolacha-digestiva-thins-embalagem-de-270-g/8410376054064
40755,Argolas integrais maçã e canela,5604260306183,10252,10041,100 g,PorSi Viva Bem,,"11,90€/Kg","1,19€",https://cdn.intermarche.pt/pt/Content/images/boitmal/produit/zoom/D47968174EC3004C751A90F9E4016F0F.jpg,,/product/argolas-integrais-maca-e-canela/5604260306183
44248,"Bolachas vitalday crocantes aveia e chocolate de leite, 300g",8410376058796,10252,10041,,Gullón,,"13,30€/Kg","3,99€",https://cdn.intermarche.pt/pt/Content/images/boitmal/produit/zoom/7D18C380701198623F5E1C2DB20FC7AC.jpg,,/product/bolachas-vitalday-crocantes-aveia-e-chocolate-de-leite-300g/8410376058796
47988,"Marinheiras chia bio, embalagem de 200g",5604321033928,10252,10041,,Cemporcento,,"12,45€/Kg","2,49€",https://cdn.intermarche.pt/pt/Content/images/boitmal/produit/zoom/8919A10F8E22C18159CA4F27AE5CFC94.jpg,,/product/marinheiras-chia-bio-embalagem-de-200g/5604321033928
47990,"Marinheiras sem sal bio, embalagem de 200g",5604321033935,10252,10041,,Cemporcento,,"12,95€/Kg","2,59€",https://cdn.intermarche.pt/pt/Content/images/boitmal/produit/zoom/2212D366C6D08A5369F6FD37A3C7ACA7.jpg,,/product/marinheiras-sem-sal-bio-embalagem-de-200g/5604321033935
52817,"Bolachas breakfast pepitas chocolate, 225g",7622210689382,10252,10041,,Belvita,,"11,07€/Kg","2,49€",https://cdn.intermarche.pt/pt/Content/images/boitmal/produit/zoom/ABD57BFC9E62E8D2CE2CC7CC278EE933.jpg,,/product/bolachas-breakfast-pepitas-chocolate-225g/7622210689382
52969,"Bolachas com arroz cacau, cevada e centeio, 250g",8410376069853,10252,10041,,Gullon,,"15,96€/Kg","3,99€",https://cdn.intermarche.pt/pt/Content/images/boitmal/produit/zoom/3EE194E25432C82A8AE87535615ED5C9.jpg,,/product/bolachas-com-arroz-cacau-cevada-e-centeio-250g/8410376069853
53119,"Bolacha Avenacol Rustica 0% Açúcar, 250g",8434165595033,10252,10041,,Cuétara,,"11,96€/Kg","2,99€",https://cdn.intermarche.pt/pt/Content/images/boitmal/produit/zoom/2BA99E41EEA6B0BB67FDA6FBF97BE7F5.jpg,,/product/bolacha-avenacol-rustica-0%25-acucar-250g/8434165595033
53243,"Bolachas com arroz cacau, aveia e laranja, 247g",8410376069860,10252,10041,,Gullon,,"15,34€/Kg","3,79€",https://cdn.intermarche.pt/pt/Content/images/boitmal/produit/zoom/EB4F176EDBCFD1EAFD165C8063C52464.jpg,,/product/bolachas-com-arroz-cacau-aveia-e-laranja-247g/8410376069860
42858,Gofres,5604260309030,10259,10041,Embalagem de 150 g,PorSi,,"6,67€/Kg","1,00€",https://cdn.intermarche.pt/pt/Content/images/boitmal/produit/zoom/B898DFD3051A0BE93E02C9EEB44D8A76.jpg,2024-11-27T23:59:59.999Z,/product/gofres/5604260309030
16412,Bolo milka choc-choc,7622210396334,10259,10041,Embalagem de 180g,Milka,,"12,23€/Kg","2,14€",https://cdn.intermarche.pt/pt/Content/images/boitmal/produit/zoom/C780FB7966B44528FB499CC734A6E42A.jpg,2024-11-27T23:59:59.999Z,/product/bolo-milka-choc-choc/7622210396334
12110,Croissant simples,5604260266630,10259,10041,Embalagem de 400g,PorSi,,"4,98€/Kg","1,99€",https://cdn.intermarche.pt/pt/Content/images/boitmal/produit/zoom/CE8C02588DD42DC09C5E2945B36F969F.jpg,,/product/croissant-simples/5604260266630
12107,Napolitanas creme cacau,5604260266609,10259,10041,Embalagem de 320g,PorSi,,"5,53€/Kg","1,77€",https://cdn.intermarche.pt/pt/Content/images/boitmal/produit/zoom/640DEFD4DD0F2AB26696F2CB9CF8757C.jpg,,/product/napolitanas-creme-cacau/5604260266609
36919,Merendinhas com pepitas de chocolate,5604260288878,10259,10041,Embalagem de 240 g,PorSi,,"7,04€/Kg","1,69€",https://cdn.intermarche.pt/pt/Content/images/boitmal/produit/zoom/7F6BE142EBE5B80F8E6D52D9F350984E.jpg,,/product/merendinhas-com-pepitas-de-chocolate/5604260288878
41625,6 argolas com cobertura glace,5604260309399,10259,10041,Embalagem de 252g,PorSi,,"7,10€/Kg","1,79€",https://cdn.intermarche.pt/pt/Content/images/boitmal/produit/zoom/B1C0EDCD145D4F7A1EE6E0C1AAFAC910.jpg,,/product/6-argolas-com-cobertura-glace/5604260309399
9713,Torta recheio morango,5604260271924,10259,10041,Embalagem de 300g,PorSi,,"5,63€/Kg","1,69€",https://cdn.intermarche.pt/pt/Content/images/boitmal/produit/zoom/C6BA05C4761C22333925B832D63942DF.jpg,,/product/torta-recheio-morango/5604260271924
12106,Napolitas creme baunilha,5604260266593,10259,10041,Embalagem de 320g,PorSi,,"5,53€/Kg","1,77€",https://cdn.intermarche.pt/pt/Content/images/boitmal/produit/zoom/6C0245A4473A0A953C66A26A82773EDB.jpg,,/product/napolitas-creme-baunilha/5604260266593
26274,5 manhãzitos,5601027002609,10259,10041,Embalagem com 175 g,Bollycao,,"17,09€/Kg","2,99€",https://cdn.intermarche.pt/pt/Content/images/boitmal/produit/zoom/72802AF60F8CD24B8A8E082AF13E9F74.jpg,,/product/5-manhazitos/5601027002609
46286,Churritos,5604260320318,10259,10041,Embalagem de 240g,PorSi,,"7,04€/Kg","1,69€",https://cdn.intermarche.pt/pt/Content/images/boitmal/produit/zoom/1644594CC922C5242F5865611CD55C69.jpg,,/product/churritos/5604260320318
47635,Bimbo® bagels clássico 4 un.,8412600018316,10259,10041,Embalagem de 300g,Bimbo,,"8,97€/Kg","2,69€",https://cdn.intermarche.pt/pt/Content/images/boitmal/produit/zoom/E755B43AF6FC6D3F5BD557A4226DF511.jpg,,/product/bimbo®-bagels-classico-4-un./8412600018316
47636,Bimbo® bagels sementes 4 un.,8412600018323,10259,10041,Embalagem de 300g,Bimbo,,"8,97€/Kg","2,69€",https://cdn.intermarche.pt/pt/Content/images/boitmal/produit/zoom/64C691C53069BB7F8DA412B00033DFA3.jpg,,/product/bimbo®-bagels-sementes-4-un./8412600018323
5808,Salame de chocolate tradicional,5604260056132,10259,10041,Embalagem de 450g,PorSi,,"5,53€/Kg","2,49€",https://cdn.intermarche.pt/pt/Content/images/boitmal/produit/zoom/58850FDEF09A76E663CA76E9C9D9797C.jpg,,/product/salame-de-chocolate-tradicional/5604260056132
9711,Torta cacau com sabor a natas,5604260271900,10259,10041,Embalagem de 300g,PorSi,,"5,97€/Kg","1,79€",https://cdn.intermarche.pt/pt/Content/images/boitmal/produit/zoom/9C082A1C6838540256D51A765D8403A5.jpg,,/product/torta-cacau-com-sabor-a-natas/5604260271900
12109,Croissant recheado de cacau/avelã,5604260266623,10259,10041,Embalagem de 315g,PorSi,,"5,68€/Kg","1,79€",https://cdn.intermarche.pt/pt/Content/images/boitmal/produit/zoom/6795F2BE6BA4B87FF4A6E3F7B20FA26B.jpg,,/product/croissant-recheado-de-cacau-ou-avela/5604260266623
16042,Donuts classic,8410022000025,10259,10041,Embalagem de 200g,Donuts,,"14,95€/Kg","2,99€",https://cdn.intermarche.pt/pt/Content/images/boitmal/produit/zoom/9DE87D45842580C95F36B655B1BA5FC5.jpg,,/product/donuts-classic/8410022000025
15886,Manhãzitos original,5601027003859,10259,10041,Embalagem 6x2 unidades,Manhãzitos,,"14,24€/Kg","2,99€",https://cdn.intermarche.pt/pt/Content/images/boitmal/produit/zoom/71329DB5D34C05CB20373BAE1032B91A.jpg,,/product/manhazitos-original/5601027003859
38557,Manhãzitos® planetus 9x2 un.,5601027004764,10259,10041,Embalagem de 315g,Manhãzitos,,"12,67€/Kg","3,99€",https://cdn.intermarche.pt/pt/Content/images/boitmal/produit/zoom/9668562796F86C61BB4FA95BDBF9C111.jpg,,/product/manhazitos®-planetus-9x2-un./5601027004764
18618,Manhãzitos -50% açúcares,5601027004870,10259,10041,Embalagem 6x2 unidades,Manhãzitos,,"15,19€/Kg","3,19€",https://cdn.intermarche.pt/pt/Content/images/boitmal/produit/zoom/C536B78EEF5079E4091AFA5999C1DFFB.jpg,,/product/manhazitos-50%25-acucares/5601027004870
25310,"4 bolos recheados com chocolate de leite, 228 g",8410022011540,10259,10041,,Bollycao,,"13,11€/Kg","2,99€",https://cdn.intermarche.pt/pt/Content/images/boitmal/produit/zoom/0AFD08C47BB6CAA380643FB41A88C1DC.jpg,,/product/4-bolos-recheados-com-chocolate-de-leite-228-g/8410022011540
19345,Pão de Ló,5604260275328,10259,10041,Embalagem 600g,PorSi,,"8,32€/Kg","4,99€",https://cdn.intermarche.pt/pt/Content/images/boitmal/produit/zoom/C8094025C7663F84E445F26F80F7EB03.jpg,,/product/pao-de-lo/5604260275328
24662,"Bolos farci kao, embalagem de 280g",8004905550259,10259,10041,,Midi,,"9,96€/Kg","2,79€",https://cdn.intermarche.pt/pt/Content/images/boitmal/produit/zoom/F475C9EB6D1C9C66CEAD1570A346FA28.jpg,,/product/bolos-farci-kao-embalagem-de-280g/8004905550259
34367,4 donuts bombom,8410022000063,10259,10041,Embalagem de 188 g,Donuts,,"15,90€/Kg","2,99€",https://cdn.intermarche.pt/pt/Content/images/boitmal/produit/zoom/9CB64B4A336FCB9A509F3CF43640E631.jpg,,/product/4-donuts-bombom/8410022000063
35384,Bolo de laranja,5604260293315,10259,10041,500 g,PorSi,,"8,38€/Kg","4,19€",https://cdn.intermarche.pt/pt/Content/images/boitmal/produit/zoom/437634FB9F17C4E9DB6F4E271707FC8F.jpg,,/product/bolo-de-laranja/5604260293315
12128,Fatia de salame de chocolate,5604260269846,10259,10041,Embalagem 60G,PorSi,,"13,17€/Kg","0,79€",https://cdn.intermarche.pt/pt/Content/images/boitmal/produit/zoom/7C52D69D2AA68179031691CCE55BBEE5.jpg,,/product/fatia-de-salame-de-chocolate/5604260269846
48103,Bolo marmore,5604260323241,10259,10041,Embalagem de 400g,PorSi,,"5,73€/Kg","2,29€",https://cdn.intermarche.pt/pt/Content/images/boitmal/produit/zoom/A787E89F9F3629C41A73965B8BA15802.jpg,,/product/bolo-marmore/5604260323241
16973,"4 bolos com recheio de chocolate, 228 g",5601027000216,10259,10041,,Bollycao,,"13,11€/Kg","2,99€",https://cdn.intermarche.pt/pt/Content/images/boitmal/produit/zoom/CBD021435C1D8BADDEB8ADF59C1A5B12.jpg,,/product/4-bolos-com-recheio-de-chocolate-228-g/5601027000216
33977,4 Chapelas choco,8410087142180,10259,10041,Embalagem de 200g,Dulcesol,,"5,00€/Kg","1,00€",https://cdn.intermarche.pt/pt/Content/images/boitmal/produit/zoom/ED1E1A6AC3AB8F3B1955FBEDF65BAFD7.jpg,,/product/4-chapelas-choco/8410087142180
36478,Tarte de brigadeiro,5604260293346,10259,10041,Embalagem de 400 g,PorSi,,"9,13€/Kg","3,65€",https://cdn.intermarche.pt/pt/Content/images/boitmal/produit/zoom/CBF2DF5F0D3103637370EEF9FC3343A0.jpg,,/product/tarte-de-brigadeiro/5604260293346
36725,Tarte de Amêndoa,5604260293353,10259,10041,Embalagem 400G,PorSi,,"12,48€/Kg","4,99€",https://cdn.intermarche.pt/pt/Content/images/boitmal/produit/zoom/5E77CD6D4D8E2DF1F1B5F38E763424B3.jpg,,/product/tarte-de-amendoa/5604260293353
44945,Biscoitos gemas,5604260312191,10259,10041,200 g,PorSi,,"13,45€/Kg","2,69€",https://cdn.intermarche.pt/pt/Content/images/boitmal/produit/zoom/3F9C89C1EDE39D02D9F80E0F3BB6C12B.jpg,,/product/biscoitos-gemas/5604260312191
45721,Tarte de maçã,5604260314669,10259,10041,Embalagem de 400g,PorSi,,"11,23€/Kg","4,49€",https://cdn.intermarche.pt/pt/Content/images/boitmal/produit/zoom/7EA1EA71A8D892979669A26E49D13812.jpg,,/product/tarte-de-maca/5604260314669
51569,Suspiros,5604260327713,10259,10041,Embalagem de 70g,PorSi,,"21,29€/Kg","1,49€",https://cdn.intermarche.pt/pt/Content/images/boitmal/produit/zoom/C39C35DCD5CC90ECE344CA3CC0878938.jpg,,/product/suspiros/5604260327713
9640,Beijinhos de pombal,5604260266739,10259,10041,Embalagem de 90 g,PorSi,,"32,11€/Kg","2,89€",https://cdn.intermarche.pt/pt/Content/images/boitmal/produit/zoom/7A4491F2DDD39DF18BB95E01B55CF3CF.jpg,,/product/beijinhos-de-pombal/5604260266739
27398,"Kinder delice cacau, embalagem de 400g",8000500267103,10259,10041,,Kinder,,"14,98€/Kg","5,99€",https://cdn.intermarche.pt/pt/Content/images/boitmal/produit/zoom/E8F909D1F90261AE4E9DAA1778E9E888.jpg,,/product/kinder-delice-cacau-embalagem-de-400g/8000500267103
31486,"Kinder delice cacau, embalagem de 40g",8000500267035,10259,10041,,Kinder,,"24,75€/Kg","0,99€",https://cdn.intermarche.pt/pt/Content/images/boitmal/produit/zoom/240D44FBB86F82C068FBD7AD59FE2EF6.jpg,,/product/kinder-delice-cacau-embalagem-de-40g/8000500267035
37552,Broas de mel,5604260293384,10259,10041,Embalagem de 300 g,PorSi,,"8,97€/Kg","2,69€",https://cdn.intermarche.pt/pt/Content/images/boitmal/produit/zoom/30BCA46E3DA6E94480C096BF6340CAB5.jpg,,/product/broas-de-mel/5604260293384
40628,4 bolos com recheio de cacau,5604260301928,10259,10041,Embalagem de 240 g,PorSi,,"7,88€/Kg","1,89€",https://cdn.intermarche.pt/pt/Content/images/boitmal/produit/zoom/6810836AA44064E9A53FECC830D1355C.jpg,,/product/4-bolos-com-recheio-de-cacau/5604260301928
45621,"Bolo de Ananás Decorado com Coco, 500 g",5604260315918,10259,10041,,PorSi,,"9,98€/Kg","3,99€",https://cdn.intermarche.pt/pt/Content/images/boitmal/produit/zoom/CEC7D7D4131AFC8061624808FBE59B2B.jpg,,/product/bolo-de-ananas-decorado-com-coco-500-g/5604260315918
45722,Tarte de coco,5604260314676,10259,10041,Embalagem de 400g,PorSi,,"9,98€/Kg","3,99€",https://cdn.intermarche.pt/pt/Content/images/boitmal/produit/zoom/70A786AA537F4AD17103DB17368999BE.jpg,,/product/tarte-de-coco/5604260314676
47145,"Sortido princesa, embalagem de 200g",5601008201120,11750,10041,,Vieira,,"12,95€/Kg","2,59€",https://cdn.intermarche.pt/pt/Content/images/boitmal/produit/zoom/64953FEEC58A838CAD361FBDEFD9CD7F.jpg,,/product/sortido-princesa-embalagem-de-200g/5601008201120
18324,"Sortido bolacha princesa, embalagem de 400g",5601008200062,11750,10041,,Vieira,,"9,98€/Kg","3,99€",https://cdn.intermarche.pt/pt/Content/images/boitmal/produit/zoom/F2BBB938B8E911ED012217D69383D872.jpg,,/product/sortido-bolacha-princesa-embalagem-de-400g/5601008200062
26635,"Sortido, 210g",8434165488663,11750,10041,,Cuétara,,"16,62€/Kg","3,49€",https://cdn.intermarche.pt/pt/Content/images/boitmal/produit/zoom/BE60D5120880FE491B799774FF6A55FE.jpg,,/product/sortido-210g/8434165488663
52227,Sortido de bolachas recheio morango,5604260328109,11750,10041,Embalagem de 300g,PorSi,,"9,97€/Kg","2,99€",https://cdn.intermarche.pt/pt/Content/images/boitmal/produit/zoom/5BA39DABC7E835BA981A2321A54EFFC7.jpg,,/product/sortido-de-bolachas-recheio-morango/5604260328109
33478,Sortido bolachas cuétara 420 g,8434165488656,11750,10041,,Cuétara,,"14,26€/Kg","5,99€",https://cdn.intermarche.pt/pt/Content/images/boitmal/produit/zoom/4FEAD6372E1E557AF70B9BD85B20F265.jpg,,/product/sortido-bolachas-cuetara-420-g/8434165488656
52155,Sortido de bolachas,5604260327737,11750,10041,Embalagem de 350g,PorSi,,"9,40€/Kg","3,29€",https://cdn.intermarche.pt/pt/Content/images/boitmal/produit/zoom/E3AD0E950C70766EB4C366896D00CA4A.jpg,,/product/sortido-de-bolachas/5604260327737
53144,"Bolachas sortidas choco premium, 402g",8410376060874,11750,10041,,Gullon,,"14,65€/Kg","5,89€",https://cdn.intermarche.pt/pt/Content/images/boitmal/produit/zoom/8EED667CC79FA48394BEDA5AF28919FC.jpg,,/product/bolachas-sortidas-choco-premium-402g/8410376060874
22940,Tortitas de arroz com sal,5604260280933,11816,10041,Embalagem de 130g,PorSi Viva Bem,,"6,08€/Kg","0,79€",https://cdn.intermarche.pt/pt/Content/images/boitmal/produit/zoom/FEB82F496517887CF41B08B1A293748C.jpg,,/product/tortitas-de-arroz-com-sal/5604260280933
22941,Tortitas de arroz sem sal,5604260280940,11816,10041,Embalagem de 130g,PorSi Viva Bem,,"6,08€/Kg","0,79€",https://cdn.intermarche.pt/pt/Content/images/boitmal/produit/zoom/4EC68B3BD9D632DE980E2617EFE6C9E8.jpg,,/product/tortitas-de-arroz-sem-sal/5604260280940
22943,Tortitas de milho sem sal,5604260280964,11816,10041,Embalagem de 130g,PorSi Viva Bem,,"6,08€/Kg","0,79€",https://cdn.intermarche.pt/pt/Content/images/boitmal/produit/zoom/F6682EEFF545501EB3F144A484BD09D0.jpg,,/product/tortitas-de-milho-sem-sal/5604260280964
22942,Tortitas de milho com sal,5604260280957,11816,10041,Embalagem de 130g,PorSi Viva Bem,,"6,08€/Kg","0,79€",https://cdn.intermarche.pt/pt/Content/images/boitmal/produit/zoom/81D4CCCC6373200A9EE1E900119044F9.jpg,,/product/tortitas-de-milho-com-sal/5604260280957
51383,Cuet marinheiros chia-quinoa-lin *9,8434165608023,11816,10041,Embalagem de 150g,Cuétara,,"13,27€/Kg","1,99€",https://cdn.intermarche.pt/pt/Content/images/boitmal/produit/zoom/5C8205D363D4015627AE56BB6ED62258.jpg,,/product/cuet-marinheiros-chia-quinoa-lin-*9/8434165608023
51382,Cuetara marinheiros classicas  *9,8434165608030,11816,10041,Embalagem de 150g,Cuétara,,"13,27€/Kg","1,99€",https://cdn.intermarche.pt/pt/Content/images/boitmal/produit/zoom/2941898A7B883A384CA2A16BD2F91202.jpg,,/product/cuetara-marinheiros-classicas-*9/8434165608030
38968,"Tortas de arroz integral com pevides de abóbora, 130 g",5601557044186,11816,10041,,Salutem,,"13,00€/Kg","1,69€",https://cdn.intermarche.pt/pt/Content/images/boitmal/produit/zoom/DDB683D75C86AE13CD71218BE4328C6A.jpg,,/product/tortas-de-arroz-integral-com-pevides-de-abobora-130-g/5601557044186
39183,"Galete crocante de arroz integral e milho, 130g",5601557047590,11816,10041,,Salutem,,"13,00€/Kg","1,69€",https://cdn.intermarche.pt/pt/Content/images/boitmal/produit/zoom/DD21CB4764741F8DD849FEAD6651E87C.jpg,,/product/galete-crocante-de-arroz-integral-e-milho-130g/5601557047590
39192,"Galete arroz finissima, 130g",5601557049228,11816,10041,,Salutem,,"9,15€/Kg","1,19€",https://cdn.intermarche.pt/pt/Content/images/boitmal/produit/zoom/399AF2CE40AA76D20CC1406872A89B83.jpg,,/product/galete-arroz-finissima-130g/5601557049228
39194,"Galete arroz finissima sem sal, 130g",5601557049242,11816,10041,,Salutem,,"9,15€/Kg","1,19€",https://cdn.intermarche.pt/pt/Content/images/boitmal/produit/zoom/C4DD86E8C261014C970D8539B10BE98F.jpg,,/product/galete-arroz-finissima-sem-sal-130g/5601557049242
48590,"Bolachas marinhas integral, 200g",5601557063521,11816,10041,,Salutem,,"10,95€/Kg","2,19€",https://cdn.intermarche.pt/pt/Content/images/boitmal/produit/zoom/D58CCF3B508C6E8EC8F1E3DDB7F71BF3.jpg,,/product/bolachas-marinhas-integral-200g/5601557063521
48613,"Bolachas marinhas chia, 200g",5601557063538,11816,10041,,Salutem,,"10,95€/Kg","2,19€",https://cdn.intermarche.pt/pt/Content/images/boitmal/produit/zoom/6FF88716AAEE05578FC4E2561EBE48BA.jpg,,/product/bolachas-marinhas-chia-200g/5601557063538
48614,"Bolachas marinhas integral, 200g",5601557063545,11816,10041,,Salutem,,"10,95€/Kg","2,19€",https://cdn.intermarche.pt/pt/Content/images/boitmal/produit/zoom/1BDF2C9D7D561B3D5DE7A87582F16C17.jpg,,/product/bolachas-marinhas-integral-200g/5601557063545
48615,"Bolachas marinhas linhaça, 200g",5601557063552,11816,10041,,Salutem,,"10,95€/Kg","2,19€",https://cdn.intermarche.pt/pt/Content/images/boitmal/produit/zoom/BA9B115A8D3FF8940046379BE2186226.jpg,,/product/bolachas-marinhas-linhaca-200g/5601557063552
48627,"Mini galete de arroz, 120g",5601557061046,11816,10041,,Salutem,,"20,75€/Kg","2,49€",https://cdn.intermarche.pt/pt/Content/images/boitmal/produit/zoom/FF39C4E7760BA0809D59537315BB99A8.jpg,,/product/mini-galete-de-arroz-120g/5601557061046
508,"Tablete chocolate de leite, embalagem de 100g",3045140105502,10306,10049,,Milka,,"15,90€/Kg","1,59€",https://cdn.intermarche.pt/pt/Content/images/boitmal/produit/zoom/913CE6059038FB24D6D6DB0F0F385165.jpg,2024-11-27T23:59:59.999Z,/product/tablete-chocolate-de-leite-embalagem-de-100g/3045140105502
52536,"Kinder bueno, embalagem de 3x43g",4008400320328,10306,10049,,Kinder,,"16,98€/Kg","2,19€",https://cdn.intermarche.pt/pt/Content/images/boitmal/produit/zoom/7D0C6F0D8A14FE6E20497AD8E847B60F.jpg,2024-11-27T23:59:59.999Z,/product/kinder-bueno-embalagem-de-3x43g/4008400320328
2581,"Tablete de chocolate com creme de caramelo, embalagem de 100g",7622300086404,10306,10049,,Milka,,"15,90€/Kg","1,59€",https://cdn.intermarche.pt/pt/Content/images/boitmal/produit/zoom/F8D5162A9CD2BB6CC870C7C585B6D422.jpg,2024-11-27T23:59:59.999Z,/product/tablete-de-chocolate-com-creme-de-caramelo-embalagem-de-100g/7622300086404
848,"Chocolate mini, embalagem de 200g",5000189974579,10306,10049,,Kit Kat,,"16,90€/Kg","3,38€",https://cdn.intermarche.pt/pt/Content/images/boitmal/produit/zoom/33F684DC544CDCED4E93A337A33052D5.jpg,2024-11-27T23:59:59.999Z,/product/chocolate-mini-embalagem-de-200g/5000189974579
26599,Tablete de chocolate leite,7622210693280,10306,10049,Embalagem de 270g,Milka,,"12,93€/Kg","3,49€",https://cdn.intermarche.pt/pt/Content/images/boitmal/produit/zoom/9E92F809E62CBA25C4889DCCE4E06B96.jpg,2024-11-27T23:59:59.999Z,/product/tablete-de-chocolate-leite/7622210693280
2603,"Tablete de chocolate, embalagem de 100g",7622300631574,10306,10049,,Milka,,"15,90€/Kg","1,59€",https://cdn.intermarche.pt/pt/Content/images/boitmal/produit/zoom/02BB17BD1727FA5D1A551CABF31FFDD9.jpg,2024-11-27T23:59:59.999Z,/product/tablete-de-chocolate-embalagem-de-100g/7622300631574
460,Tablete de chocolate bolacha,9012200872739,10306,10049,Embalagem de 300g,Milka,,"11,63€/Kg","3,49€",https://cdn.intermarche.pt/pt/Content/images/boitmal/produit/zoom/6F8C876424C90029D1A5E69D3BC77E04.jpg,2024-11-27T23:59:59.999Z,/product/tablete-de-chocolate-bolacha/9012200872739
15740,Tablete de chocolate oreo,7622210293381,10306,10049,Embalagem de 300g,Milka,,"11,63€/Kg","3,49€",https://cdn.intermarche.pt/pt/Content/images/boitmal/produit/zoom/BF532F8381DBC5900E040CA26BFBCC73.jpg,2024-11-27T23:59:59.999Z,/product/tablete-de-chocolate-oreo/7622210293381
22355,Tablete de chocolate de leite,8593893753082,10306,10049,Embalagem de 90g,Nestlé,,"16,56€/Kg","1,49€",https://cdn.intermarche.pt/pt/Content/images/boitmal/produit/zoom/6015C695DCD2B71343F0EB46B69E1B6C.jpg,2024-11-27T23:59:59.999Z,/product/tablete-de-chocolate-de-leite/8593893753082
43292,Chocolate cheesecake,7622210678171,10306,10049,Embalagem de 300g,Milka,,"11,63€/Kg","3,49€",https://cdn.intermarche.pt/pt/Content/images/boitmal/produit/zoom/69C5E30887DF2D0F453801C4D6E4A654.jpg,2024-11-27T23:59:59.999Z,/product/chocolate-cheesecake/7622210678171
34011,"Tablete de chocolate choco jelly, embalagem de 250g",7622210249500,10306,10049,,Milka,,"13,96€/Kg","3,49€",https://cdn.intermarche.pt/pt/Content/images/boitmal/produit/zoom/B6A05A54FEE6108E3C329D6F5E15F00B.jpg,2024-11-27T23:59:59.999Z,/product/tablete-de-chocolate-choco-jelly-embalagem-de-250g/7622210249500
42150,"Tablete de chocolate extra fina leite, embalagem de 270g",7613039959992,10306,10049,,Nestlé,,"13,85€/Kg","3,74€",https://cdn.intermarche.pt/pt/Content/images/boitmal/produit/zoom/F368FDEA42DD9E1BACA00C035D3ACCAC.jpg,2024-11-27T23:59:59.999Z,/product/tablete-de-chocolate-extra-fina-leite-embalagem-de-270g/7613039959992
43299,"Tablete de chocolate de leite e amêndoa, 270g",7613039994160,10306,10049,,Nestlé,,"13,85€/Kg","3,74€",https://cdn.intermarche.pt/pt/Content/images/boitmal/produit/zoom/650BCF329C9ADC4C496C48905CB52C21.jpg,2024-11-27T23:59:59.999Z,/product/tablete-de-chocolate-de-leite-e-amendoa-270g/7613039994160
7585,Tablete de chocolate leite,4000607850004,10306,10049,Embalagem de 100g,Schogetten,,"14,40€/Kg","1,44€",https://cdn.intermarche.pt/pt/Content/images/boitmal/produit/zoom/27254404FC1D9D9349122187959DAEFB.jpg,,/product/tablete-de-chocolate-leite/4000607850004
14223,Tablete chocolate de leite,5604260292721,10306,10049,embalagem de 100 g,PorSi,,"10,90€/Kg","1,09€",https://cdn.intermarche.pt/pt/Content/images/boitmal/produit/zoom/E23ABA87C72BA66273585754CBCFF134.jpg,,/product/tablete-chocolate-de-leite/5604260292721
14293,"Kinder maxi, embalagem de 210g",4008400221021,10306,10049,,Kinder,,"19,00€/Kg","3,99€",https://cdn.intermarche.pt/pt/Content/images/boitmal/produit/zoom/C015087D32AD183D3528451CB7D84052.jpg,,/product/kinder-maxi-embalagem-de-210g/4008400221021
23883,Chocolate cadbury snack dairy milk 45g,7622300743574,10306,10049,,Cadbury,,"26,44€/Kg","1,19€",https://cdn.intermarche.pt/pt/Content/images/boitmal/produit/zoom/7882201B487E04E3B875F81A015A9BD1.jpg,,/product/chocolate-cadbury-snack-dairy-milk-45g/7622300743574
36714,"Tablete de chocolate com arroz tufado, 100 g",5604260292769,10306,10049,,PorSi,,"11,90€/Kg","1,19€",https://cdn.intermarche.pt/pt/Content/images/boitmal/produit/zoom/7AF9B8E756E45C2AC153C880A107CFAF.jpg,,/product/tablete-de-chocolate-com-arroz-tufado-100-g/5604260292769
21374,"Chocolate maxi 6 barritas, embalagem de 130g",80310167,10306,10049,,Kinder,,"23,73€/Kg","2,99€",https://cdn.intermarche.pt/pt/Content/images/boitmal/produit/zoom/504AE94960555605EA2E7C0713F0391E.jpg,,/product/chocolate-maxi-6-barritas-embalagem-de-130g/0000080310167
29227,"Biscoitos b ready, embalagem de 132 g",8000500227848,10306,10049,,Nutella,,"24,92€/Kg","3,29€",https://cdn.intermarche.pt/pt/Content/images/boitmal/produit/zoom/3AE33FDF752BFC54FB7A06813AFDB06D.jpg,,/product/biscoitos-b-ready-embalagem-de-132-g/8000500227848
43382,Tablete de chocolate de leite,5604260308583,10306,10049,Embalagem de 200g,PorSi Select,,"11,70€/Kg","2,34€",https://cdn.intermarche.pt/pt/Content/images/boitmal/produit/zoom/10ACAB8F572FAEB9254E0F625EA524B6.jpg,,/product/tablete-de-chocolate-de-leite/5604260308583
48678,"Chocolate de leite com bolacha, embalagem de 100g",8000300339413,10306,10049,,Crunch,,"26,90€/Kg","2,69€",https://cdn.intermarche.pt/pt/Content/images/boitmal/produit/zoom/E91214FA36AB3689AEFB2DC3B72715BC.jpg,,/product/chocolate-de-leite-com-bolacha-embalagem-de-100g/8000300339413
6145,"Tablete de chocolate daim, embalagem de 100g",7622300370367,10306,10049,,Milka,,"19,90€/Kg","1,99€",https://cdn.intermarche.pt/pt/Content/images/boitmal/produit/zoom/56F3B954FB338E83AF76BA02ADD8C6E3.jpg,,/product/tablete-de-chocolate-daim-embalagem-de-100g/7622300370367
19933,Tablete de chocolate leite bubbly,7622210476838,10306,10049,Embalagem de 90g,Milka,,"22,11€/Kg","1,99€",https://cdn.intermarche.pt/pt/Content/images/boitmal/produit/zoom/FBE25D69B99D4C3EF2FC3229090B65EF.jpg,,/product/tablete-de-chocolate-leite-bubbly/7622210476838
22840,"Tablete de chocolate leite, embalagem de 130g",7613035268388,10306,10049,,Nestlé,,"19,92€/Kg","2,49€",https://cdn.intermarche.pt/pt/Content/images/boitmal/produit/zoom/6CC50597F0349032C086C8C21485FBA4.jpg,,/product/tablete-de-chocolate-leite-embalagem-de-130g/7613035268388
43336,Tablete de chocolate de leite com caramelo,5604260310425,10306,10049,Embalagem de 100g,PorSi Select,,"16,90€/Kg","1,69€",https://cdn.intermarche.pt/pt/Content/images/boitmal/produit/zoom/498E60DA49B58DBD8733DD48B38DEB97.jpg,,/product/tablete-de-chocolate-de-leite-com-caramelo/5604260310425
53219,"Chocolate Extrafino Dulce de Leche, 83g",8445290771858,10306,10049,,Nestlé,,"20,36€/Kg","1,69€",https://cdn.intermarche.pt/pt/Content/images/boitmal/produit/zoom/98956F1946F55DAF2594B42A4D09505D.jpg,,/product/chocolate-extrafino-dulce-de-leche-83g/8445290771858
19196,Chocolate chunky,3800020456262,10306,10049,Embalagem de 160g,Kit Kat,,"24,94€/Kg","3,99€",https://cdn.intermarche.pt/pt/Content/images/boitmal/produit/zoom/9225F588BFCBBD1C1F482DA3257FFB07.jpg,,/product/chocolate-chunky/3800020456262
27521,"Tablete de chocolate confetti, embalagem de 100g",7622210163899,10306,10049,,Milka,,"19,90€/Kg","1,99€",https://cdn.intermarche.pt/pt/Content/images/boitmal/produit/zoom/9617A69B3DC15812477AF2140AE6A708.jpg,,/product/tablete-de-chocolate-confetti-embalagem-de-100g/7622210163899
41779,Tablete de chocolate de leite,5604260308057,10306,10049,Embalagem de 100 g,PorSi Viva Bem,,"14,90€/Kg","1,49€",https://cdn.intermarche.pt/pt/Content/images/boitmal/produit/zoom/393B656EB9F7A91817C3CAC097623742.jpg,,/product/tablete-de-chocolate-de-leite/5604260308057
19841,Chocolate kit kat,40052526,10306,10049,Embalagem de 130g,Kit Kat,,"26,00€/Kg","3,25€",https://cdn.intermarche.pt/pt/Content/images/boitmal/produit/zoom/C8C14B6829CD96160938882F53085FC4.jpg,,/product/chocolate-kit-kat/0000040052526
20290,"Tablete triple chocolate, embalagem de 90g",7622210609908,10306,10049,,Milka,,"22,11€/Kg","1,99€",https://cdn.intermarche.pt/pt/Content/images/boitmal/produit/zoom/F0121869BBC4E73107210ACD8E3A3311.jpg,,/product/tablete-triple-chocolate-embalagem-de-90g/7622210609908
26393,Chocolate milka oreo,7622210718693,10306,10049,Embalagem de 40g,Milka,,"32,16€/Kg","1,19€",https://cdn.intermarche.pt/pt/Content/images/boitmal/produit/zoom/09B675A5B72FEA3151E047D95AC7B0E4.jpg,,/product/chocolate-milka-oreo/7622210718693
29835,"Tablete chocolate oreo, embalagem de 90g",7622210824721,10306,10049,,Milka,,"21,63€/Kg","1,99€",https://cdn.intermarche.pt/pt/Content/images/boitmal/produit/zoom/AF28777B9B029477D7ED3D2DFE694A90.jpg,,/product/tablete-chocolate-oreo-embalagem-de-90g/7622210824721
51879,"Snack Chocolate de Leite, 9x20,7 g",8445290061294,10306,10049,,Kit Kat,,"20,38€/Kg","3,79€",https://cdn.intermarche.pt/pt/Content/images/boitmal/produit/zoom/E608155CBDB2ABB126CFC078E77EFBF9.jpg,,/product/snack-chocolate-de-leite-9x207-g/8445290061294
9891,Snack de chocolate,7613032649647,10306,10049,Embalagem de 130g,Lion,,"25,00€/Kg","3,25€",https://cdn.intermarche.pt/pt/Content/images/boitmal/produit/zoom/81D17A4FA4D6E98C4DA6029A37B9FCCD.jpg,,/product/snack-de-chocolate/7613032649647
22381,Chocolate lion,7613032625474,10306,10049,Embalagem de 40g,Lion,,"30,71€/Kg","1,29€",https://cdn.intermarche.pt/pt/Content/images/boitmal/produit/zoom/2E82A6817FED2FFEF73F47732D00D78F.jpg,,/product/chocolate-lion/7613032625474
2580,"Tablete chocolate creme de cacau, embalagem de 100g",7622300033781,10306,10049,,Milka,,"19,90€/Kg","1,99€",https://cdn.intermarche.pt/pt/Content/images/boitmal/produit/zoom/7245B4807619E7B367E8A058D7C78953.jpg,,/product/tablete-chocolate-creme-de-cacau-embalagem-de-100g/7622300033781
31485,"Nutella b ready t.2, embalagem de 50g",8000500264850,10306,10049,,Nutella,,"35,33€/Kg","1,59€",https://cdn.intermarche.pt/pt/Content/images/boitmal/produit/zoom/994A7823E4FD51781551707B0585B514.jpg,,/product/nutella-b-ready-t.2-embalagem-de-50g/8000500264850
38798,"Chocolate com frutos secos dairy milk whole nut, 49g",96133262,10306,10049,,Cadbury,,"26,44€/Kg","1,19€",https://cdn.intermarche.pt/pt/Content/images/boitmal/produit/zoom/8474DD4524A507DACBFA9843C17C42FC.jpg,,/product/chocolate-com-frutos-secos-dairy-milk-whole-nut-49g/0000096133262
22356,Tablete de chocolate de preto,8593893753105,10746,10049,Embalagem de 90g,Nestlé,,"16,56€/Kg","1,49€",https://cdn.intermarche.pt/pt/Content/images/boitmal/produit/zoom/09B3016D280503C55A8592D2CD670A60.jpg,2024-11-27T23:59:59.999Z,/product/tablete-de-chocolate-de-preto/8593893753105
44784,"Tablete chocolate preto com amêndoas, 270g",7613039993354,10746,10049,,Nestlé,,"13,85€/Kg","3,74€",https://cdn.intermarche.pt/pt/Content/images/boitmal/produit/zoom/713B57E56E8920CEB46EBB4BD8CD7A38.jpg,2024-11-27T23:59:59.999Z,/product/tablete-chocolate-preto-com-amendoas-270g/7613039993354
42151,"Tablete de chocolate preto extra fina, 270 g",7613039994016,10746,10049,,Nestlé,,"13,85€/Kg","3,74€",https://cdn.intermarche.pt/pt/Content/images/boitmal/produit/zoom/27E1D638E2899DE39AA98E8734E8D8D4.jpg,2024-11-27T23:59:59.999Z,/product/tablete-de-chocolate-preto-extra-fina-270-g/7613039994016
42959,Tablete de chocolate negro,5604260308569,10746,10049,200 g,PorSi Select,,"11,45€/Kg","2,29€",https://cdn.intermarche.pt/pt/Content/images/boitmal/produit/zoom/05AB9307FBF1E771A363560DDB005DBE.jpg,,/product/tablete-de-chocolate-negro/5604260308569
43361,Tablete de chocolate negro com menta,5604260310401,10746,10049,Embalagem de 100g,PorSi Select,,"23,90€/Kg","2,39€",https://cdn.intermarche.pt/pt/Content/images/boitmal/produit/zoom/80BFD277561E81614DD5BF67E61AA97B.jpg,,/product/tablete-de-chocolate-negro-com-menta/5604260310401
511,"Tablete de chocolate excellence, 85% cacau, embalagem de 100g",3046920028363,10746,10049,,Lindt,,"32,90€/Kg","3,29€",https://cdn.intermarche.pt/pt/Content/images/boitmal/produit/zoom/05B4E950A6290D86B9B96B210C726A38.jpg,,/product/tablete-de-chocolate-excellence-85%25-cacau-embalagem-de-100g/3046920028363
7587,Tablete de chocolate preto schoget,4000607852008,10746,10049,Embalagem de 100g,Schogetten,,"14,40€/Kg","1,44€",https://cdn.intermarche.pt/pt/Content/images/boitmal/produit/zoom/E8619392B36AC4B9E4BAE0C41FC6CACF.jpg,,/product/tablete-de-chocolate-preto-schoget/4000607852008
36707,Tablete de chocolate negro,5604260292714,10746,10049,Embalagem de 100 g,PorSi,,"11,90€/Kg","1,19€",https://cdn.intermarche.pt/pt/Content/images/boitmal/produit/zoom/A7F591B248A7EFDC9632CB9AAA34E968.jpg,,/product/tablete-de-chocolate-negro/5604260292714
22413,"Tablete de chocolate preto, embalagem de 130g",7613035314375,10746,10049,,Nestlé,,"22,32€/Kg","2,79€",https://cdn.intermarche.pt/pt/Content/images/boitmal/produit/zoom/3EBD64F76D5E56D19B710C7F803E3D4F.jpg,,/product/tablete-de-chocolate-preto-embalagem-de-130g/7613035314375
43330,Tablete de chocolate negro 85% cacau,5604260310395,10746,10049,Embalagem de 100g,PorSi Select,,"22,30€/Kg","2,23€",https://cdn.intermarche.pt/pt/Content/images/boitmal/produit/zoom/5E53D45B7C26F83595AF5C83B9E35ED2.jpg,,/product/tablete-de-chocolate-negro-85%25-cacau/5604260310395
43362,Tablete de chocolate negro com pedaços,5604260310418,10746,10049,Embalagem de 100g,PorSi Select,,"19,90€/Kg","1,99€",https://cdn.intermarche.pt/pt/Content/images/boitmal/produit/zoom/1D6E873DE7DBAF64570960A58F291B29.jpg,,/product/tablete-de-chocolate-negro-com-pedacos/5604260310418
44785,Chocolate negro 85% cacau,7613039960196,10746,10049,Embalagem de 120g,Nestlé,,"31,58€/Kg","3,79€",https://cdn.intermarche.pt/pt/Content/images/boitmal/produit/zoom/E193EA40CA2247742F14C5EF162DA9C4.jpg,,/product/chocolate-negro-85%25-cacau/7613039960196
34205,"Tablete de chocolate negro, 100 g",8000300300390,10746,10049,,Nestlé,,"26,90€/Kg","2,69€",https://cdn.intermarche.pt/pt/Content/images/boitmal/produit/zoom/69FE7BE7EC39818D3FF314DBE4ECD3FC.jpg,,/product/tablete-de-chocolate-negro-100-g/8000300300390
41781,Tablete de chocolate negro - sem açúcar,5604260308064,10746,10049,Embalagem de 100 g,PorSi Viva Bem,,"14,90€/Kg","1,49€",https://cdn.intermarche.pt/pt/Content/images/boitmal/produit/zoom/9643E3A8A67AF575A1294593282217B9.jpg,,/product/tablete-de-chocolate-negro-sem-acucar/5604260308064
48242,Tablete chocolate negro c/ flor de sal,5604260318469,10746,10049,Embalagem de 100g,PorSi Select,,"23,90€/Kg","2,39€",https://cdn.intermarche.pt/pt/Content/images/boitmal/produit/zoom/30E3B8953FC93FB19FC8F1056B1B2198.jpg,,/product/tablete-chocolate-negro-c-ou-flor-de-sal/5604260318469
12239,Tablete de chocolate meio amargo,7614500010617,10746,10049,Embalagem de 100g,Toblerone,,"34,90€/Kg","3,49€",https://cdn.intermarche.pt/pt/Content/images/boitmal/produit/zoom/146CAD3D67B7CC39309BD7B902FC5A63.jpg,,/product/tablete-de-chocolate-meio-amargo/7614500010617
39427,"Milka chocolate tablet cocoa, embalagem de 100g",7622201106621,10746,10049,,Milka,,"19,90€/Kg","1,99€",https://cdn.intermarche.pt/pt/Content/images/boitmal/produit/zoom/B7CFF6D75C915283D1BC7A9FA7DC7501.jpg,,/product/milka-chocolate-tablet-cocoa-embalagem-de-100g/7622201106621
53014,"Tablete chocolate preto com framboesa e avelã 70% cacau, 100g",7610400090957,10746,10049,,Lindt,,"39,90€/Kg","3,99€",https://cdn.intermarche.pt/pt/Content/images/boitmal/produit/zoom/81F086CD4AC2666F9E4F3DDACB998A47.jpg,,/product/tablete-chocolate-preto-com-framboesa-e-avela-70%25-cacau-100g/7610400090957
53015,"Tablete chocolate preto com caramelo e flor de sal 70% cacau, 100g",7610400090933,10746,10049,,Lindt,,"39,90€/Kg","3,99€",https://cdn.intermarche.pt/pt/Content/images/boitmal/produit/zoom/A813914A06481DD8002C15418305484F.jpg,,/product/tablete-chocolate-preto-com-caramelo-e-flor-de-sal-70%25-cacau-100g/7610400090933
48148,Tablete de chocolate negro 74% cacau,5604260322848,10746,10049,Embalagem de 100 g,PorSi Select,,"16,90€/Kg","1,69€",https://cdn.intermarche.pt/pt/Content/images/boitmal/produit/zoom/6E5261B1D47E3033166DBEE63A393E7A.jpg,,/product/tablete-de-chocolate-negro-74%25-cacau/5604260322848
792,Tablete de chocolate branco,4025700001962,10747,10049,Embalagem de 100g,Milka,,"15,90€/Kg","1,59€",https://cdn.intermarche.pt/pt/Content/images/boitmal/produit/zoom/448E206EC3DA3A6C8D51D02D6C9C46F1.jpg,2024-11-27T23:59:59.999Z,/product/tablete-de-chocolate-branco/4025700001962
2646,"Chocolate branco, embalagem de 130g",8000500121436,10747,10049,,Kinder,,"18,72€/Kg","2,19€",https://cdn.intermarche.pt/pt/Content/images/boitmal/produit/zoom/CD5BFC26BD8B86E8E1FD2572F77D4C70.jpg,2024-11-27T23:59:59.999Z,/product/chocolate-branco-embalagem-de-130g/8000500121436
7578,Tablete de chocolate branco,4000415856601,10747,10049,Embalagem de 100g,Schogetten,,"14,40€/Kg","1,44€",https://cdn.intermarche.pt/pt/Content/images/boitmal/produit/zoom/BB4F2E45B239015D82610C2EA8CB3413.jpg,,/product/tablete-de-chocolate-branco/4000415856601
37498,"Tablete chocolate branco, 100g",5604260292745,10747,10049,,PorSi,,"13,50€/Kg","1,35€",https://cdn.intermarche.pt/pt/Content/images/boitmal/produit/zoom/5F26B641F7B3620325E032B987B6A068.jpg,,/product/tablete-chocolate-branco-100g/5604260292745
52904,"Chocolate Extrafino Filipinos Branco, 84g",8445290926029,10747,10049,,Nestlé,,"20,12€/Kg","1,69€",https://cdn.intermarche.pt/pt/Content/images/boitmal/produit/zoom/E120C8BF5434763B5E3155415B02A155.jpg,,/product/chocolate-extrafino-filipinos-branco-84g/8445290926029
25867,"Tablete de chocolate branco, embalagem de 100g",4005500534600,10747,10049,,Crunch,,"26,90€/Kg","2,69€",https://cdn.intermarche.pt/pt/Content/images/boitmal/produit/zoom/7A2083BB2AB95CD5C6F336E859964865.jpg,,/product/tablete-de-chocolate-branco-embalagem-de-100g/4005500534600
286,"Kinder bueno chocolate branco, embalagem de 40g",80761761,10747,10049,,Kinder,,"29,07€/Kg","1,25€",https://cdn.intermarche.pt/pt/Content/images/boitmal/produit/zoom/993E3142FDB97A2129E3343FF32BA9B9.jpg,,/product/kinder-bueno-chocolate-branco-embalagem-de-40g/0000080761761
43290,"Chocolate branco e óreo, embalagem de 100g",7622201109615,10747,10049,,Milka,,"19,90€/Kg","1,99€",https://cdn.intermarche.pt/pt/Content/images/boitmal/produit/zoom/3A1D00D562B8D4267A1C9A9A8257B353.jpg,,/product/chocolate-branco-e-oreo-embalagem-de-100g/7622201109615
52081,Twix snack de chocolate branco 46 g,5000159486972,10747,10049,,Twix,,"29,35€/Kg","1,35€",https://cdn.intermarche.pt/pt/Content/images/boitmal/produit/zoom/4BA8BA2B58A7A15BCB97FC51AB2EF6C3.jpg,,/product/twix-snack-de-chocolate-branco-46-g/5000159486972
48677,Chocolate Branco Milkybar,8000300371031,10747,10049,Embalagem de 100g,Nestlé,,"23,90€/Kg","2,39€",https://cdn.intermarche.pt/pt/Content/images/boitmal/produit/zoom/2D3745C2E6BFCB0483EA49F17EC56D16.jpg,,/product/chocolate-branco-milkybar/8000300371031
51806,"Tablete chocolate branco, embalagem de 90 g",8000500359884,10747,10049,,Ferrero Rocher,,"33,22€/Kg","2,99€",https://cdn.intermarche.pt/pt/Content/images/boitmal/produit/zoom/613205E879F5E64277FDEB8438B8429D.jpg,,/product/tablete-chocolate-branco-embalagem-de-90-g/8000500359884
26600,Tablete de chocolate leite c/ avelãs,7622210693266,10751,10049,Embalagem de 270g,Milka,,"12,93€/Kg","3,49€",https://cdn.intermarche.pt/pt/Content/images/boitmal/produit/zoom/719CC28901F8BB7348667EFCC4BB476A.jpg,2024-11-27T23:59:59.999Z,/product/tablete-de-chocolate-leite-c-ou-avelas/7622210693266
21345,"Tablete de chocolate caramel peanut, embalagem de 280g",7622210612267,10751,10049,,Milka,,"12,64€/Kg","3,49€",https://cdn.intermarche.pt/pt/Content/images/boitmal/produit/zoom/5C225F91A945216508E3B134665F9858.jpg,2024-11-27T23:59:59.999Z,/product/tablete-de-chocolate-caramel-peanut-embalagem-de-280g/7622210612267
2586,"Tablete de chocolate caramelo e avelã, embalagem de 300g",7622300134532,10751,10049,,Milka,,"11,63€/Kg","3,49€",https://cdn.intermarche.pt/pt/Content/images/boitmal/produit/zoom/A1FE4A561B5A263EA7EFD1009E1AA7AB.jpg,2024-11-27T23:59:59.999Z,/product/tablete-de-chocolate-caramelo-e-avela-embalagem-de-300g/7622300134532
29726,Tablete de chocolate amêndoa e caramelo,7622210834003,10751,10049,Embalagem de 300g,Milka,,"11,63€/Kg","3,49€",https://cdn.intermarche.pt/pt/Content/images/boitmal/produit/zoom/5F4793EDA4B429BD638EF0BC64C44945.jpg,2024-11-27T23:59:59.999Z,/product/tablete-de-chocolate-amendoa-e-caramelo/7622210834003
34898,"Tablete de chocolate amendoim, 90 g",8593893755154,10751,10049,,Nestlé,,"16,56€/Kg","1,49€",https://cdn.intermarche.pt/pt/Content/images/boitmal/produit/zoom/449013C4B28A1EB7B546FAF77B48BC70.jpg,2024-11-27T23:59:59.999Z,/product/tablete-de-chocolate-amendoim-90-g/8593893755154
7586,"Tablete de chocolate, leite com avelãs",4000607851001,10751,10049,Embalagem de 100g,Schogetten,,"14,40€/Kg","1,44€",https://cdn.intermarche.pt/pt/Content/images/boitmal/produit/zoom/A76CBC7AD631E0F9A49F005667C29003.jpg,,/product/tablete-de-chocolate-leite-com-avelas/4000607851001
42235,"Tablete de chocolate de leite com amêndoas, 100 g",5604260292776,10751,10049,,PorSi,,"11,90€/Kg","1,19€",https://cdn.intermarche.pt/pt/Content/images/boitmal/produit/zoom/85BF87684A8152785B5A4DE7BC089D09.jpg,,/product/tablete-de-chocolate-de-leite-com-amendoas-100-g/5604260292776
41778,Tablete de chocolate de leite com amêndoas - sem açúcar,5604260308033,10751,10049,Embalagem de 100 g,PorSi Viva Bem,,"14,90€/Kg","1,49€",https://cdn.intermarche.pt/pt/Content/images/boitmal/produit/zoom/A3CCE70722E3E70B5DCCB1282E26A3C0.jpg,,/product/tablete-de-chocolate-de-leite-com-amendoas-sem-acucar/5604260308033
42957,Tablete de chocolate leite com amêndoas,5604260308576,10751,10049,200 g,PorSi Select,,"11,45€/Kg","2,29€",https://cdn.intermarche.pt/pt/Content/images/boitmal/produit/zoom/44C34F0ACA18F3216BBCCAA771D78F40.jpg,,/product/tablete-de-chocolate-leite-com-amendoas/5604260308576
36705,Tablete de chocolate com avelãs,5604260292752,10751,10049,Embalagem de 100 g,PorSi,,"11,90€/Kg","1,19€",https://cdn.intermarche.pt/pt/Content/images/boitmal/produit/zoom/41BB4A827AC713438138CD774DA17370.jpg,,/product/tablete-de-chocolate-com-avelas/5604260292752
42958,Tablete de chocolate leite com avelã,5604260308590,10751,10049,200 g,PorSi Select,,"11,45€/Kg","2,29€",https://cdn.intermarche.pt/pt/Content/images/boitmal/produit/zoom/869EFB3C8F5800EA3F44CA820A22A20F.jpg,,/product/tablete-de-chocolate-leite-com-avela/5604260308590
22414,"Tablete de chocolate extra fina leite/avelã, embalagem de 120g",7613035268364,10751,10049,,Nestlé,,"20,24€/Kg","2,49€",https://cdn.intermarche.pt/pt/Content/images/boitmal/produit/zoom/7736CE4E28C5141493617380C6AC07C4.jpg,,/product/tablete-de-chocolate-extra-fina-leite-ou-avela-embalagem-de-120g/7613035268364
11132,"Bombons de chocolate, praleine",4000415851705,10751,10049,Embalagem de 100g,Schogetten,,"13,80€/Kg","1,38€",https://cdn.intermarche.pt/pt/Content/images/boitmal/produit/zoom/385FD0BFD3F12650D650DAECAB4A0D1D.jpg,,/product/bombons-de-chocolate-praleine/4000415851705
2550,Tablete de chocolate de leite,7614500010013,10751,10049,Embalagem de 100g,Toblerone,,"32,90€/Kg","3,29€",https://cdn.intermarche.pt/pt/Content/images/boitmal/produit/zoom/24ECD834AC250A4E2C68F6B3A51B9E03.jpg,,/product/tablete-de-chocolate-de-leite/7614500010013
48722,"Tablete chocolate de leite e avelã, embalagem de 90g",8000500359488,10751,10049,,Ferrero Rocher,,"31,00€/Kg","2,79€",https://cdn.intermarche.pt/pt/Content/images/boitmal/produit/zoom/DAF1F9A6C85F5C727271CDB738885F5C.jpg,,/product/tablete-chocolate-de-leite-e-avela-embalagem-de-90g/8000500359488
22415,"Tablete de chocolate leite e amêndoa, 120g",7613035314016,10751,10049,,Nestlé,,"15,37€/Kg","1,89€",https://cdn.intermarche.pt/pt/Content/images/boitmal/produit/zoom/C4435238A0B880B5B84CDD571DB00FAD.jpg,,/product/tablete-de-chocolate-leite-e-amendoa-120g/7613035314016
34557,"Barra de chocolate leite, 35g",76145759,10751,10049,,Toblerone,,"34,00€/Kg","1,19€",https://cdn.intermarche.pt/pt/Content/images/boitmal/produit/zoom/0E2B1412174DAD86BD0A904FE5DB3AEF.jpg,,/product/barra-de-chocolate-leite-35g/0000076145759
37707,"Chocolate de leite com caramelo e amendoim, embalagem de 90g",7622210822383,10751,10049,,Milka,,"22,11€/Kg","1,99€",https://cdn.intermarche.pt/pt/Content/images/boitmal/produit/zoom/22B3F6C03528779C95C5539369E4F2C3.jpg,,/product/chocolate-de-leite-com-caramelo-e-amendoim-embalagem-de-90g/7622210822383
41324,Chocolate de leite e amêndoas,8410172652600,10751,10049,Embalagem de 125g,Milka,,"17,52€/Kg","2,19€",https://cdn.intermarche.pt/pt/Content/images/boitmal/produit/zoom/2E0665E299EA0A1F9C5B24FC8AE2C6F2.jpg,,/product/chocolate-de-leite-e-amendoas/8410172652600
48723,"Tablete chocolate negro com avelâ, embalagem de 90g",8000500359815,10751,10049,,Ferrero Rocher,,"33,22€/Kg","2,99€",https://cdn.intermarche.pt/pt/Content/images/boitmal/produit/zoom/70A437D223DC1891B765906BCF5A7B6E.jpg,,/product/tablete-chocolate-negro-com-avela-embalagem-de-90g/8000500359815
48724,"Tablete coco e amêndoa, embalagem de 90g",8000500359556,10751,10049,,Raffaello,,"33,22€/Kg","2,99€",https://cdn.intermarche.pt/pt/Content/images/boitmal/produit/zoom/A6628DBB759AC5BC26DB99EA7EF52D12.jpg,,/product/tablete-coco-e-amendoa-embalagem-de-90g/8000500359556
51357,"Snack Chocolate e Amendoim Lion, 5un.",7613287199577,10751,10049,,Lion,,"24,45€/Kg","3,79€",https://cdn.intermarche.pt/pt/Content/images/boitmal/produit/zoom/2E9654900A2E8FCD82413E0B8BB77671.jpg,,/product/snack-chocolate-e-amendoim-lion-5un./7613287199577
2723,Chupa sortidos s/ açúcar,8410031944839,11748,10049,Embalagem de 70g,Chupa Chups,,"36,29€/Kg","2,54€",https://cdn.intermarche.pt/pt/Content/images/boitmal/produit/zoom/67980CE751DDC4BA0081AF7E6B5D1A54.jpg,2024-11-27T23:59:59.999Z,/product/chupa-sortidos-s-ou-acucar/8410031944839
2722,"Chupa original, embalagem de 120g",8410031132519,11748,10049,,Chupa Chups,,"20,75€/Kg","2,49€",https://cdn.intermarche.pt/pt/Content/images/boitmal/produit/zoom/D2F28C30A0D1CE43806B0B75F083CD2C.jpg,2024-11-27T23:59:59.999Z,/product/chupa-original-embalagem-de-120g/8410031132519
12449,"Rebuçados de Eucalipto sem Açúcar, Pack 4 x 32 g",8416400906132,11748,10049,,Halls,,"24,92€/Kg","3,19€",https://cdn.intermarche.pt/pt/Content/images/boitmal/produit/zoom/168A751B667830B6AE695005ADEBEA4A.jpg,,/product/rebucados-de-eucalipto-sem-acucar-pack-4-x-32-g/8416400906132
44039,Rebuçados de mentol,5604260312030,11748,10049,Embalagem de 450g,PorSi,,"5,09€/Kg","2,29€",https://cdn.intermarche.pt/pt/Content/images/boitmal/produit/zoom/4513E417AFE296E6EC0BBA7AD73C623C.jpg,,/product/rebucados-de-mentol/5604260312030
25397,"Gomas favoritos açúcar, 90g",8426617014032,11748,10049,,Haribo,,"15,33€/Kg","1,38€",https://cdn.intermarche.pt/pt/Content/images/boitmal/produit/zoom/CB2D3A429B70394C527322D309B14285.jpg,,/product/gomas-favoritos-acucar-90g/8426617014032
25811,"Gomas favoritos pica, 90g",8426617013400,11748,10049,,Haribo,,"15,33€/Kg","1,38€",https://cdn.intermarche.pt/pt/Content/images/boitmal/produit/zoom/F06F3E48CABC66B0D25DCF6D4ADB977F.jpg,,/product/gomas-favoritos-pica-90g/8426617013400
28189,Halls vita c morango sem açúcar,84164766,11748,10049,Embalagem de 32 g,Halls,,"30,94€/Kg","0,99€",https://cdn.intermarche.pt/pt/Content/images/boitmal/produit/zoom/68E768794081A6D4B06BDC255345002B.jpg,,/product/halls-vita-c-morango-sem-acucar/0000084164766
43974,Gomas amoras,5604260313648,11748,10049,Embalagem de 300 g,PorSi,,"6,30€/Kg","1,89€",https://cdn.intermarche.pt/pt/Content/images/boitmal/produit/zoom/C1DCA72979EEF0661DC89812E00F5922.jpg,,/product/gomas-amoras/5604260313648
43977,Gomas brilho,5604260313655,11748,10049,Embalagem de 300 g,PorSi,,"5,63€/Kg","1,69€",https://cdn.intermarche.pt/pt/Content/images/boitmal/produit/zoom/8560B014A5D2C7D66530D0CCCD0B2EA3.jpg,,/product/gomas-brilho/5604260313655
43980,Gomas tijolos ácidos,5604260313631,11748,10049,Embalagem de 300 g,PorSi,,"6,30€/Kg","1,89€",https://cdn.intermarche.pt/pt/Content/images/boitmal/produit/zoom/53384890085EE7D4C4841349E3EC7FA2.jpg,,/product/gomas-tijolos-acidos/5604260313631
785,"Caramelos de nata com recheio, embalagem de 140g",4014400909876,11748,10049,,Werthers,,"22,15€/Kg","2,99€",https://cdn.intermarche.pt/pt/Content/images/boitmal/produit/zoom/EA90894C99C3CB3B8D0700E245E90C7A.jpg,,/product/caramelos-de-nata-com-recheio-embalagem-de-140g/4014400909876
43979,Gomas tubarões,5604260313587,11748,10049,Embalagem de 300 g,PorSi,,"6,30€/Kg","1,89€",https://cdn.intermarche.pt/pt/Content/images/boitmal/produit/zoom/7FFC624E3AADBAEFA0C0852517893D79.jpg,,/product/gomas-tubaroes/5604260313587
43984,Gomas açúcar,5604260313679,11748,10049,Embalagem de 300 g,PorSi,,"5,63€/Kg","1,69€",https://cdn.intermarche.pt/pt/Content/images/boitmal/produit/zoom/F0CE90C94ED4786E1013CE1F3CED0C90.jpg,,/product/gomas-acucar/5604260313679
43975,Gomas bananas,5604260313600,11748,10049,Embalagem de 300 g,PorSi,,"6,30€/Kg","1,89€",https://cdn.intermarche.pt/pt/Content/images/boitmal/produit/zoom/9D7F2581665D08C7908CE89759530DDC.jpg,,/product/gomas-bananas/5604260313600
25808,"Gomas ositos de oro, embalagem de 100g",8426617002510,11748,10049,,Haribo,,"13,80€/Kg","1,38€",https://cdn.intermarche.pt/pt/Content/images/boitmal/produit/zoom/D25D6900B46F8C2565F09DD42E0CDF4D.jpg,,/product/gomas-ositos-de-oro-embalagem-de-100g/8426617002510
43983,Gomas ácido,5604260313662,11748,10049,Embalagem de 300 g,PorSi,,"5,63€/Kg","1,69€",https://cdn.intermarche.pt/pt/Content/images/boitmal/produit/zoom/2F0D2FE42E634392BE55F1E1CBD4231D.jpg,,/product/gomas-acido/5604260313662
43981,Gomas ovinhos,5604260313563,11748,10049,Embalagem de 300 g,PorSi,,"5,97€/Kg","1,79€",https://cdn.intermarche.pt/pt/Content/images/boitmal/produit/zoom/1D1A1E244E30E76779D68C6B2C1368E1.jpg,,/product/gomas-ovinhos/5604260313563
43976,Gomas beijinhos,5604260313594,11748,10049,Embalagem de 300 g,PorSi,,"5,97€/Kg","1,79€",https://cdn.intermarche.pt/pt/Content/images/boitmal/produit/zoom/A76CB38AD71BF052F0DC2360871310B1.jpg,,/product/gomas-beijinhos/5604260313594
43978,"Gomas minhocas ácidas, 300 g",5604260313617,11748,10049,,PorSi,,"5,80€/Kg","1,74€",https://cdn.intermarche.pt/pt/Content/images/boitmal/produit/zoom/5E9B7D3AD827BAF61737312665D6C032.jpg,,/product/gomas-minhocas-acidas-300-g/5604260313617
18089,"Rebuçados peitorais, 200g",5601398052005,11748,10049,,Dr. Bayard,,"11,45€/Kg","2,29€",https://cdn.intermarche.pt/pt/Content/images/boitmal/produit/zoom/A11523994D21582AD874803F9153DC27.jpg,,/product/rebucados-peitorais-200g/5601398052005
1997,Caramelos de fruta,5604260094905,11748,10049,Embalagem de 250g,PorSi,,"5,56€/Kg","1,39€",https://cdn.intermarche.pt/pt/Content/images/boitmal/produit/zoom/DF0436392271A3BC3BE411F165A9DE9E.jpg,,/product/caramelos-de-fruta/5604260094905
43982,Gomas ursinhos,5604260313570,11748,10049,Embalagem de 200 g,PorSi,,"8,45€/Kg","1,69€",https://cdn.intermarche.pt/pt/Content/images/boitmal/produit/zoom/6D9CFC1E604C99BE6474F209361ECAD6.jpg,,/product/gomas-ursinhos/5604260313570
44040,Caramelos de fruta,5604260312047,11748,10049,Embalagem de 450g,PorSi,,"5,09€/Kg","2,29€",https://cdn.intermarche.pt/pt/Content/images/boitmal/produit/zoom/BD71822C93486A4AA676D69ADCC0C45F.jpg,,/product/caramelos-de-fruta/5604260312047
46797,Marshmallows,5604260317325,11748,10049,Embalagem de 300 g,PorSi,,"6,63€/Kg","1,99€",https://cdn.intermarche.pt/pt/Content/images/boitmal/produit/zoom/2AAEBD80739D749E66A1B86B4509AAEE.jpg,,/product/marshmallows/5604260317325
1999,Rebuçados drops recheio de fruta,5604260094929,11748,10049,Embalagem de 250g,PorSi,,"5,96€/Kg","1,49€",https://cdn.intermarche.pt/pt/Content/images/boitmal/produit/zoom/D9CB2E9C11298A95677628445122DD5B.jpg,,/product/rebucados-drops-recheio-de-fruta/5604260094929
2003,Rebuçados de mentol,5604260094967,11748,10049,Embalagem de 250g,PorSi,,"5,96€/Kg","1,49€",https://cdn.intermarche.pt/pt/Content/images/boitmal/produit/zoom/208DDFA3C1D127DD06B62A2ECC5620AB.jpg,,/product/rebucados-de-mentol/5604260094967
16459,Rebuçados mel e limão,5604260277131,11748,10049,Embalagem de 200g,PorSi,,"5,75€/Kg","1,15€",https://cdn.intermarche.pt/pt/Content/images/boitmal/produit/zoom/481A1ECC63B40929E9879440109FADEC.jpg,,/product/rebucados-mel-e-limao/5604260277131
1998,Caramelos de nata,5604260094912,11748,10049,Embalagem de 250g,PorSi,,"5,96€/Kg","1,49€",https://cdn.intermarche.pt/pt/Content/images/boitmal/produit/zoom/3C3FB4A7C0C25BE06DBF6EF14C3D1695.jpg,,/product/caramelos-de-nata/5604260094912
2002,Rebuçados cristais de neve,5604260094950,11748,10049,Embalagem de 250g,PorSi,,"5,56€/Kg","1,39€",https://cdn.intermarche.pt/pt/Content/images/boitmal/produit/zoom/16758B5E53212994B36E84E7BA526E0B.jpg,,/product/rebucados-cristais-de-neve/5604260094950
25812,"Gomas starmix, 90g",8426617013455,11748,10049,,Haribo,,"15,33€/Kg","1,38€",https://cdn.intermarche.pt/pt/Content/images/boitmal/produit/zoom/6069DF2B2FD88763E78D26B941394462.jpg,,/product/gomas-starmix-90g/8426617013455
8845,"Caramelos de fruta, embalagem de 100g",5601283141302,11748,10049,,Penha,,"15,90€/Kg","1,59€",https://cdn.intermarche.pt/pt/Content/images/boitmal/produit/zoom/BC005EC01DFB398E26B3BEB4FC1E1AC9.jpg,,/product/caramelos-de-fruta-embalagem-de-100g/5601283141302
25814,"Gomas spaghetti pica morango, 80g",8426617003432,11748,10049,,Haribo,,"18,40€/Kg","1,38€",https://cdn.intermarche.pt/pt/Content/images/boitmal/produit/zoom/F44C50C774E95F3A4B8E8CF6D4301678.jpg,,/product/gomas-spaghetti-pica-morango-80g/8426617003432
29653,"Rebuçados sem açúcar, mel/limão",7622210698001,11748,10049,Embalagem de 128 g,Halls,,"24,92€/Kg","3,19€",https://cdn.intermarche.pt/pt/Content/images/boitmal/produit/zoom/DE91D23051C2BCE372A263A6E387ABF6.jpg,,/product/rebucados-sem-acucar-mel-ou-limao/7622210698001
46081,Chupas Party Mix,5604260316861,11748,10049,150 g,PorSi,,"10,60€/Kg","1,59€",https://cdn.intermarche.pt/pt/Content/images/boitmal/produit/zoom/82E0636ED729C72B7801EFFA748718C0.jpg,,/product/chupas-party-mix/5604260316861
46473,Rebuçados de frutas sem açúcar,5604260314713,11748,10049,115 g,PorSi,,"12,61€/Kg","1,45€",https://cdn.intermarche.pt/pt/Content/images/boitmal/produit/zoom/A35AD41CC07B47ED7304C6FE8B917A2D.jpg,,/product/rebucados-de-frutas-sem-acucar/5604260314713
786,"Caramelos de nata, embalagem de 140g",4014400910063,11748,10049,,Werthers,,"24,07€/Kg","3,25€",https://cdn.intermarche.pt/pt/Content/images/boitmal/produit/zoom/F033619D76A01839663DA59AE36659B5.jpg,,/product/caramelos-de-nata-embalagem-de-140g/4014400910063
17536,"Rebuçados peitorais, 100g",5601398051008,11748,10049,,Dr. Bayard,,"12,90€/Kg","1,29€",https://cdn.intermarche.pt/pt/Content/images/boitmal/produit/zoom/7226D480C19D4A079583BED57B4AAD51.jpg,,/product/rebucados-peitorais-100g/5601398051008
2303,Rebuçados mini café,5604260271634,11748,10049,Embalagem de 200g,PorSi,,"6,95€/Kg","1,39€",https://cdn.intermarche.pt/pt/Content/images/boitmal/produit/zoom/1C1E43848D5D7B7052454A225550A071.jpg,,/product/rebucados-mini-cafe/5604260271634
25114,"Gomas funky mix, embalagem de 100g",8426617014087,11748,10049,,Haribo,,"13,80€/Kg","1,38€",https://cdn.intermarche.pt/pt/Content/images/boitmal/produit/zoom/C31DA74D90BF43FEBCEBB855C6649FB7.jpg,,/product/gomas-funky-mix-embalagem-de-100g/8426617014087
3501,Rebuçados mentho-lyus sem açúcar,84164391,11748,10049,Embalagem de 31 g,Halls,,"31,94€/Kg","0,99€",https://cdn.intermarche.pt/pt/Content/images/boitmal/produit/zoom/37047C8D31BF293C7580501FFCE9C3DB.jpg,,/product/rebucados-mentho-lyus-sem-acucar/0000084164391
28188,Pastilhas Max Splash Morango e Lima,52016363,11749,10049,Embalagem de 22 g,Trident,,"49,55€/Kg","1,09€",https://cdn.intermarche.pt/pt/Content/images/boitmal/produit/zoom/D43519BC0003E31EB2445776BEA016B3.jpg,,/product/pastilhas-max-splash-morango-e-lima/0000052016363
33116,Halls canela,52100499,11749,10049,32 g,Halls,,"30,94€/Kg","0,99€",https://cdn.intermarche.pt/pt/Content/images/boitmal/produit/zoom/32F56F0E41853B1F04DD99D38B410729.jpg,,/product/halls-canela/0000052100499
51907,"Trident oral-b spearmint gum r, 68g",7622201815677,11749,10049,,Trident,,"52,65€/Kg","3,58€",https://cdn.intermarche.pt/pt/Content/images/boitmal/produit/zoom/FBC4F35C467A35071F0FA34ED5CF58D7.jpg,,/product/trident-oral-b-spearmint-gum-r-68g/7622201815677
53186,"Pastilhas Watermelon sem Açúcar, 20g",7622210607614,11749,10049,,Trident,,"54,50€/Kg","1,09€",https://cdn.intermarche.pt/pt/Content/images/boitmal/produit/zoom/2B58008D16EC14068A5156063F959731.jpg,,/product/pastilhas-watermelon-sem-acucar-20g/7622210607614
18181,Pastilhas ice spearmint,7622210461162,11749,10049,Embalagem de 17 g,Chiclets,,"58,24€/Kg","0,99€",https://cdn.intermarche.pt/pt/Content/images/boitmal/produit/zoom/B436A9C74A2095A0E0D87017FBC1065B.jpg,,/product/pastilhas-ice-spearmint/7622210461162
36500,"Pastilhas de menta trident white, 82 g",7622210686916,11749,10049,,Trident,,"36,46€/Kg","2,99€",https://cdn.intermarche.pt/pt/Content/images/boitmal/produit/zoom/874EE52BE4D91B6B18FD83B93D1A020C.jpg,,/product/pastilhas-de-menta-trident-white-82-g/7622210686916
25869,Pastilha Elástica Bottle Morango,7622210642660,11749,10049,Embalagem de 82 g,Trident,,"36,46€/Kg","2,99€",https://cdn.intermarche.pt/pt/Content/images/boitmal/produit/zoom/903A5F5816817EFF091CDD2B182D5C95.jpg,,/product/pastilha-elastica-bottle-morango/7622210642660
36501,Pastilhas de menta fresca sem açúcar,7622210642707,11749,10049,Embalagem com 82 g,Trident,,"36,02€/Kg","2,99€",https://cdn.intermarche.pt/pt/Content/images/boitmal/produit/zoom/EF79D8DDCEA1125334ECE00F4BABD11B.jpg,,/product/pastilhas-de-menta-fresca-sem-acucar/7622210642707
53084,"Pastilhas Oral B White, 68g",7622201689520,11749,10049,,Trident,,"51,32€/Kg","3,49€",https://cdn.intermarche.pt/pt/Content/images/boitmal/produit/zoom/3555BD24EA483396F1F21E5FA9231386.jpg,,/product/pastilhas-oral-b-white-68g/7622201689520
18182,Chiclets morango 16.8g,7622210461179,11749,10049,Embalagem de 20g,Chiclets,,"61,88€/Kg","0,99€",https://cdn.intermarche.pt/pt/Content/images/boitmal/produit/zoom/A30E0C789B541A002A27173FBE95BD83.jpg,,/product/chiclets-morango-16.8g/7622210461179
25868,Pastilha Elástica Bottle Spearmint,7622210642776,11749,10049,Embalagem de 82 g,Trident,,"36,46€/Kg","2,99€",https://cdn.intermarche.pt/pt/Content/images/boitmal/produit/zoom/B39330BDF53697FDBACBF5BD77636C87.jpg,,/product/pastilha-elastica-bottle-spearmint/7622210642776
28161,"Pastilhas de morango, 25 g",7622210644244,11749,10049,,Trident,,"47,60€/Kg","1,19€",https://cdn.intermarche.pt/pt/Content/images/boitmal/produit/zoom/2D3C19CA95FFCF89533A456FD0775D36.jpg,,/product/pastilhas-de-morango-25-g/7622210644244
51906,"Pastilhas white spearmint sugar free, 56g",7622201814151,11749,10049,,Trident,,"50,89€/Kg","2,85€",https://cdn.intermarche.pt/pt/Content/images/boitmal/produit/zoom/E117A24911068AEDE8631DD735378C5D.jpg,,/product/pastilhas-white-spearmint-sugar-free-56g/7622201814151
53131,"Pastilhas de Menta sem Açúcar, 14g",7622201815011,11749,10049,,Trident,,"70,71€/Kg","0,99€",https://cdn.intermarche.pt/pt/Content/images/boitmal/produit/zoom/9C811A10B718DA71A9D4BDDB7FA5EC7B.jpg,,/product/pastilhas-de-menta-sem-acucar-14g/7622201815011
18183,Pastilhas peppermint,7622210461186,11749,10049,Embalagem de 17 g,Chiclets,,"58,24€/Kg","0,99€",https://cdn.intermarche.pt/pt/Content/images/boitmal/produit/zoom/D17217BC81BFAB801E129EB7BDE6DC52.jpg,,/product/pastilhas-peppermint/7622210461186
20556,Pastilhas fire canela,7622210461155,11749,10049,Embalagem de 16 g,Chiclets,,"61,88€/Kg","0,99€",https://cdn.intermarche.pt/pt/Content/images/boitmal/produit/zoom/2C6BD20A7ED604F527E9EDCE7535E496.jpg,,/product/pastilhas-fire-canela/7622210461155
26601,Senses Watermelon,84199133,11749,10049,1 un.,Trident,,"0,99€/Unidade","0,99€",https://cdn.intermarche.pt/pt/Content/images/boitmal/produit/zoom/A161B24C9BE961AB00C1D364486FB968.jpg,,/product/senses-watermelon/0000084199133
2724,"Pastilhas peppermint, embalagem de 35g",8410031945737,11749,10049,,Smint,,"68,29€/Kg","2,39€",https://cdn.intermarche.pt/pt/Content/images/boitmal/produit/zoom/7AB2317F2CB2E9DB27E4CCB0443A0DCC.jpg,,/product/pastilhas-peppermint-embalagem-de-35g/8410031945737
27553,Trident senses spearmint,84199126,11749,10049,,Trident,,"43,04€/Kg","0,99€",https://cdn.intermarche.pt/pt/Content/images/boitmal/produit/zoom/BBE88A24C8C7B41BBB293A255A92F1BF.jpg,,/product/trident-senses-spearmint/0000084199126
28308,Pastilhas Senses Berry,84199119,11749,10049,Embalagem de 23 g,Trident,,"43,04€/Kg","0,99€",https://cdn.intermarche.pt/pt/Content/images/boitmal/produit/zoom/23C8D11C8A0AFA8B62A133E5A92BA8A0.jpg,,/product/pastilhas-senses-berry/0000084199119
53129,"Pastilhas de Frutos Silvestres sem Açúcar, 14g",7622201814335,11749,10049,,Trident,,"70,71€/Kg","0,99€",https://cdn.intermarche.pt/pt/Content/images/boitmal/produit/zoom/1CD719092F667D54D369BA362FBBDB5C.jpg,,/product/pastilhas-de-frutos-silvestres-sem-acucar-14g/7622201814335
23098,"Pastilhas elásticas frost watermelon, 60 g",7622210612793,11749,10049,,Trident Max,,"46,50€/Kg","2,79€",https://cdn.intermarche.pt/pt/Content/images/boitmal/produit/zoom/CDFAF8A16C84E1AE9A4E4CABDAA01818.jpg,,/product/pastilhas-elasticas-frost-watermelon-60-g/7622210612793
25870,"Pastilha Elástica Bottle Frutos Vermelhos, 82 g",7622210642752,11749,10049,,Trident,,"36,46€/Kg","2,99€",https://cdn.intermarche.pt/pt/Content/images/boitmal/produit/zoom/367107D274F4C8FDF58C23A2F043B773.jpg,,/product/pastilha-elastica-bottle-frutos-vermelhos-82-g/7622210642752
26602,Senses Tropical,84199140,11749,10049,1 un.,Trident,,"0,99€/Unidade","0,99€",https://cdn.intermarche.pt/pt/Content/images/boitmal/produit/zoom/D55A21ABFA5F3B757ABBF255B2A831EF.jpg,,/product/senses-tropical/0000084199140
52020,"Trident oral-b gum white spearmint sugar free r, 17g",7622201690144,11749,10049,,Trident,,"70,00€/Kg","1,19€",https://cdn.intermarche.pt/pt/Content/images/boitmal/produit/zoom/8A1BF8D6983EEF3D53C2EA2C21924743.jpg,,/product/trident-oral-b-gum-white-spearmint-sugar-free-r-17g/7622201690144
53083,Pastilhas Elásticas Morango,56090581,11749,10049,Unidade de 32g,Gorila,,"20,31€/Kg","0,65€",https://cdn.intermarche.pt/pt/Content/images/boitmal/produit/zoom/C728BF819FA60738560E6C9C53AEB796.jpg,,/product/pastilhas-elasticas-morango/0000056090581
53128,"Pastilhas de Melão-Melancia sem Açúcar, 14g",7622201814571,11749,10049,,Trident,,"70,71€/Kg","0,99€",https://cdn.intermarche.pt/pt/Content/images/boitmal/produit/zoom/76863F35B7C3DFF2682B01831CCB0DBF.jpg,,/product/pastilhas-de-melao-melancia-sem-acucar-14g/7622201814571
2728,"Pastilhas de morango, embalagem de 35g",8410031948745,11749,10049,,Smint,,"68,29€/Kg","2,39€",https://cdn.intermarche.pt/pt/Content/images/boitmal/produit/zoom/571A4135BBDFCBB17BE791951EFCF8D6.jpg,,/product/pastilhas-de-morango-embalagem-de-35g/8410031948745
27523,Pastilhas Trident Senses Watermelon,7622210722867,11749,10049,6 x 23 g,Trident,,"40,43€/Kg","2,79€",https://cdn.intermarche.pt/pt/Content/images/boitmal/produit/zoom/ED0C642D9DF76507A537767216D654D9.jpg,,/product/pastilhas-trident-senses-watermelon/7622210722867
50668,"Pastilhas white spearmint sabor menta, 14,5 g",7622201814434,11749,10049,,Trident,,"70,71€/Kg","0,99€",https://cdn.intermarche.pt/pt/Content/images/boitmal/produit/zoom/D8E5B453C8CAB18DD0DB1883F14228D4.jpg,,/product/pastilhas-white-spearmint-sabor-menta-145-g/7622201814434
50669,"Trident fresh gum eucalyptus sugar free r, 14g",7622201777401,11749,10049,,Trident,,"70,71€/Kg","0,99€",https://cdn.intermarche.pt/pt/Content/images/boitmal/produit/zoom/741BDFB98183EF3ED71F55AC638A6B09.jpg,,/product/trident-fresh-gum-eucalyptus-sugar-free-r-14g/7622201777401
52178,"Trident spearmint gum r, 17g",7622201135430,11749,10049,,Trident,,"70,00€/Kg","1,19€",https://cdn.intermarche.pt/pt/Content/images/boitmal/produit/zoom/2DB11D6023042CFEDE2F30BAF7D98D4F.jpg,,/product/trident-spearmint-gum-r-17g/7622201135430
52987,"Pastilhas Sem Açúcar Peppermint, 68g",7622201763695,11749,10049,,Trident,,"48,38€/Kg","3,29€",https://cdn.intermarche.pt/pt/Content/images/boitmal/produit/zoom/276AC386B4F5CA51718F56EB507ABE22.jpg,,/product/pastilhas-sem-acucar-peppermint-68g/7622201763695
52988,"Pastilhas Sem Açúcar Spearmint, 68g",7622201763732,11749,10049,,Trident,,"48,38€/Kg","3,29€",https://cdn.intermarche.pt/pt/Content/images/boitmal/produit/zoom/B4AD2F96288C59369F8FA9FBB4A6720E.jpg,,/product/pastilhas-sem-acucar-spearmint-68g/7622201763732
53130,"Pastilhas de Morango sem Açúcar, 14g",7622201814472,11749,10049,,Trident,,"70,71€/Kg","0,99€",https://cdn.intermarche.pt/pt/Content/images/boitmal/produit/zoom/F87997BFA230E56F0E4A61454AFC9AE0.jpg,,/product/pastilhas-de-morango-sem-acucar-14g/7622201814472
53132,"Pastilhas de Hortelã sem Açúcar, 14g",7622201814519,11749,10049,,Trident,,"70,71€/Kg","0,99€",https://cdn.intermarche.pt/pt/Content/images/boitmal/produit/zoom/4DB41B8C747C14AACFA31E3379BED961.jpg,,/product/pastilhas-de-hortela-sem-acucar-14g/7622201814519
53135,"Pastilhas Peppermint sem Açúcar, 68g",7622201815714,11749,10049,,Trident,,"52,65€/Kg","3,58€",https://cdn.intermarche.pt/pt/Content/images/boitmal/produit/zoom/92C98173A9681BD13BC9713967EC124B.jpg,,/product/pastilhas-peppermint-sem-acucar-68g/7622201815714
53136,"Pastilhas de Extreme Mentol sem Açúcar, 56g",7622201778682,11749,10049,,Trident,,"49,82€/Kg","2,79€",https://cdn.intermarche.pt/pt/Content/images/boitmal/produit/zoom/6C31B6829BEF25EBB0C7490AD6F4537D.jpg,,/product/pastilhas-de-extreme-mentol-sem-acucar-56g/7622201778682
53164,"Pastilhas Peppermint sem Açúcar, 17g",7622201135232,11749,10049,,Trident,,"70,00€/Kg","1,19€",https://cdn.intermarche.pt/pt/Content/images/boitmal/produit/zoom/94AEC36079134D9EB3FAB0C694B64BE8.jpg,,/product/pastilhas-peppermint-sem-acucar-17g/7622201135232
53198,"Pastilhas Elásticas Spearmint, 25g",7622201814632,11749,10049,,Trident,,"47,60€/Kg","1,19€",https://cdn.intermarche.pt/pt/Content/images/boitmal/produit/zoom/7B3FF75AE753FBFE89B410C30E0D0CDE.jpg,,/product/pastilhas-elasticas-spearmint-25g/7622201814632
37619,"Azeitonas pretas sem caroço, frasco de 165 g",5604260300914,11727,10038,Embalagem de 165g,PorSi,,"7,21€/Kg","1,19€",https://cdn.intermarche.pt/pt/Content/images/boitmal/produit/zoom/DFC385C9E0FDB27D21733FE0DED18E44.jpg,,/product/azeitonas-pretas-sem-caroco-frasco-de-165-g/5604260300914
37618,Azeitonas verdes sem caroço,5604260300907,11727,10038,Frasco de 165 g,PorSi,,"7,82€/Kg","1,29€",https://cdn.intermarche.pt/pt/Content/images/boitmal/produit/zoom/513B0C33E89C72E0F915A86EF325E9AD.jpg,,/product/azeitonas-verdes-sem-caroco/5604260300907
40619,Azeitona verde com pimento,5604260300938,11727,10038,Frasco com 200 g,PorSi,,"6,25€/Kg","1,25€",https://cdn.intermarche.pt/pt/Content/images/boitmal/produit/zoom/0F68D872CA4589B7A32D8A70058710BF.jpg,,/product/azeitona-verde-com-pimento/5604260300938
40517,Azeitona preta,5604260297177,11727,10038,Embalagem de 560 g,PorSi,,"5,34€/Kg","2,99€",https://cdn.intermarche.pt/pt/Content/images/boitmal/produit/zoom/3BFBA9136772CCADCC908A0F4E4BFF12.jpg,,/product/azeitona-preta/5604260297177
40588,Azeitonas verdes gordal,5604260300983,11727,10038,210 g,PorSi,,"8,00€/Kg","1,68€",https://cdn.intermarche.pt/pt/Content/images/boitmal/produit/zoom/8EB45BDFE83D31E92A1A42D3F7217581.jpg,,/product/azeitonas-verdes-gordal/5604260300983
40590,Azeitonas pretas,5604260301263,11727,10038,210 g,PorSi,,"5,67€/Kg","1,19€",https://cdn.intermarche.pt/pt/Content/images/boitmal/produit/zoom/DF82C62A75ED4F41AC3A00FCE6476F42.jpg,,/product/azeitonas-pretas/5604260301263
42177,Azeitona galega mista inteira com orégãos,5604260306046,11727,10038,Embalagem de 300 g,PorSi,,"6,63€/Kg","1,99€",https://cdn.intermarche.pt/pt/Content/images/boitmal/produit/zoom/96198071E9285F366997D7BA8FCA35DF.jpg,,/product/azeitona-galega-mista-inteira-com-oregaos/5604260306046
40518,Tremoço médio,5604260298310,11727,10038,Embalagem de 350 g,PorSi,,"3,11€/Kg","1,09€",https://cdn.intermarche.pt/pt/Content/images/boitmal/produit/zoom/0FFE59D18555D97DE36FC2AA5CC1C2D1.jpg,,/product/tremoco-medio/5604260298310
40589,Azeitonas verdes,5604260301270,11727,10038,210 g,PorSi,,"5,19€/Kg","1,09€",https://cdn.intermarche.pt/pt/Content/images/boitmal/produit/zoom/2FE9044135339E37505C72ACB7FB8D90.jpg,,/product/azeitonas-verdes/5604260301270
40622,Azeitonas preta às rodelas,5604260300921,11727,10038,165 g,PorSi,,"8,42€/Kg","1,39€",https://cdn.intermarche.pt/pt/Content/images/boitmal/produit/zoom/BC6540940CBD38AA99E075B6485C8709.jpg,,/product/azeitonas-preta-as-rodelas/5604260300921
40519,Tremoço extra,5604260298327,11727,10038,Embalagem de 235 g,PorSi,,"5,06€/Kg","1,19€",https://cdn.intermarche.pt/pt/Content/images/boitmal/produit/zoom/AC195924B6169F41E7AAC123E65A46C5.jpg,,/product/tremoco-extra/5604260298327
40620,Azeitona verde com recheio de anchova,5604260300945,11727,10038,Frasco com 200 g,PorSi,,"12,45€/Kg","2,49€",https://cdn.intermarche.pt/pt/Content/images/boitmal/produit/zoom/920EFA8624208F96A42D8F59DFD4950B.jpg,,/product/azeitona-verde-com-recheio-de-anchova/5604260300945
42817,Azeitona mista,5604260300952,11727,10038,Embalagem de 210g,PorSi,,"7,57€/Kg","1,59€",https://cdn.intermarche.pt/pt/Content/images/boitmal/produit/zoom/C95607C0EEFB07597A530B802D75B76F.jpg,,/product/azeitona-mista/5604260300952
40559,Azeitonas verdes inteiras,5604260297184,11727,10038,Frasco de 560 g,PorSi,,"4,45€/Kg","2,49€",https://cdn.intermarche.pt/pt/Content/images/boitmal/produit/zoom/A3E338D8288506F6BD4F55CB8F971CF9.jpg,,/product/azeitonas-verdes-inteiras/5604260297184
45681,Azeitona verde rodelas,5604260312788,11727,10038,Embalagem de 165g,PorSi,,"8,18€/Kg","1,35€",https://cdn.intermarche.pt/pt/Content/images/boitmal/produit/zoom/E1AB90454079C1AAE5EA3BEB40AADDC5.jpg,,/product/azeitona-verde-rodelas/5604260312788
1498,Azeitona preta em frasco,5601378070319,11727,10038,Embalagem de 210g,Maçarico,,"12,81€/Kg","2,69€",https://cdn.intermarche.pt/pt/Content/images/boitmal/produit/zoom/FAB56B2312E4DF10E3113546F2F87576.jpg,,/product/azeitona-preta-em-frasco/5601378070319
40621,Azeitonas mistas inteiras ao natural galega,5604260300969,11727,10038,Frasco com 210 g,PorSi,,"8,05€/Kg","1,69€",https://cdn.intermarche.pt/pt/Content/images/boitmal/produit/zoom/9BBF5E89DD1AF57D79223CF2E5106B84.jpg,,/product/azeitonas-mistas-inteiras-ao-natural-galega/5604260300969
1499,Azeitona verde 200-231,5601378490315,11727,10038,Embalagem de 210g,Maçarico,,"14,24€/Kg","2,99€",https://cdn.intermarche.pt/pt/Content/images/boitmal/produit/zoom/65129350E112F6ADCEA97387A9568A74.jpg,,/product/azeitona-verde-200-231/5601378490315
42191,Milho doce,5604260308859,11728,10038,Embalagem de 3 x 140 g,PorSi,,"4,74€/Kg","1,99€",https://cdn.intermarche.pt/pt/Content/images/boitmal/produit/zoom/266EAC28722339A277E45CFD753A8D80.jpg,,/product/milho-doce/5604260308859
2312,Cogumelos laminados 1/2,5604260271832,11728,10038,Embalagem de 355 g,PorSi,,"3,35€/Kg","1,19€",https://cdn.intermarche.pt/pt/Content/images/boitmal/produit/zoom/60708037644026A27C2FB6731A0DAB33.jpg,,/product/cogumelos-laminados-1-ou-2/5604260271832
14137,Ervilhas cozidas,5604260302758,11728,10038,Embalagem 425 g,PorSi,,"3,16€/Kg","0,79€",https://cdn.intermarche.pt/pt/Content/images/boitmal/produit/zoom/470A13ECDECCC3C010CD597597AC4998.jpg,,/product/ervilhas-cozidas/5604260302758
1286,"Cogumelos cortados, lata de 290g",5601151248201,11728,10038,,Compal,,"5,14€/Kg","1,49€",https://cdn.intermarche.pt/pt/Content/images/boitmal/produit/zoom/CAFD530B09F6E4DEDBBC0C691C4427BE.jpg,,/product/cogumelos-cortados-lata-de-290g/5601151248201
35441,Cogumelos laminados,5604260291168,11728,10038,780 g,PorSi,,"2,81€/Kg","2,19€",https://cdn.intermarche.pt/pt/Content/images/boitmal/produit/zoom/7A81BC8B3B036AB47A77402AA6265B0C.jpg,,/product/cogumelos-laminados/5604260291168
42997,Ervilhas extra finas com cenoura,5604260309641,11728,10038,Embalagem de 400 g,PorSi,,"3,48€/Kg","1,39€",https://cdn.intermarche.pt/pt/Content/images/boitmal/produit/zoom/80BF3E2B840EEE2AE6FFCFF90C189F3F.jpg,,/product/ervilhas-extra-finas-com-cenoura/5604260309641
2314,Cogumelos inteiros,5604260271856,11728,10038,Embalagem de 355 g,PorSi,,"3,63€/Kg","1,29€",https://cdn.intermarche.pt/pt/Content/images/boitmal/produit/zoom/674586758C80AD6AE5C2D320F44396AF.jpg,,/product/cogumelos-inteiros/5604260271856
42994,Ervilhas extra finas,5604260309634,11728,10038,3 x 200 g,PorSi,,"4,65€/Kg","2,79€",https://cdn.intermarche.pt/pt/Content/images/boitmal/produit/zoom/881E128C3EB0A69AC4A9E6B2E05E3A25.jpg,,/product/ervilhas-extra-finas/5604260309634
44982,Ervilhas bio,5604260310883,11280,10119,Frasco com 290 g,PorSi Bio,,"9,94€/Kg","1,79€",https://cdn.intermarche.pt/pt/Content/images/boitmal/produit/zoom/5A7F78D251286393D68837DA62F62FC3.jpg,,/product/ervilhas-bio/5604260310883
42996,Ervilhas com cenoura,5604260309658,11728,10038,Embalagem de 3x200 g,PorSi,,"4,15€/Kg","2,49€",https://cdn.intermarche.pt/pt/Content/images/boitmal/produit/zoom/EC022E4D95123C36488ABAC4580E66A4.jpg,,/product/ervilhas-com-cenoura/5604260309658
46128,"Milho sem resíduos de pesticidas, embalagem de 450g",3083681137811,11728,10038,,Bonduelle,,"8,87€/Kg","3,99€",https://cdn.intermarche.pt/pt/Content/images/boitmal/produit/zoom/E6D97A8B55ABFCA716FA2F870A17E271.jpg,,/product/milho-sem-residuos-de-pesticidas-embalagem-de-450g/3083681137811
30477,"Milho doce, embalagem 3 x 75g",3083681070187,11728,10038,,Bonduelle,,"11,96€/Kg","2,69€",https://cdn.intermarche.pt/pt/Content/images/boitmal/produit/zoom/B88D91E26E2E4EC1AD4A37E6DC73B146.jpg,,/product/milho-doce-embalagem-3-x-75g/3083681070187
40583,Ervilhas cozidas,5604260302741,11728,10038,Embalagem 850 g,PorSi,,"1,64€/Kg","1,39€",https://cdn.intermarche.pt/pt/Content/images/boitmal/produit/zoom/39D5D023D92A423029A4CFF68898F5FA.jpg,,/product/ervilhas-cozidas/5604260302741
43938,Ervilhas extra finas,5604260311248,11728,10038,Embalagem de 400 g,PorSi,,"2,98€/Kg","1,19€",https://cdn.intermarche.pt/pt/Content/images/boitmal/produit/zoom/CDBDF2518547A675E2E3C5D057184B51.jpg,,/product/ervilhas-extra-finas/5604260311248
10175,Milho tenro e doce,8410375110211,11728,10038,Embalagem de 300 g,Bonduelle,,"8,97€/Kg","2,69€",https://cdn.intermarche.pt/pt/Content/images/boitmal/produit/zoom/FF9A7D9DA8774E0BDF91C9183E7DCF4F.jpg,,/product/milho-tenro-e-doce/8410375110211
33532,"Milho doce, 150 g",8410375110228,11728,10038,,Bonduelle,,"11,27€/Kg","1,69€",https://cdn.intermarche.pt/pt/Content/images/boitmal/produit/zoom/4E120222FAAAD0D56ACE6DFCD6AA553A.jpg,,/product/milho-doce-150-g/8410375110228
42993,Ervilhas extra finas,5604260309627,11728,10038,800 g,PorSi,,"2,86€/Kg","2,29€",https://cdn.intermarche.pt/pt/Content/images/boitmal/produit/zoom/ACA7C6B47E442D3EC4AF77C867D2641B.jpg,,/product/ervilhas-extra-finas/5604260309627
1285,"Ervilhas, lata com 410 ml",5601151160060,11728,10038,,Compal,,"3,39€/L","1,39€",https://cdn.intermarche.pt/pt/Content/images/boitmal/produit/zoom/DF6554E20C53A2A8ED5E7D70B3F45F64.jpg,,/product/ervilhas-lata-com-410-ml/5601151160060
28145,Cogumelos laminados,5601319000481,11728,10038,Embalagem de 290g,Ferbar,,"6,17€/Kg","1,79€",https://cdn.intermarche.pt/pt/Content/images/boitmal/produit/zoom/76268A4954C88BC9DCAC88D4AA6A7B9C.jpg,,/product/cogumelos-laminados/5601319000481
28218,Cogumelos inteiros,5601319000474,11728,10038,Embalagem de 290g,Ferbar,,"6,86€/Kg","1,99€",https://cdn.intermarche.pt/pt/Content/images/boitmal/produit/zoom/42A04401B1E6ECF35E91418EA97F3F8D.jpg,,/product/cogumelos-inteiros/5601319000474
52566,Cogumelos Laminados,5604260329502,11728,10038,Pack de 3 x 185 g,PorSi,,"4,05€/Kg","2,25€",https://cdn.intermarche.pt/pt/Content/images/boitmal/produit/zoom/CAE31729F1814975AABE2147FB00CFB2.jpg,,/product/cogumelos-laminados/5604260329502
1288,Feijão branco,5601151300756,11729,10038,Lata de 850g,Compal,,"2,46€/Kg","2,09€",https://cdn.intermarche.pt/pt/Content/images/boitmal/produit/zoom/367FF58B393A37854E3F243B57409D70.jpg,2024-11-27T23:59:59.999Z,/product/feijao-branco/5601151300756
1302,"Grão de bico, lata de 850g",5601151700754,11729,10038,,Compal,,"2,47€/Kg","2,09€",https://cdn.intermarche.pt/pt/Content/images/boitmal/produit/zoom/7BEB4F1F2A34C3C3B01503DD510ABAFA.jpg,2024-11-27T23:59:59.999Z,/product/grao-de-bico-lata-de-850g/5601151700754
1269,"Feijão preto, lata de 850g",5601151021750,11729,10038,,Compal,,"2,47€/L","2,09€",https://cdn.intermarche.pt/pt/Content/images/boitmal/produit/zoom/21DABA3EFA33FCE5CAC8AAB060A46375.jpg,2024-11-27T23:59:59.999Z,/product/feijao-preto-lata-de-850g/5601151021750
5247,"Feijão frade, lata de 850g",5601151720752,11729,10038,,Compal,,"2,47€/Kg","2,09€",https://cdn.intermarche.pt/pt/Content/images/boitmal/produit/zoom/9F9B431A96B6B05E71B79E3CE414A982.jpg,2024-11-27T23:59:59.999Z,/product/feijao-frade-lata-de-850g/5601151720752
1294,"Feijão manteiga, lata de 850g",5601151450758,11729,10038,,Compal,,"2,47€/Kg","2,09€",https://cdn.intermarche.pt/pt/Content/images/boitmal/produit/zoom/6FA62F2ED9DBA77E1AF2A2492B6A9743.jpg,2024-11-27T23:59:59.999Z,/product/feijao-manteiga-lata-de-850g/5601151450758
5244,"Feijão encarnado, lata de 850g",5601151510759,11729,10038,,Compal,,"2,47€/Kg","2,09€",https://cdn.intermarche.pt/pt/Content/images/boitmal/produit/zoom/606A85BE0216806A1AC1DB5B88F76288.jpg,2024-11-27T23:59:59.999Z,/product/feijao-encarnado-lata-de-850g/5601151510759
37868,Grão de bico,5604260301850,11729,10038,Embalagem de 420g,PorSi,,"2,02€/Kg","0,85€",https://cdn.intermarche.pt/pt/Content/images/boitmal/produit/zoom/FF1BD7B0AD3495A27AD329CA1F31E7A4.jpg,,/product/grao-de-bico/5604260301850
1960,Feijão encarnado,5604260301706,11729,10038,Embalagem de 420 g,PorSi,,"2,00€/Kg","0,84€",https://cdn.intermarche.pt/pt/Content/images/boitmal/produit/zoom/D2B0CABC588C06BB132B821046C4ADE8.jpg,,/product/feijao-encarnado/5604260301706
37867,Feijão manteiga,5604260301799,11729,10038,Embalagem de 820g,PorSi,,"1,45€/Kg","1,19€",https://cdn.intermarche.pt/pt/Content/images/boitmal/produit/zoom/B8EEE1148DF55FD57F5F0B3F8535A02A.jpg,,/product/feijao-manteiga/5604260301799
37744,Feijão manteiga,5604260301805,11729,10038,Frasco com 540 g,PorSi,,"1,63€/Kg","0,88€",https://cdn.intermarche.pt/pt/Content/images/boitmal/produit/zoom/CFD3ED93682C45710B18B82937D4ADA9.jpg,,/product/feijao-manteiga/5604260301805
40510,Feijão preto cozido,5604260301812,11729,10038,Embalagem de 420 g,PorSi,,"2,00€/Kg","0,84€",https://cdn.intermarche.pt/pt/Content/images/boitmal/produit/zoom/24EBE0CFCE84669129156CF08B9C24CD.jpg,,/product/feijao-preto-cozido/5604260301812
40512,Feijão frade cozido,5604260301751,11729,10038,Embalagem de 820g,PorSi,,"1,45€/Kg","1,19€",https://cdn.intermarche.pt/pt/Content/images/boitmal/produit/zoom/0A8664302927E85A992F5812C80ED162.jpg,,/product/feijao-frade-cozido/5604260301751
1847,Feijão branco,5604260301683,11729,10038,Embalagem de 540g,PorSi,,"1,63€/Kg","0,88€",https://cdn.intermarche.pt/pt/Content/images/boitmal/produit/zoom/A198E9529C538F30AA32674122A0DEA0.jpg,,/product/feijao-branco/5604260301683
37745,Grão de bico,5604260301874,11729,10038,Frasco com 540 g,PorSi,,"1,63€/Kg","0,88€",https://cdn.intermarche.pt/pt/Content/images/boitmal/produit/zoom/77D23BA481231831A9C01ADAAE623EE6.jpg,,/product/grao-de-bico/5604260301874
37869,Feijão manteiga,5604260301782,11729,10038,Embalagem de 420g,PorSi,,"1,98€/Kg","0,83€",https://cdn.intermarche.pt/pt/Content/images/boitmal/produit/zoom/BD4D021B59EB4A247C5F2348AF30A52F.jpg,,/product/feijao-manteiga/5604260301782
40553,Feijão encarnado,5604260301713,11729,10038,Embalagem de 820 g,PorSi,,"1,45€/Kg","1,19€",https://cdn.intermarche.pt/pt/Content/images/boitmal/produit/zoom/73987DE6FEAEA7CE329FF2F4FD8CCEA6.jpg,,/product/feijao-encarnado/5604260301713
43001,Feijão flageolet verde extra fino,5604260309702,11729,10038,Embalagem de 400 g,PorSi,,"3,73€/Kg","1,49€",https://cdn.intermarche.pt/pt/Content/images/boitmal/produit/zoom/A6C2773BB6D8956F167F7D6232946109.jpg,,/product/feijao-flageolet-verde-extra-fino/5604260309702
44979,Feijão mungo rebentos,5604260311255,11729,10038,400 g,PorSi,,"7,72€/Kg","1,39€",https://cdn.intermarche.pt/pt/Content/images/boitmal/produit/zoom/F77348D1A4CC71D7C8E10D17692F470D.jpg,,/product/feijao-mungo-rebentos/5604260311255
1274,"Feijão manteiga, lata de 410 ml",5601151070758,11729,10038,,Compal,,"3,39€/L","1,39€",https://cdn.intermarche.pt/pt/Content/images/boitmal/produit/zoom/F0994D6790474BD2BB5E91E2063CEE44.jpg,,/product/feijao-manteiga-lata-de-410-ml/5601151070758
1301,"Feijão encarnado, lata de 410ml",5601151660751,11729,10038,,Compal,,"3,39€/L","1,39€",https://cdn.intermarche.pt/pt/Content/images/boitmal/produit/zoom/DCE7303C6541213F906341A870E69C47.jpg,,/product/feijao-encarnado-lata-de-410ml/5601151660751
37866,Grão de bico,5604260301867,11729,10038,Embalagem de 820g,PorSi,,"1,45€/Kg","1,19€",https://cdn.intermarche.pt/pt/Content/images/boitmal/produit/zoom/518FC5FDBC8A4C408B49F3002E3E9DEF.jpg,,/product/grao-de-bico/5604260301867
40507,Feijão branco cozido,5604260301652,11729,10038,Embalagem de 420g,PorSi,,"1,98€/Kg","0,83€",https://cdn.intermarche.pt/pt/Content/images/boitmal/produit/zoom/4E1406E9884F331EA49A75BA0E41C325.jpg,,/product/feijao-branco-cozido/5604260301652
40508,Feijão branco cozido,5604260301669,11729,10038,Embalagem de 820g,PorSi,,"1,45€/Kg","1,19€",https://cdn.intermarche.pt/pt/Content/images/boitmal/produit/zoom/D2BCB0BA35B5ABD1C2D3169D8E59B10D.jpg,,/product/feijao-branco-cozido/5604260301669
40509,Feijão frade cozido,5604260301744,11729,10038,Embalagem de 420g,PorSi,,"1,98€/Kg","0,83€",https://cdn.intermarche.pt/pt/Content/images/boitmal/produit/zoom/B21EFC6230A3B97A228F98F3EE1213BE.jpg,,/product/feijao-frade-cozido/5604260301744
40511,Feijão preto cozido,5604260301836,11729,10038,Embalagem de 820g,PorSi,,"1,45€/Kg","1,19€",https://cdn.intermarche.pt/pt/Content/images/boitmal/produit/zoom/120D893B15D0F0EFF5A39D1C25117F2D.jpg,,/product/feijao-preto-cozido/5604260301836
41640,Feijão encarnado em frasco,5604260301737,11729,10038,frasco de 540 g,PorSi,,"1,63€/Kg","0,88€",https://cdn.intermarche.pt/pt/Content/images/boitmal/produit/zoom/FDDBE10BDECF5970449FBB779C03F35A.jpg,,/product/feijao-encarnado-em-frasco/5604260301737
42999,Feijão verde,5604260309672,11729,10038,Embalagem de 800 g,PorSi,,"4,52€/Kg","1,99€",https://cdn.intermarche.pt/pt/Content/images/boitmal/produit/zoom/237E9F5AF773FFBE5B5B43BCDE890F0D.jpg,,/product/feijao-verde/5604260309672
43000,Feijão flageolet verde extra fino,5604260309696,11729,10038,Embalagem de 800 g,PorSi,,"2,86€/Kg","2,29€",https://cdn.intermarche.pt/pt/Content/images/boitmal/produit/zoom/2EC2BF35F150DD00A01E46EEA22E1542.jpg,,/product/feijao-flageolet-verde-extra-fino/5604260309696
1816,Feijão frade,5604260301775,11729,10038,Embalagem de 540g,PorSi,,"1,63€/Kg","0,88€",https://cdn.intermarche.pt/pt/Content/images/boitmal/produit/zoom/25CD338A4171E90B52B47088CEA7E1FF.jpg,,/product/feijao-frade/5604260301775
43002,Feijão verde muito fino,5604260309719,11729,10038,Embalagem de 400 g,PorSi,,"3,23€/Kg","1,29€",https://cdn.intermarche.pt/pt/Content/images/boitmal/produit/zoom/D96A920BDC9841F707FB58F0E5598A6B.jpg,,/product/feijao-verde-muito-fino/5604260309719
1287,"Grão de bico, lata de 410 ml",5601151260753,11729,10038,,Compal,,"3,39€/L","1,39€",https://cdn.intermarche.pt/pt/Content/images/boitmal/produit/zoom/64A11988E77915EAC2B803C89620197A.jpg,,/product/grao-de-bico-lata-de-410-ml/5601151260753
28316,"Feijocas, embalagem de 560g",5601319038798,11729,10038,,Ferbar,,"4,09€/Kg","2,29€",https://cdn.intermarche.pt/pt/Content/images/boitmal/produit/zoom/5CC1AB999D2131187B8F89C6E1A1D734.jpg,,/product/feijocas-embalagem-de-560g/5601319038798
42995,Feijão branco com tomate,5604260310029,11729,10038,400 g,PorSi,,"4,20€/Kg","1,05€",https://cdn.intermarche.pt/pt/Content/images/boitmal/produit/zoom/56082E8A9CF0003CA7D72971F9897964.jpg,,/product/feijao-branco-com-tomate/5604260310029
5243,"Feijão preto, lata de 410 ml",5601151170755,11729,10038,,Compal,,"3,39€/L","1,39€",https://cdn.intermarche.pt/pt/Content/images/boitmal/produit/zoom/148292276E212E85BD820FA0193628A4.jpg,,/product/feijao-preto-lata-de-410-ml/5601151170755
42998,Rebentos de feijão mungo,5604260309665,11729,10038,Embalagem de 3 x 200 g,PorSi,,"3,95€/Kg","2,37€",https://cdn.intermarche.pt/pt/Content/images/boitmal/produit/zoom/5F2573BDBBB6184B9C7E03267BC35D71.jpg,,/product/rebentos-de-feijao-mungo/5604260309665
1273,Feijão branco,5601151060759,11729,10038,Lata de 410 ml,Compal,,"3,39€/L","1,39€",https://cdn.intermarche.pt/pt/Content/images/boitmal/produit/zoom/3E2AA120F60445DEF4C4302D800E6B17.jpg,,/product/feijao-branco/5601151060759
1304,"Feijão frade, lata de 410 ml",5601151860755,11729,10038,,Compal,,"3,39€/L","1,39€",https://cdn.intermarche.pt/pt/Content/images/boitmal/produit/zoom/066688CD8BF0590497712193ADD4FE5F.jpg,,/product/feijao-frade-lata-de-410-ml/5601151860755
45673,Feijão verde extra fino cortado,5604260311309,11729,10038,Embalagem de 660g,PorSi,,"3,47€/Kg","2,29€",https://cdn.intermarche.pt/pt/Content/images/boitmal/produit/zoom/953524DCC3CDE2CECD0C44FB8B7CBF71.jpg,,/product/feijao-verde-extra-fino-cortado/5604260311309
38434,Feijão mexicano com molho de chili cantina mexicana,11359650846,11729,10038,Embalagem de 410g,Cantina Mexicana,,"14,61€/Kg","5,99€",https://cdn.intermarche.pt/pt/Content/images/boitmal/produit/zoom/8C96945DA16B4DB95B352F62539CDACD.jpg,,/product/feijao-mexicano-com-molho-de-chili-cantina-mexicana/0011359650846
989,"Atum posta em óleo, embalagem de 120g",5601029004014,11730,10038,,Bom Petisco,,"9,83€/Kg","1,18€",https://cdn.intermarche.pt/pt/Content/images/boitmal/produit/zoom/824E43DBA120CAA5D21A19E116ABF32B.jpg,2024-11-27T23:59:59.999Z,/product/atum-posta-em-oleo-embalagem-de-120g/5601029004014
991,"Atum posta em azeite, embalagem de 120g",5601029004090,11730,10038,,Bom Petisco,,"14,75€/Kg","1,77€",https://cdn.intermarche.pt/pt/Content/images/boitmal/produit/zoom/40ABAA5E8C339E4103EB73DD68903264.jpg,2024-11-27T23:59:59.999Z,/product/atum-posta-em-azeite-embalagem-de-120g/5601029004090
16962,"Atum posta em azeite, embalagem de 390g",5601029004113,11730,10038,,Bom Petisco,,"14,52€/Kg","5,59€",https://cdn.intermarche.pt/pt/Content/images/boitmal/produit/zoom/1B91710086B8F360AE5F50CD51D75118.jpg,2024-11-27T23:59:59.999Z,/product/atum-posta-em-azeite-embalagem-de-390g/5601029004113
36524,"Sardinhas em tomate picante, embalagem de 120g",5601029000108,11730,10038,,Bom Petisco,,"9,25€/Kg","1,11€",https://cdn.intermarche.pt/pt/Content/images/boitmal/produit/zoom/870DEF1AA270AF39E20FF9F18298A320.jpg,2024-11-27T23:59:59.999Z,/product/sardinhas-em-tomate-picante-embalagem-de-120g/5601029000108
11471,Atum posta ao natural,5601029004076,11730,10038,Embalagem de 120 g,Bom Petisco,,"10,75€/Kg","1,29€",https://cdn.intermarche.pt/pt/Content/images/boitmal/produit/zoom/3740C19A3967CA1D1D99F6625E0A4BA4.jpg,2024-11-27T23:59:59.999Z,/product/atum-posta-ao-natural/5601029004076
35103,"Sardinhas em azeite, lata com 120g",5601029000115,11730,10038,,Bom Petisco,,"12,17€/Kg","1,46€",https://cdn.intermarche.pt/pt/Content/images/boitmal/produit/zoom/C04E3695F77420B1311611DC74837D3E.jpg,2024-11-27T23:59:59.999Z,/product/sardinhas-em-azeite-lata-com-120g/5601029000115
45373,"Filetes de cavala em azeite virgem extra, embalagem de 120g",5601159000443,11730,10038,,Bom Petisco,,"32,25€/Kg","3,87€",https://cdn.intermarche.pt/pt/Content/images/boitmal/produit/zoom/8430270472A57661D7C19AFE54EA5A0A.jpg,2024-11-27T23:59:59.999Z,/product/filetes-de-cavala-em-azeite-virgem-extra-embalagem-de-120g/5601159000443
45370,"Sardinhas posta em azeite biológico, embalagem de 120g",5601159000412,11730,10038,,Bom Petisco,,"16,08€/Kg","1,93€",https://cdn.intermarche.pt/pt/Content/images/boitmal/produit/zoom/146FBEB96A4D7EB35B5AD90A1D8B83A6.jpg,2024-11-27T23:59:59.999Z,/product/sardinhas-posta-em-azeite-biologico-embalagem-de-120g/5601159000412
990,"Atum posta em óleo, embalagem de 385g",5601029004038,11730,10038,,Bom Petisco,,"9,84€/Kg","3,79€",https://cdn.intermarche.pt/pt/Content/images/boitmal/produit/zoom/3453E0D4022E27F5D3F982CBA9865FEB.jpg,2024-11-27T23:59:59.999Z,/product/atum-posta-em-oleo-embalagem-de-385g/5601029004038
33291,"Atum posta natural, 385g",5601029000047,11730,10038,,Bom Petisco,,"11,64€/Kg","4,48€",https://cdn.intermarche.pt/pt/Content/images/boitmal/produit/zoom/1311B3C7247424246055C22705B31421.jpg,2024-11-27T23:59:59.999Z,/product/atum-posta-natural-385g/5601029000047
45367,"Sardinhas sem pele e sem espinhas em azeite virgem extra, embalagem de 120g",5601159000368,11730,10038,,Bom Petisco,,"23,75€/Kg","2,85€",https://cdn.intermarche.pt/pt/Content/images/boitmal/produit/zoom/13C2794D2DFEC452D6E6723F794E0FF8.jpg,2024-11-27T23:59:59.999Z,/product/sardinhas-sem-pele-e-sem-espinhas-em-azeite-virgem-extra-embalagem-de-120g/5601159000368
17008,"Atum em azeite virgem extra e oregãos, embalagem de 120g",5601029054026,11730,10038,,Bom Petisco,,"17,17€/Kg","2,06€",https://cdn.intermarche.pt/pt/Content/images/boitmal/produit/zoom/C95A21219C8A61C918B34535F12CDB1F.jpg,2024-11-27T23:59:59.999Z,/product/atum-em-azeite-virgem-extra-e-oregaos-embalagem-de-120g/5601029054026
716,Salada indiana com atum,3250391031924,11730,10038,Embalagem de 250 g,Odyssee,,"9,96€/Kg","2,49€",https://cdn.intermarche.pt/pt/Content/images/boitmal/produit/zoom/8B9C064A49859CEBC48E0670BF3F97C0.jpg,,/product/salada-indiana-com-atum/3250391031924
992,Hamburger de Atum,5601029034028,11730,10038,Embalagem de 2x75 g,Bom Petisco,,"19,27€/Kg","2,89€",https://cdn.intermarche.pt/pt/Content/images/boitmal/produit/zoom/1F3166BEDE73D33F9BB98C84F95F1CF1.jpg,2024-11-27T23:59:59.999Z,/product/hamburger-de-atum/5601029034028
37422,Posta de atum ao natural,5604260300808,11730,10038,Embalagem de 120g,PorSi,,"7,42€/Kg","0,89€",https://cdn.intermarche.pt/pt/Content/images/boitmal/produit/zoom/D989142AC11885DE24C151383DD5FBC7.jpg,,/product/posta-de-atum-ao-natural/5604260300808
40464,Atum posta em óleo vegetal,5604260300815,11730,10038,Embalagem de 120g,PorSi,,"7,42€/Kg","0,89€",https://cdn.intermarche.pt/pt/Content/images/boitmal/produit/zoom/173B9FE9B4C2B9F9F15A0D5B1DBEDB60.jpg,,/product/atum-posta-em-oleo-vegetal/5604260300815
37495,Atum posta em azeite,5604260300792,11730,10038,Embalagem de 120g,PorSi,,"9,33€/Kg","1,12€",https://cdn.intermarche.pt/pt/Content/images/boitmal/produit/zoom/AE7B2E924DA903204DE1245FAEECF40A.jpg,,/product/atum-posta-em-azeite/5604260300792
20101,"Atum em azeite, embalagem de 120g",5601010131231,11730,10038,,Ramirez,,"19,92€/Kg","2,39€",https://cdn.intermarche.pt/pt/Content/images/boitmal/produit/zoom/2C3AFEA545E0483E06B1434C41105979.jpg,,/product/atum-em-azeite-embalagem-de-120g/5601010131231
40485,Atum posta em óleo vegetal,5604260300822,11730,10038,Embalagem de 385g,PorSi,,"6,88€/Kg","2,65€",https://cdn.intermarche.pt/pt/Content/images/boitmal/produit/zoom/492DF86734CE6F972A8B42C08B7B9298.jpg,,/product/atum-posta-em-oleo-vegetal/5604260300822
42080,Atum posta ao natural 3x80g,5604260300839,11730,10038,Embalagem de 240g,PorSi,,"9,54€/Kg","2,29€",https://cdn.intermarche.pt/pt/Content/images/boitmal/produit/zoom/0309C810A4A9FA47B0FB86154080387E.jpg,,/product/atum-posta-ao-natural-3x80g/5604260300839
2210,Sardinha em tomate picante,5604260265787,11730,10038,Embalagem de 120g,PorSi,,"8,25€/Kg","0,99€",https://cdn.intermarche.pt/pt/Content/images/boitmal/produit/zoom/4268E75DD2B4F2B5429BDAD244A99420.jpg,,/product/sardinha-em-tomate-picante/5604260265787
2211,Sardinha em tomate,5604260265794,11730,10038,Embalagem de 120g,PorSi,,"8,25€/Kg","0,99€",https://cdn.intermarche.pt/pt/Content/images/boitmal/produit/zoom/611D0838774FA5B149A8F7C03CC65FA2.jpg,,/product/sardinha-em-tomate/5604260265794
36704,Atum posta ao natural,5604260300655,11730,10038,Lata de 385 g,PorSi,,"6,99€/Kg","2,69€",https://cdn.intermarche.pt/pt/Content/images/boitmal/produit/zoom/98B8D8AF95627C26A14A019E67211289.jpg,,/product/atum-posta-ao-natural/5604260300655
45005,Ventrescas de atum dos Açores em azeite,5604260314683,11730,10038,Lata de 120 g,PorSi Select,,"30,47€/Kg","2,59€",https://cdn.intermarche.pt/pt/Content/images/boitmal/produit/zoom/5BB43B7ED7844C36C7F4E6B3F4F5D2F7.jpg,,/product/ventrescas-de-atum-dos-acores-em-azeite/5604260314683
986,"Lulas recheadas, embalagem de 120g",5601029001273,11730,10038,,Pitéu,,"24,08€/Kg","2,89€",https://cdn.intermarche.pt/pt/Content/images/boitmal/produit/zoom/ABAC76CDC184DED7BCD596F8B9057231.jpg,,/product/lulas-recheadas-embalagem-de-120g/5601029001273
37571,Atum posta em azeite,5604260300648,11730,10038,Embalagem de 385 g,PorSi,,"8,55€/Kg","3,29€",https://cdn.intermarche.pt/pt/Content/images/boitmal/produit/zoom/410C9CA49D8A6287A1AAE7FB59EBAAC1.jpg,,/product/atum-posta-em-azeite/5604260300648
34311,Sardinhas em azeite,5604260281626,11730,10038,Embalagem de 120g,PorSi,,"8,25€/Kg","0,99€",https://cdn.intermarche.pt/pt/Content/images/boitmal/produit/zoom/BAF0143A28186F67EAF840B3D0146B03.jpg,,/product/sardinhas-em-azeite/5604260281626
17189,"Atum em posta, em azeite, embalagem de 110g",5603344531107,11730,10038,,General,,"19,91€/Kg","2,19€",https://cdn.intermarche.pt/pt/Content/images/boitmal/produit/zoom/23F9119BF17F96B8DBD56B1983340EF6.jpg,,/product/atum-em-posta-em-azeite-embalagem-de-110g/5603344531107
17827,Atum posta em óleo,5603344531022,11730,10038,Embalagem de 110g,General,,"17,18€/Kg","1,89€",https://cdn.intermarche.pt/pt/Content/images/boitmal/produit/zoom/0B70BBA12E696DF4BBA1975714F843B4.jpg,,/product/atum-posta-em-oleo/5603344531022
16857,Atum natural,5603344531114,11730,10038,Embalagem de 110g,General,,"14,09€/Kg","1,55€",https://cdn.intermarche.pt/pt/Content/images/boitmal/produit/zoom/134BCB035260DA080E0EB7CE51D7253D.jpg,,/product/atum-natural/5603344531114
951,"Atum posta em óleo, embalagem de 120g",5601010131217,11730,10038,,Ramirez,,"14,92€/Kg","1,79€",https://cdn.intermarche.pt/pt/Content/images/boitmal/produit/zoom/5BE3B05F210FF0425C989109F8B84C66.jpg,,/product/atum-posta-em-oleo-embalagem-de-120g/5601010131217
44996,Salmão posta ao natural,5604260315505,11730,10038,Lata de 120 g,PorSi Select,,"29,29€/Kg","2,49€",https://cdn.intermarche.pt/pt/Content/images/boitmal/produit/zoom/A5BA7BF1D035BA442C9A7827FC534207.jpg,,/product/salmao-posta-ao-natural/5604260315505
2219,"Filetes de cavala, em óleo",5604260266197,11730,10038,Embalagem de 120 g,PorSi,,"12,42€/Kg","1,49€",https://cdn.intermarche.pt/pt/Content/images/boitmal/produit/zoom/ACF2A82DF7538F58F1EF4289D46DB609.jpg,,/product/filetes-de-cavala-em-oleo/5604260266197
1859,Pate atum,5604260042227,11730,10038,Embalagem de 4 x 22 g,PorSi,,"13,52€/Kg","1,19€",https://cdn.intermarche.pt/pt/Content/images/boitmal/produit/zoom/05C3FA41CF9B1C22DEBD6A7672073AFC.jpg,,/product/pate-atum/5604260042227
2180,Sardinhas pequenas em óleo,5604260263882,11730,10038,Embalagem de 90g,PorSi,,"10,78€/Kg","0,97€",https://cdn.intermarche.pt/pt/Content/images/boitmal/produit/zoom/AF1BA77A47295B301CC77FFB7485DD83.jpg,,/product/sardinhas-pequenas-em-oleo/5604260263882
5040,"Mexilhão escabeche, embalagem de 115g",5601029001310,11730,10038,,Pitéu,,"20,78€/Kg","2,39€",https://cdn.intermarche.pt/pt/Content/images/boitmal/produit/zoom/85D7A199A0EE28064830260E1841FD4F.jpg,,/product/mexilhao-escabeche-embalagem-de-115g/5601029001310
2212,Sardinha em óleo picante,5604260265800,11730,10038,Embalagem de 120g,PorSi,,"8,25€/Kg","0,99€",https://cdn.intermarche.pt/pt/Content/images/boitmal/produit/zoom/E7D279ACFA1AB717F742CDC9A0DADB67.jpg,,/product/sardinha-em-oleo-picante/5604260265800
3493,Filete de anchovas em azeite,56003703,11730,10038,Embalagem de 80 g,Pitéu,,"47,38€/Kg","3,79€",https://cdn.intermarche.pt/pt/Content/images/boitmal/produit/zoom/BE573B29E6CEB71A0582FD9364F1002E.jpg,,/product/filete-de-anchovas-em-azeite/0000056003703
37496,Atum em óleo,5604260300846,11730,10038,Embalagem de 3 x 52 g,PorSi,,"16,60€/Kg","2,59€",https://cdn.intermarche.pt/pt/Content/images/boitmal/produit/zoom/2FC0362F55655A79D49F0409A258E751.jpg,,/product/atum-em-oleo/5604260300846
1693,Filete de anchovas estendidas,5603344681017,11730,10038,Embalagem de 40g,General,,"54,75€/Kg","2,19€",https://cdn.intermarche.pt/pt/Content/images/boitmal/produit/zoom/96A841288ED8A7D04158591EC80D9676.jpg,,/product/filete-de-anchovas-estendidas/5603344681017
1188,"Salsichas de porco, lata de 200g",5601119007970,11731,10038,,Nobre,,"6,95€/Kg","1,39€",https://cdn.intermarche.pt/pt/Content/images/boitmal/produit/zoom/01CF2549C0E08C23060DD310D0C9B5DD.jpg,2024-11-27T23:59:59.999Z,/product/salsichas-de-porco-lata-de-200g/5601119007970
1189,"Salsichas de porco, lata de 250g",5601119007987,11731,10038,,Nobre,,"6,68€/Kg","1,67€",https://cdn.intermarche.pt/pt/Content/images/boitmal/produit/zoom/098AB25EB23B66D623E253A97FD15BDF.jpg,2024-11-27T23:59:59.999Z,/product/salsichas-de-porco-lata-de-250g/5601119007987
1187,"6 salsichas de porco, lata de 120g",5601119007963,11731,10038,,Nobre,,"9,08€/Kg","1,09€",https://cdn.intermarche.pt/pt/Content/images/boitmal/produit/zoom/120DC1535B1AFA150D13CE3A5CE70137.jpg,2024-11-27T23:59:59.999Z,/product/6-salsichas-de-porco-lata-de-120g/5601119007963
1191,"Mini salsichas cocktail, lata de 180g",5601119009660,11731,10038,,Nobre,,"9,94€/Kg","1,79€",https://cdn.intermarche.pt/pt/Content/images/boitmal/produit/zoom/823F6F019E644C8CAAB58DB89986EEFD.jpg,2024-11-27T23:59:59.999Z,/product/mini-salsichas-cocktail-lata-de-180g/5601119009660
14597,Salsicha bockwurst 5 unidades,5604260272082,11731,10038,Embalagem de 250g,PorSi,,"9,96€/Kg","2,49€",https://cdn.intermarche.pt/pt/Content/images/boitmal/produit/zoom/87DB7F74E1DB2599A125DB73D61A0907.jpg,,/product/salsicha-bockwurst-5-unidades/5604260272082
28610,8 salsichas bockwurst,5604260272099,11731,10038,1 Frasco 720G,PorSi,,"8,32€/Kg","5,99€",https://cdn.intermarche.pt/pt/Content/images/boitmal/produit/zoom/0A0406022087C08A984483E22FDBE86D.jpg,,/product/8-salsichas-bockwurst/5604260272099
1196,"Salsichas de aves, lata de 200g",5601119942608,11731,10038,,Nobre,,"6,95€/Kg","1,39€",https://cdn.intermarche.pt/pt/Content/images/boitmal/produit/zoom/E7AAE34DF3D6C2B149A624A478B3E3DF.jpg,2024-11-27T23:59:59.999Z,/product/salsichas-de-aves-lata-de-200g/5601119942608
14386,"Salsichas hot dog, frasco, embalagem de 240g",5601383025342,11731,10038,,Izidoro,,"11,28€/Kg","2,65€",https://cdn.intermarche.pt/pt/Content/images/boitmal/produit/zoom/94DAD04980BE384F62A189F01B200F20.jpg,2024-11-27T23:59:59.999Z,/product/salsichas-hot-dog-frasco-embalagem-de-240g/5601383025342
19893,"Salsichas de frango, lata de 160g",5601119250840,11731,10038,,Nobre,,"11,19€/Kg","1,79€",https://cdn.intermarche.pt/pt/Content/images/boitmal/produit/zoom/1FBD7604517B0288707BA3B9CFEB3D6B.jpg,2024-11-27T23:59:59.999Z,/product/salsichas-de-frango-lata-de-160g/5601119250840
20438,"Salsichas de peru, lata de 160g",5601119250833,11731,10038,,Nobre,,"11,19€/Kg","1,79€",https://cdn.intermarche.pt/pt/Content/images/boitmal/produit/zoom/549158EAF234787E74F253420580E8F8.jpg,2024-11-27T23:59:59.999Z,/product/salsichas-de-peru-lata-de-160g/5601119250833
50440,"Salsichas vegan izidoro 5un frasco, 220g",5602348100968,11731,10038,,Izidoro,,"16,18€/Kg","3,56€",https://cdn.intermarche.pt/pt/Content/images/boitmal/produit/zoom/6184DDD6C2581D6F1B3575CAD81059AA.jpg,2024-11-27T23:59:59.999Z,/product/salsichas-vegan-izidoro-5un-frasco-220g/5602348100968
1504,"Salsichas bockwurst em frasco, 8 unidades, embalagem de 400g",5601383014445,11731,10038,,Izidoro,,"10,08€/Kg","3,98€",https://cdn.intermarche.pt/pt/Content/images/boitmal/produit/zoom/94D45C8DD779266214B9AD05E3765642.jpg,2024-11-27T23:59:59.999Z,/product/salsichas-bockwurst-em-frasco-8-unidades-embalagem-de-400g/5601383014445
20989,"Salsicha hot dog aves, frasco 4 unidades, 430g",5602348082394,11731,10038,,Izidoro,,"6,16€/Kg","2,65€",https://cdn.intermarche.pt/pt/Content/images/boitmal/produit/zoom/0F74127155BDAF07F2CAD4E88CC05D91.jpg,2024-11-27T23:59:59.999Z,/product/salsicha-hot-dog-aves-frasco-4-unidades-430g/5602348082394
32545,"Salsichas de aves cocktail, lata de 180g",5601119261402,11731,10038,,Nobre,,"9,94€/Kg","1,79€",https://cdn.intermarche.pt/pt/Content/images/boitmal/produit/zoom/8597FD6A0CD322B67DACE8001F286A2A.jpg,2024-11-27T23:59:59.999Z,/product/salsichas-de-aves-cocktail-lata-de-180g/5601119261402
51279,"Salsicha aves 9 unidades izidoro, embalagem de 360g",5602348103709,11731,10038,,Izidoro,,"4,37€/Kg","2,84€",https://cdn.intermarche.pt/pt/Content/images/boitmal/produit/zoom/6B9158791C3A03CA7863EA4B794B6564.jpg,2024-11-27T23:59:59.999Z,/product/salsicha-aves-9-unidades-izidoro-embalagem-de-360g/5602348103709
51281,"Salsicha bockwurst 9 unidades izidoro, embalagem de 360g",5602348102740,11731,10038,,Izidoro,,"4,37€/Kg","2,84€",https://cdn.intermarche.pt/pt/Content/images/boitmal/produit/zoom/75EEEED07816A555556DA2DDFFC4D829.jpg,2024-11-27T23:59:59.999Z,/product/salsicha-bockwurst-9-unidades-izidoro-embalagem-de-360g/5602348102740
41129,"8 salsichas aves, embalagem de 200g",5604260303762,11731,10038,,PorSi,,"5,45€/Kg","1,09€",https://cdn.intermarche.pt/pt/Content/images/boitmal/produit/zoom/B0DF7D5316DF865B4DCE8F58163C3E81.jpg,,/product/8-salsichas-aves-embalagem-de-200g/5604260303762
1195,"Salsichas extra suculentas, frasco de 650 g",5601119230224,11731,10038,,Nobre,,"3,22€/Kg","2,09€",https://cdn.intermarche.pt/pt/Content/images/boitmal/produit/zoom/8D9323C0AA785F7D26E063775F0C6C13.jpg,,/product/salsichas-extra-suculentas-frasco-de-650-g/5601119230224
15979,"Salsichas de aves extra suculentas, frasco de 650g",5601119242364,11731,10038,,Nobre,,"3,22€/Kg","2,09€",https://cdn.intermarche.pt/pt/Content/images/boitmal/produit/zoom/96E028FA4B876A7EDCC2B01C6774E1B0.jpg,,/product/salsichas-de-aves-extra-suculentas-frasco-de-650g/5601119242364
15981,"Salsichas extra suculentas de frango, frasco de 210g",5601119244375,11731,10038,,Nobre,,"14,24€/Kg","2,99€",https://cdn.intermarche.pt/pt/Content/images/boitmal/produit/zoom/9377F1AC54A3AFE8E58484C3F13B4B3B.jpg,,/product/salsichas-extra-suculentas-de-frango-frasco-de-210g/5601119244375
14196,Salsichas frasco hot dog,5604260272105,11731,10038,Embalagem 540G,PorSi,,"6,46€/Kg","3,49€",https://cdn.intermarche.pt/pt/Content/images/boitmal/produit/zoom/AA2B7F820A66FC2AB3C40C2B0AD4C82C.jpg,,/product/salsichas-frasco-hot-dog/5604260272105
37900,"Salsicha hot dog, frasco de 250g",5601119305007,11731,10038,,Nobre,,"14,24€/Kg","2,99€",https://cdn.intermarche.pt/pt/Content/images/boitmal/produit/zoom/DBE67CEBD33E352115BE3A5E4EBF94C8.jpg,,/product/salsicha-hot-dog-frasco-de-250g/5601119305007
51193,"5 salsichas aves, 250g",5604260326600,11731,10038,,PorSi,,"7,96€/Kg","1,99€",https://cdn.intermarche.pt/pt/Content/images/boitmal/produit/zoom/9FCA84BC30253C01904F73101221972C.jpg,,/product/5-salsichas-aves-250g/5604260326600
24378,"5 salsichas soja, embalagem de 200g",5601119268029,11731,10038,,Nobre,,"14,95€/Kg","2,99€",https://cdn.intermarche.pt/pt/Content/images/boitmal/produit/zoom/97BBC19A41A402E687839695634025E2.jpg,,/product/5-salsichas-soja-embalagem-de-200g/5601119268029
41137,"Salsichas cocktail, lata com 180g",5604260306282,11731,10038,,PorSi,,"9,94€/Kg","1,79€",https://cdn.intermarche.pt/pt/Content/images/boitmal/produit/zoom/07EAF56493CA349E3B6820AD08B447EE.jpg,,/product/salsichas-cocktail-lata-com-180g/5604260306282
1506,"8 salsichas frankfurt, embalagem de 200g",5601383014513,11731,10038,,Izidoro,,"7,95€/Kg","1,59€",https://cdn.intermarche.pt/pt/Content/images/boitmal/produit/zoom/4F422CE7940A68A49F23AC8BC8304DBE.jpg,,/product/8-salsichas-frankfurt-embalagem-de-200g/5601383014513
24377,"5 salsichas tofu, embalagem de 200g",5601119268012,11731,10038,,Nobre,,"15,95€/Kg","3,19€",https://cdn.intermarche.pt/pt/Content/images/boitmal/produit/zoom/D936B1BE443D6438C4709B6F92C9964B.jpg,,/product/5-salsichas-tofu-embalagem-de-200g/5601119268012
33805,Choucroute,3250390001461,11731,10038,Embalagem de 800g,Claude Léger,,"4,61€/Kg","3,69€",https://cdn.intermarche.pt/pt/Content/images/boitmal/produit/zoom/7B5B794FF9BC55D7B435C80D2095BC31.jpg,,/product/choucroute/3250390001461
51280,"Salsichas frankfurt 12 unidades izidoro, embalagem de 240g",5602348102733,11731,10038,,Izidoro,,"9,54€/Kg","2,29€",https://cdn.intermarche.pt/pt/Content/images/boitmal/produit/zoom/533F3E58CC0E32367343E6B6E9DDD82D.jpg,,/product/salsichas-frankfurt-12-unidades-izidoro-embalagem-de-240g/5602348102733
1505,"Salsichas frankfurt em lata , embalagem de 120g",5601383014506,11731,10038,,Izidoro,,"10,75€/Kg","1,29€",https://cdn.intermarche.pt/pt/Content/images/boitmal/produit/zoom/8577674F64B16918632AA37BE8A01B7E.jpg,,/product/salsichas-frankfurt-em-lata-embalagem-de-120g/5601383014506
1507,"Salsichas frankfurt em lata, embalagem de 250g",5601383014537,11731,10038,,Izidoro,,"7,96€/Kg","1,99€",https://cdn.intermarche.pt/pt/Content/images/boitmal/produit/zoom/2F007D77C245888A3F3F0F69D08EF71D.jpg,,/product/salsichas-frankfurt-em-lata-embalagem-de-250g/5601383014537
15980,"Salsichas extra suculentas de peru, frasco de 210g",5601119244368,11731,10038,,Nobre,,"14,24€/Kg","2,99€",https://cdn.intermarche.pt/pt/Content/images/boitmal/produit/zoom/777EA415D5DED2EBA379260001C63756.jpg,,/product/salsichas-extra-suculentas-de-peru-frasco-de-210g/5601119244368
51366,Salsichas peru forno a lenha 5un frasco,5602348109572,11731,10038,Embalagem de 220g,Izidoro,,"18,14€/Kg","3,99€",https://cdn.intermarche.pt/pt/Content/images/boitmal/produit/zoom/C3156AD70EE9C7E0A5C5A6463256C40B.jpg,,/product/salsichas-peru-forno-a-lenha-5un-frasco/5602348109572
1211,"Salsichas wiennerwurt em frasco, 6 un, embalagem de 250g",5601119945876,11731,10038,,Nobre,,"13,59€/Kg","2,99€",https://cdn.intermarche.pt/pt/Content/images/boitmal/produit/zoom/6D47BEF0FECAD24149F14A228B4BDCD0.jpg,,/product/salsichas-wiennerwurt-em-frasco-6-un-embalagem-de-250g/5601119945876
51367,Salsichas forno a lenha porco 5 un.frasco,5602348109589,11731,10038,Embalagem de 220g,Izidoro,,"18,14€/Kg","3,99€",https://cdn.intermarche.pt/pt/Content/images/boitmal/produit/zoom/05449B79EC9D9C8CBA809CA1173BD43D.jpg,,/product/salsichas-forno-a-lenha-porco-5-un.frasco/5602348109589
2178,Paté de atum,5604260263868,11732,10038,Embalagem de 65 g,PorSi,,"10,62€/Kg","0,69€",https://cdn.intermarche.pt/pt/Content/images/boitmal/produit/zoom/C7C3B9D78B82AB676B7E61B6F39F7144.jpg,,/product/pate-de-atum/5604260263868
48232,Paté fígado de porco,5604260314126,11732,10038,Frasco com 125 g,PorSi,,"10,32€/Kg","1,29€",https://cdn.intermarche.pt/pt/Content/images/boitmal/produit/zoom/EFA5DC41E708C16DE8DFA3207DF211CC.jpg,,/product/pate-figado-de-porco/5604260314126
48233,Paté de pato,5604260314133,11732,10038,Frasco com 125 g,PorSi,,"14,32€/Kg","1,79€",https://cdn.intermarche.pt/pt/Content/images/boitmal/produit/zoom/3C526BC8A58260AAAB6E48DA444656D7.jpg,,/product/pate-de-pato/5604260314133
2179,Patê de sardinha,5604260263875,11732,10038,Embalagem de 65 g,PorSi,,"10,62€/Kg","0,69€",https://cdn.intermarche.pt/pt/Content/images/boitmal/produit/zoom/35D9D47636AA9FF480D4C479716D54BD.jpg,,/product/pate-de-sardinha/5604260263875
1860,Paté de sardinha,5604260042234,11732,10038,Embalagem de 4 x 22 g,PorSi,,"13,52€/Kg","1,19€",https://cdn.intermarche.pt/pt/Content/images/boitmal/produit/zoom/E74C8B639BADEEDA1BD01279CB6CA20E.jpg,,/product/pate-de-sardinha/5604260042234
48231,Paté de frango,5604260314119,11732,10038,Frasco com 125 g,PorSi,,"10,32€/Kg","1,29€",https://cdn.intermarche.pt/pt/Content/images/boitmal/produit/zoom/3CEF38BE6BDDA52A98C38495BABB71E1.jpg,,/product/pate-de-frango/5604260314119
14364,"Patê frango, 80g",8412500910642,11732,10038,,La Piara,,"25,20€/Kg","1,89€",https://cdn.intermarche.pt/pt/Content/images/boitmal/produit/zoom/C1C40D21D84C2E9AFD2792321036798C.jpg,,/product/pate-frango-80g/8412500910642
14361,"Patê atum, 75g",8412500910451,11732,10038,,La Piara,,"22,40€/Kg","1,68€",https://cdn.intermarche.pt/pt/Content/images/boitmal/produit/zoom/3162DDCD459762C482C25EB8760AC3B6.jpg,,/product/pate-atum-75g/8412500910451
1630,Pasta de sardinha,5601943000017,11732,10038,Embalagem de 90g,Fides,,"22,11€/Kg","1,99€",https://cdn.intermarche.pt/pt/Content/images/boitmal/produit/zoom/954E664729B106EF290079C7EA45DE71.jpg,,/product/pasta-de-sardinha/5601943000017
1861,"Patê de sardinha,atum e salmão",5604260042241,11732,10038,Embalagem de 4 x 22 g,PorSi,,"16,11€/Kg","1,45€",https://cdn.intermarche.pt/pt/Content/images/boitmal/produit/zoom/8C5CA128FE8118F37A873FCFFD2280CE.jpg,,/product/pate-de-sardinhaatum-e-salmao/5604260042241
10448,"Bocadelia de caranguejo, embalagem de 170g",8412500996622,11732,10038,,La Piara,,"17,59€/Kg","2,99€",https://cdn.intermarche.pt/pt/Content/images/boitmal/produit/zoom/AA57444BD4A424E08AEF5356FDCDB6CF.jpg,,/product/bocadelia-de-caranguejo-embalagem-de-170g/8412500996622
14366,Pate picante 73gr.                ce *24,8412500927893,11732,10038,Embalagem de 70g,La Piara,,"28,63€/Kg","2,09€",https://cdn.intermarche.pt/pt/Content/images/boitmal/produit/zoom/020E677218389A51AB46207315F8BB1C.jpg,,/product/pate-picante-73gr.-ce-*24/8412500927893
11806,Pasta de atum,5601943000024,11732,10038,Embalagem de 90g,Fides,,"22,11€/Kg","1,99€",https://cdn.intermarche.pt/pt/Content/images/boitmal/produit/zoom/0C1C24475133238700180E45B19CC73C.jpg,,/product/pasta-de-atum/5601943000024
14360,Patê sardinha,8412500379555,11732,10038,Embalagem de 80g,La Piara,,"22,40€/Kg","1,68€",https://cdn.intermarche.pt/pt/Content/images/boitmal/produit/zoom/D0F3D29CB367853556A90566875C7EFB.jpg,,/product/pate-sardinha/8412500379555
14362,"Patê atum em escabeche, 75g",8412500910468,11732,10038,,La Piara,,"22,40€/Kg","1,68€",https://cdn.intermarche.pt/pt/Content/images/boitmal/produit/zoom/6AFA2BCA9E7B7A16A729D8E36E064AC5.jpg,,/product/pate-atum-em-escabeche-75g/8412500910468
14365,"Patê figado de porco, 80g",8412500922034,11732,10038,,La Piara,,"22,53€/Kg","1,69€",https://cdn.intermarche.pt/pt/Content/images/boitmal/produit/zoom/64F1FCDA79963671A1B97E0C9E73ABCD.jpg,,/product/pate-figado-de-porco-80g/8412500922034
1631,"Paté de sarinha, atum e marisco",5601943000079,11732,10038,Embalagem de 90g,Fides,,"22,11€/Kg","1,99€",https://cdn.intermarche.pt/pt/Content/images/boitmal/produit/zoom/5DDCB5711442DBBFEB8B3BCC9CDE1155.jpg,,/product/pate-de-sarinha-atum-e-marisco/5601943000079
12438,"Patê de salmão, 80g",8412500910475,11732,10038,,La Piara,,"32,34€/Kg","2,49€",https://cdn.intermarche.pt/pt/Content/images/boitmal/produit/zoom/D7221CE27C175723D01FFE4F5315130D.jpg,,/product/pate-de-salmao-80g/8412500910475
27357,Patê de marisco,5601943000031,11732,10038,Embalagem de 90g,Fides,,"27,16€/Kg","2,39€",https://cdn.intermarche.pt/pt/Content/images/boitmal/produit/zoom/7BFF9519902D3D1DCAEA5BAC4BD30B91.jpg,,/product/pate-de-marisco/5601943000031
44681,"Paté com cebola caramelizada, 125g",8413828116075,11732,10038,,Cuits,,"23,92€/Kg","2,99€",https://cdn.intermarche.pt/pt/Content/images/boitmal/produit/zoom/B925540913F932657480E3FC673D94AA.jpg,,/product/pate-com-cebola-caramelizada-125g/8413828116075
44914,"Vegalia especialidade vegetariana de soja, lata com 8 unidades",5601119345379,10713,10022,,Nobre,,"13,06€/Kg","2,09€",https://cdn.intermarche.pt/pt/Content/images/boitmal/produit/zoom/54ED9714421A275D2E718198BEFF1393.jpg,2024-11-27T23:59:59.999Z,/product/vegalia-especialidade-vegetariana-de-soja-lata-com-8-unidades/5601119345379
45636,Pepinos em vinagre,5604260314010,11733,10038,Embalagem de 200g,PorSi,,"8,75€/Kg","1,75€",https://cdn.intermarche.pt/pt/Content/images/boitmal/produit/zoom/007A7853DF770B9EF9CDB22658CFCB99.jpg,,/product/pepinos-em-vinagre/5604260314010
40520,Pickles em vinagre,5604260297047,11733,10038,Embalagem de 200 g,PorSi,,"5,95€/Kg","1,19€",https://cdn.intermarche.pt/pt/Content/images/boitmal/produit/zoom/B8801E083D49E3E3184A1E4D6107EA9F.jpg,,/product/pickles-em-vinagre/5604260297047
40584,Tomate inteiro pelado,5604260301904,11733,10038,Embalagem de 780 g,PorSi,,"1,65€/Kg","1,29€",https://cdn.intermarche.pt/pt/Content/images/boitmal/produit/zoom/8304B36169DAAA947E1EA6CD340F00CE.jpg,,/product/tomate-inteiro-pelado/5604260301904
43005,Lentilhas,5604260309733,11733,10038,Embalagem de 400 g,PorSi,,"3,48€/Kg","1,39€",https://cdn.intermarche.pt/pt/Content/images/boitmal/produit/zoom/21B633399EB304357F9E70028F8A6AAC.jpg,,/product/lentilhas/5604260309733
550,Tomate inteiro pelado,5604260301911,11733,10038,Embalagem de 390 g,PorSi,,"2,03€/Kg","0,79€",https://cdn.intermarche.pt/pt/Content/images/boitmal/produit/zoom/8ED6B21F748ABDC3F518C46B079E43D1.jpg,,/product/tomate-inteiro-pelado/5604260301911
43004,Macedónia de legumes,5604260309689,11733,10038,Embalagem de 400 g,PorSi,,"2,48€/Kg","0,99€",https://cdn.intermarche.pt/pt/Content/images/boitmal/produit/zoom/D75F3D45F367AAD63B34F0754BDAFD3A.jpg,,/product/macedonia-de-legumes/5604260309689
7935,"Backed beans, embalagem de 415g",5000157024671,11733,10038,,Heinz,,"4,80€/Kg","1,99€",https://cdn.intermarche.pt/pt/Content/images/boitmal/produit/zoom/D27DAA2238E27408CFAF7A647FB4E65B.jpg,,/product/backed-beans-embalagem-de-415g/5000157024671
37775,Pickles em vinagre,5604260298259,11733,10038,Embalagem de 380 g,PorSi,,"6,03€/Kg","2,29€",https://cdn.intermarche.pt/pt/Content/images/boitmal/produit/zoom/FF61B9B71A0BFF311A22C941B450E058.jpg,,/product/pickles-em-vinagre/5604260298259
1970,Cebolinhos em vinagre,5604260062447,11733,10038,Embalagem de 200 g,PorSi,,"6,95€/Kg","1,39€",https://cdn.intermarche.pt/pt/Content/images/boitmal/produit/zoom/7D6F3BFD74C4EC8A8801C4E9A3BBD54C.jpg,,/product/cebolinhos-em-vinagre/5604260062447
46652,"Lentilhas, embalagem de 600g",3083681137996,11733,10038,,Bonduelle,,"6,65€/Kg","3,99€",https://cdn.intermarche.pt/pt/Content/images/boitmal/produit/zoom/6448716CECF38B7F7E165BDCA6CC72E5.jpg,,/product/lentilhas-embalagem-de-600g/3083681137996
43747,Beterraba aos cubos,5604260311279,11733,10038,Embalagem de 200 g,PorSi,,"22,23€/Kg","2,89€",https://cdn.intermarche.pt/pt/Content/images/boitmal/produit/zoom/09CCAFF183495DC754D2ABCC297A1368.jpg,,/product/beterraba-aos-cubos/5604260311279
28220,"Espargos brancos, frasco de 345g",5601319000566,11733,10038,,Ferbar,,"11,28€/Kg","3,89€",https://cdn.intermarche.pt/pt/Content/images/boitmal/produit/zoom/9E39C617553067D62F95E3FE9B501D05.jpg,,/product/espargos-brancos-frasco-de-345g/5601319000566
43740,Cenouras extra finas,5604260309740,11733,10038,400 g,PorSi,,"4,49€/Kg","1,19€",https://cdn.intermarche.pt/pt/Content/images/boitmal/produit/zoom/D2B47FC372613E05954FB61C5A1E3DB1.jpg,,/product/cenouras-extra-finas/5604260309740
43746,Jardineira de legumes,5604260311262,11733,10038,800 g,PorSi,,"3,24€/Kg","2,59€",https://cdn.intermarche.pt/pt/Content/images/boitmal/produit/zoom/678B42BC44221A000DF8C7C4A5CB2B6A.jpg,,/product/jardineira-de-legumes/5604260311262
43003,Macedónia de legumes,5604260309726,11733,10038,Embalagem de 3 x 200 g,PorSi,,"4,15€/Kg","2,49€",https://cdn.intermarche.pt/pt/Content/images/boitmal/produit/zoom/7DC1CA8E520315400FEE12F7AFEA83A8.jpg,,/product/macedonia-de-legumes/5604260309726
2039,"Couve flor em conserva, frasco 180g",5604260128754,11733,10038,,PorSi,,"7,95€/Kg","1,59€",https://cdn.intermarche.pt/pt/Content/images/boitmal/produit/zoom/B97608222BB3A734D138B66015F5E011.jpg,,/product/couve-flor-em-conserva-frasco-180g/5604260128754
28221,"Espargos verdes, frasco de 345g",5601319035599,11733,10038,,Ferbar,,"11,57€/Kg","3,99€",https://cdn.intermarche.pt/pt/Content/images/boitmal/produit/zoom/DD1978BF1979EBEED13C0A7D767084A8.jpg,,/product/espargos-verdes-frasco-de-345g/5601319035599
53051,"Beringelas à mediterrânea, 375g",3083681145816,11733,10038,,Bonduelle,,"11,97€/Kg","4,49€",https://cdn.intermarche.pt/pt/Content/images/boitmal/produit/zoom/11148A97C4993E08A39ACDE3F67837A8.jpg,,/product/beringelas-a-mediterranea-375g/3083681145816
53259,"Mistura de legumes ratatouille, 375g",3083681145786,11733,10038,,Bonduelle,,"11,97€/Kg","4,49€",https://cdn.intermarche.pt/pt/Content/images/boitmal/produit/zoom/A45336FE86F03A96153F37DD4CA07785.jpg,,/product/mistura-de-legumes-ratatouille-375g/3083681145786
28318,"Pimentos morrones, frasco com 285 g",5601319030402,11733,10038,,Ferbar,,"8,04€/Kg","2,29€",https://cdn.intermarche.pt/pt/Content/images/boitmal/produit/zoom/40D21848C4030D74F6DBFFA23481AD77.jpg,,/product/pimentos-morrones-frasco-com-285-g/5601319030402
34087,"Favas, embalagem de 2 x 80 g",3083681079647,11733,10038,,Bonduelle,,"15,56€/Kg","2,49€",https://cdn.intermarche.pt/pt/Content/images/boitmal/produit/zoom/CB452D3E85F4C2CB33DDDEA9DC420E85.jpg,,/product/favas-embalagem-de-2-x-80-g/3083681079647
46129,"Legumes primavera, embalagem de 600g",3083681138023,11733,10038,,Bonduelle,,"6,32€/Kg","3,79€",https://cdn.intermarche.pt/pt/Content/images/boitmal/produit/zoom/DE40B22C05B0845140194DBF49221BF5.jpg,,/product/legumes-primavera-embalagem-de-600g/3083681138023
2283,Feijão com dobrada,5604260270132,10245,10040,Embalagem de 420 g,PorSi,,"5,45€/Kg","2,29€",https://cdn.intermarche.pt/pt/Content/images/boitmal/produit/zoom/8B32D324A2D0D98CC624DCED17316D80.jpg,,/product/feijao-com-dobrada/5604260270132
2282,Feijoada,5604260270125,10245,10040,Embalagem de 420 g,PorSi,,"5,93€/Kg","2,49€",https://cdn.intermarche.pt/pt/Content/images/boitmal/produit/zoom/E988CC7888D8C841239391C6C1BE93DE.jpg,,/product/feijoada/5604260270125
2284,Sopa da pedra,5604260270149,10245,10040,Embalagem de 420 g,PorSi,,"5,93€/Kg","2,49€",https://cdn.intermarche.pt/pt/Content/images/boitmal/produit/zoom/38771CF827292E92094A509A8DAA3ED1.jpg,,/product/sopa-da-pedra/5604260270149
27374,"Chouriço com feijão, embalagem de 420g",5604260282494,10245,10040,,PorSi,,"5,45€/Kg","2,29€",https://cdn.intermarche.pt/pt/Content/images/boitmal/produit/zoom/31479D4B2EB830640E67CA397099F701.jpg,,/product/chourico-com-feijao-embalagem-de-420g/5604260282494
42168,Mão de vaca com grão,5604260306732,10245,10040,Embalagem de 420g,PorSi,,"5,93€/Kg","2,49€",https://cdn.intermarche.pt/pt/Content/images/boitmal/produit/zoom/8E7F08651985E649322A5C109B695B1F.jpg,,/product/mao-de-vaca-com-grao/5604260306732
2285,Chispalhada,5604260270156,10245,10040,Embalagem de 420 g,PorSi,,"5,45€/Kg","2,29€",https://cdn.intermarche.pt/pt/Content/images/boitmal/produit/zoom/8CE046F1D9A3C9DE4193911F9864259F.jpg,,/product/chispalhada/5604260270156
14106,Ravioli com tomate,3250391489350,10245,10040,Embalagem 300G,Claude Léger,,"9,97€/Kg","2,99€",https://cdn.intermarche.pt/pt/Content/images/boitmal/produit/zoom/3EA299825225B6237B1E0F0D021922AA.jpg,,/product/ravioli-com-tomate/3250391489350
33971,"Cassoulet, 420g",3250390009511,10245,10040,,Claude Léger,,"4,26€/Kg","1,79€",https://cdn.intermarche.pt/pt/Content/images/boitmal/produit/zoom/31FF0FC59F63309418E92BE7D8F01F1C.jpg,,/product/cassoulet-420g/3250390009511
14108,Paella,3250391490806,10245,10040,Embalagem de 300g,Itinéraire des Saveurs,,"9,97€/Kg","2,99€",https://cdn.intermarche.pt/pt/Content/images/boitmal/produit/zoom/20CDF3216D8CBC608AAB98017CC0EA1A.jpg,,/product/paella/3250391490806
1212,"Refeição caseira almôndegas, embalagem de 420g",5601119950481,10245,10040,,Nobre,,"9,40€/Kg","3,95€",https://cdn.intermarche.pt/pt/Content/images/boitmal/produit/zoom/47CB38BAA4CE4E3A9784CEF63DE5F6DC.jpg,,/product/refeicao-caseira-almondegas-embalagem-de-420g/5601119950481
1214,"Receita caseira de bolonhesa, 420g",5601119950504,10245,10040,,Nobre,,"9,26€/Kg","3,89€",https://cdn.intermarche.pt/pt/Content/images/boitmal/produit/zoom/8CC4A829E458CB73CE8F705F388FCA87.jpg,,/product/receita-caseira-de-bolonhesa-420g/5601119950504
49838,"Bolonhesa seitan vegalia, 420g",5601119359147,10245,10040,,Nobre,,"10,69€/Kg","4,49€",https://cdn.intermarche.pt/pt/Content/images/boitmal/produit/zoom/E217B19121540ED3C0A65E480B184806.jpg,,/product/bolonhesa-seitan-vegalia-420g/5601119359147
14105,"Chili com carne, embalagem 300g",3250391489237,10245,10040,,Itinéraire des Saveurs,,"9,97€/Kg","2,99€",https://cdn.intermarche.pt/pt/Content/images/boitmal/produit/zoom/14A7AADC2804E58E0031D4BAF3BB351F.jpg,,/product/chili-com-carne-embalagem-300g/3250391489237
1213,"Receita caseira de jardineira, 420g",5601119950498,10245,10040,,Nobre,,"9,40€/Kg","3,95€",https://cdn.intermarche.pt/pt/Content/images/boitmal/produit/zoom/C5B47D9CF40508C723D8F1B6EC7EB44A.jpg,,/product/receita-caseira-de-jardineira-420g/5601119950498
25554,"Arroz Integral Pronto a Comer sem Glúten, 2x125g",5601260305024,10245,10040,,Cigala,,"7,56€/Kg","1,89€",https://cdn.intermarche.pt/pt/Content/images/boitmal/produit/zoom/4AD221263FCF129883159877F723139C.jpg,,/product/arroz-integral-pronto-a-comer-sem-gluten-2x125g/5601260305024
23477,"Le cassoulet, 840g",3250390009504,10245,10040,,Claude Léger,,"4,39€/Kg","3,69€",https://cdn.intermarche.pt/pt/Content/images/boitmal/produit/zoom/3C76C742BF5F51F904FC4C06E3DE4174.jpg,,/product/le-cassoulet-840g/3250390009504
419,"Sopa de cebola, embalagem de 50g",8718114882536,10246,10040,,Knorr,,"45,80€/Kg","2,29€",https://cdn.intermarche.pt/pt/Content/images/boitmal/produit/zoom/ED2CDBB9018393062912BF3E0AF214D1.jpg,,/product/sopa-de-cebola-embalagem-de-50g/8718114882536
10639,"Sopa gourmet, cogumelos, embalagem de 60g",8712566395514,10246,10040,,Knorr,,"49,02€/Kg","2,99€",https://cdn.intermarche.pt/pt/Content/images/boitmal/produit/zoom/B0DE93CCE9C882CDFCAF84912313B4E5.jpg,,/product/sopa-gourmet-cogumelos-embalagem-de-60g/8712566395514
391,"Sopa de cozido, 70g",8712566173648,10246,10040,,Knorr,,"33,19€/Kg","2,29€",https://cdn.intermarche.pt/pt/Content/images/boitmal/produit/zoom/C0EE5A12F75937ABFCDAF9A5E610D848.jpg,,/product/sopa-de-cozido-70g/8712566173648
392,"Canja com aletria, embalagem de 70g",8712566173860,10246,10040,,Knorr,,"33,68€/Kg","2,29€",https://cdn.intermarche.pt/pt/Content/images/boitmal/produit/zoom/97E00E32BCAF3594A1D59DEF0C0A64C0.jpg,,/product/canja-com-aletria-embalagem-de-70g/8712566173860
393,"Creme marisco, embalagem de 70g",8712566173945,10246,10040,,Knorr,,"31,81€/Kg","2,29€",https://cdn.intermarche.pt/pt/Content/images/boitmal/produit/zoom/5AC7DB72DD40FCC73A38BA936E17E369.jpg,,/product/creme-marisco-embalagem-de-70g/8712566173945
388,"Sopa de rabo de boi, 70g",8712566156115,10246,10040,,Knorr,,"32,25€/Kg","2,29€",https://cdn.intermarche.pt/pt/Content/images/boitmal/produit/zoom/3119D8C67F6BF71B6E1A9D2753C65A49.jpg,,/product/sopa-de-rabo-de-boi-70g/8712566156115
432,"Sopa de legumes, embalagem de 60g",8722700084952,10246,10040,,Knorr,,"36,35€/Kg","2,29€",https://cdn.intermarche.pt/pt/Content/images/boitmal/produit/zoom/CDD0F7AF267061F5F2B16720B17C4635.jpg,,/product/sopa-de-legumes-embalagem-de-60g/8722700084952
415,"Sopa de tomate, embalagem de 90g",8718114840291,10246,10040,,Knorr,,"26,94€/Kg","2,29€",https://cdn.intermarche.pt/pt/Content/images/boitmal/produit/zoom/242C36A57E5B35CE57DC33C8EF848B24.jpg,,/product/sopa-de-tomate-embalagem-de-90g/8718114840291
32056,"Gaspacho original, 1l",8422174010029,10246,10040,,ALVALLE,,"3,99€/L","3,99€",https://cdn.intermarche.pt/pt/Content/images/boitmal/produit/zoom/57A0EB033DD42A6E8CFB15CC110B59ED.jpg,,/product/gaspacho-original-1l/8422174010029
47080,"Sopa de agrião, embalagem de 53g",8720182148650,10246,10040,,Knorr,,"43,21€/Kg","2,29€",https://cdn.intermarche.pt/pt/Content/images/boitmal/produit/zoom/4D079BBA3ADFD9CC577FC628EA91483E.jpg,,/product/sopa-de-agriao-embalagem-de-53g/8720182148650
47082,"Sopa massa e lentilhas, 155g",8711200480098,10246,10040,,Knorr,,"25,74€/Kg","3,99€",https://cdn.intermarche.pt/pt/Content/images/boitmal/produit/zoom/F74A7AF5083ABF64EE2DC88E1486D40A.jpg,,/product/sopa-massa-e-lentilhas-155g/8711200480098
47083,"Sopa massa e feijão, 182g",8720182261908,10246,10040,,Knorr,,"21,92€/Kg","3,99€",https://cdn.intermarche.pt/pt/Content/images/boitmal/produit/zoom/C290654E1013D2318B0D7867539890DD.jpg,,/product/sopa-massa-e-feijao-182g/8720182261908
51398,"Sopa disney frozen, embalagem de 40g",8720182433190,10246,10040,,Knorr,,"57,25€/Kg","2,29€",https://cdn.intermarche.pt/pt/Content/images/boitmal/produit/zoom/9077F1C98890FA6A1A18792257A8F6B9.jpg,,/product/sopa-disney-frozen-embalagem-de-40g/8720182433190
6820,"Creme lagosta, embalagem de 60g",8712566127757,10246,10040,,Knorr,,"37,54€/Kg","2,29€",https://cdn.intermarche.pt/pt/Content/images/boitmal/produit/zoom/4A5C4560F5172C0E4D53FE3FA5E1E52A.jpg,,/product/creme-lagosta-embalagem-de-60g/8712566127757
16706,"Noodle banzai carne, embalagem de 70g",5601260592608,11746,10040,,Cigala,,"17,76€/Kg","1,19€",https://cdn.intermarche.pt/pt/Content/images/boitmal/produit/zoom/48D264BBA6C231F829A9294EFE385289.jpg,,/product/noodle-banzai-carne-embalagem-de-70g/5601260592608
31580,"Tortilhas de trigo, 244g",8410076470584,11746,10040,,Old El Paso,,"10,20€/Kg","2,49€",https://cdn.intermarche.pt/pt/Content/images/boitmal/produit/zoom/B520C03A87D419C26BF808B151773A5E.jpg,,/product/tortilhas-de-trigo-244g/8410076470584
40347,"6 tortilhas de trigo wrap, embalagem de 350g",8410076471604,11746,10040,,Old El Paso,,"11,40€/Kg","3,99€",https://cdn.intermarche.pt/pt/Content/images/boitmal/produit/zoom/82EA638866E34F556114F2E95362AEAD.jpg,,/product/6-tortilhas-de-trigo-wrap-embalagem-de-350g/8410076471604
52840,"Pasta pot carbonara, 55g",8711327420618,11746,10040,,Knorr,,"41,82€/Kg","2,30€",https://cdn.intermarche.pt/pt/Content/images/boitmal/produit/zoom/BBA3B2C5569EBE70CCAAE0DBF18350D6.jpg,,/product/pasta-pot-carbonara-55g/8711327420618
53238,"6 Wraps Clássicos, 240g",5601027116313,11746,10040,,Bimbo,,"9,54€/Kg","2,29€",https://cdn.intermarche.pt/pt/Content/images/boitmal/produit/zoom/7926F784CCD1B5A3F959372091525713.jpg,,/product/6-wraps-classicos-240g/5601027116313
20988,"Noodle banzai galinha, embalagem de 70g",5601260593605,11746,10040,,Cigala,,"17,76€/Kg","1,19€",https://cdn.intermarche.pt/pt/Content/images/boitmal/produit/zoom/F7AC63D0A0C791A61F74299B35A01A13.jpg,,/product/noodle-banzai-galinha-embalagem-de-70g/5601260593605
20621,"Noodles de caril banzai, 70g",5601260591601,11746,10040,,Cigala,,"17,76€/Kg","1,19€",https://cdn.intermarche.pt/pt/Content/images/boitmal/produit/zoom/113F4050880E65E8AAFFDB7F24C4F1E8.jpg,,/product/noodles-de-caril-banzai-70g/5601260591601
25783,Noodles galinha,8714100667569,11746,10040,Embalagem de 60g,Knorr,,"21,15€/Kg","1,29€",https://cdn.intermarche.pt/pt/Content/images/boitmal/produit/zoom/5A5437BE80AF365D548458C62476F4F2.jpg,,/product/noodles-galinha/8714100667569
25784,Noodles queijo & ervas,8714100667637,11746,10040,Embalagem de 60g,Knorr,,"21,15€/Kg","1,29€",https://cdn.intermarche.pt/pt/Content/images/boitmal/produit/zoom/33148BDC0F897C3B345F402DC999BB3D.jpg,,/product/noodles-queijo-&-ervas/8714100667637
25871,"Noodles de camarão banzai, 70g",5601260594602,11746,10040,,Cigala,,"17,76€/Kg","1,19€",https://cdn.intermarche.pt/pt/Content/images/boitmal/produit/zoom/1903BDCD3D7E0595DC114CD096441B32.jpg,,/product/noodles-de-camarao-banzai-70g/5601260594602
53167,"Folha de Arroz, 134g",5010338015817,11746,10040,,Blue Dragon,,"33,51€/Kg","4,49€",https://cdn.intermarche.pt/pt/Content/images/boitmal/produit/zoom/722B4278677C7578F310CDBC9E6DAA69.jpg,,/product/folha-de-arroz-134g/5010338015817
25554,"Arroz Integral Pronto a Comer sem Glúten, 2x125g",5601260305024,10245,10040,,Cigala,,"7,56€/Kg","1,89€",https://cdn.intermarche.pt/pt/Content/images/boitmal/produit/zoom/4AD221263FCF129883159877F723139C.jpg,,/product/arroz-integral-pronto-a-comer-sem-gluten-2x125g/5601260305024
40262,"Massa Instantânea Carne, 85g",8888056603916,11746,10040,,Koka,,"9,88€/Kg","0,84€",https://cdn.intermarche.pt/pt/Content/images/boitmal/produit/zoom/069DD774D8080E1007D3B20314722D80.jpg,,/product/massa-instantanea-carne-85g/8888056603916
49999,"Sabores do mediterrâneo, 250g",5601228100036,11746,10040,,Natura,,"9,16€/Kg","2,29€",https://cdn.intermarche.pt/pt/Content/images/boitmal/produit/zoom/21344A76F024CA1B5F825B1BA1064B2A.jpg,,/product/sabores-do-mediterraneo-250g/5601228100036
53043,"Noodles Frango, 121g",8445290661548,11746,10040,,Maggi,,"18,93€/Kg","2,29€",https://cdn.intermarche.pt/pt/Content/images/boitmal/produit/zoom/70503FA2F72E156F60153FB0F51DDBDC.jpg,,/product/noodles-frango-121g/8445290661548
50450,"Potato pot bacon e cebola, embalagem de 51g",8710522729755,11746,10040,,Knorr,,"39,48€/Kg","2,29€",https://cdn.intermarche.pt/pt/Content/images/boitmal/produit/zoom/25207F6FBC49924E12611BD2533EDFBB.jpg,,/product/potato-pot-bacon-e-cebola-embalagem-de-51g/8710522729755
44059,"Batata frita lisas originais, embalagem de 160g",5601363012683,10221,10037,,LayS,,"8,69€/Kg","1,39€",https://cdn.intermarche.pt/pt/Content/images/boitmal/produit/zoom/9405F85D185C02A8CF73F6D35DB06623.jpg,2024-11-27T23:59:59.999Z,/product/batata-frita-lisas-originais-embalagem-de-160g/5601363012683
23758,Batata frita gourmet,5604260282616,10221,10037,Embalagem de 150g,PorSi,,"8,20€/Kg","1,23€",https://cdn.intermarche.pt/pt/Content/images/boitmal/produit/zoom/484C607F1829C70372CFC9B58ADA12DB.jpg,,/product/batata-frita-gourmet/5604260282616
2784,"Batata frita, embalagem de 160 g",8410199021137,10221,10037,,Ruffles,,"9,94€/Kg","1,59€",https://cdn.intermarche.pt/pt/Content/images/boitmal/produit/zoom/AE5CA9EE473687F8C0AB4A374C973B74.jpg,,/product/batata-frita-embalagem-de-160-g/8410199021137
43334,Batata doce frita,5604260309016,10221,10037,Embalagem de 150g,PorSi,,"11,27€/Kg","1,69€",https://cdn.intermarche.pt/pt/Content/images/boitmal/produit/zoom/179B3951EC71CB216A3FE7922E654269.jpg,,/product/batata-doce-frita/5604260309016
52188,Porsi batatas fritas onduladas wavy,5604260295425,10221,10037,Embalagem de 185g,PorSi,,"5,73€/Kg","1,06€",https://cdn.intermarche.pt/pt/Content/images/boitmal/produit/zoom/ADA1D3CFE0871DC15C7A9CD6A4115E77.jpg,,/product/porsi-batatas-fritas-onduladas-wavy/5604260295425
9403,Batata frita light,5604260042302,10221,10037,Embalagem de 150g,PorSi,,"7,93€/Kg","1,19€",https://cdn.intermarche.pt/pt/Content/images/boitmal/produit/zoom/72EC4E1465A5640D220DE0C445665335.jpg,,/product/batata-frita-light/5604260042302
44701,"Snacks batata original, embalagem de 175g",5053990156009,10221,10037,,Pringles,,"17,09€/Kg","2,99€",https://cdn.intermarche.pt/pt/Content/images/boitmal/produit/zoom/A4350F1969E3C38471802CC20C7A43A5.jpg,,/product/snacks-batata-original-embalagem-de-175g/5053990156009
52041,Ruffles original,8410199024763,10221,10037,Embalagem de 265g,Ruffles,,"9,77€/Kg","2,59€",https://cdn.intermarche.pt/pt/Content/images/boitmal/produit/zoom/9489E038ADA4A48D19D9B4435123B1A0.jpg,,/product/ruffles-original/8410199024763
43710,Batata frita ondulada wavy,5604260309382,10221,10037,Embalagem de 180g,PorSi,,"9,94€/Kg","1,79€",https://cdn.intermarche.pt/pt/Content/images/boitmal/produit/zoom/FFBEA63616981B500CD7811A9F53B357.jpg,,/product/batata-frita-ondulada-wavy/5604260309382
10153,"Batata frita forno originais, embalagem de 150g",8410199002402,10221,10037,,LayS,,"13,27€/Kg","1,99€",https://cdn.intermarche.pt/pt/Content/images/boitmal/produit/zoom/3686D64009D8F25CF64CB0A60ABCE0D5.jpg,,/product/batata-frita-forno-originais-embalagem-de-150g/8410199002402
18077,"Batata frita lisas originais, embalagem de 265 g",5601363013710,10221,10037,,LayS,,"9,02€/Kg","2,39€",https://cdn.intermarche.pt/pt/Content/images/boitmal/produit/zoom/CF8217FA85A3451EA0DCCD11BEF5FB1F.jpg,,/product/batata-frita-lisas-originais-embalagem-de-265-g/5601363013710
53085,"Batatas fritas gourmet original, 45g",8410199000804,10221,10037,,LayS,,"23,33€/Kg","1,05€",https://cdn.intermarche.pt/pt/Content/images/boitmal/produit/zoom/97CBCE69BA5E11E347CD89597FAD6179.jpg,,/product/batatas-fritas-gourmet-original-45g/8410199000804
53086,"Batatas fritas originais, 45g",8410199010407,10221,10037,,Ruffles,,"24,22€/Kg","1,09€",https://cdn.intermarche.pt/pt/Content/images/boitmal/produit/zoom/3CE6FF3BDB2189BAD695B12F591312F2.jpg,,/product/batatas-fritas-originais-45g/8410199010407
53226,"Batatas fritas lisas 0% sal, 140g",5601363014052,10221,10037,,LayS,,"14,21€/Kg","1,99€",https://cdn.intermarche.pt/pt/Content/images/boitmal/produit/zoom/15015B706ED053750D93713F9E75C118.jpg,,/product/batatas-fritas-lisas-0%25-sal-140g/5601363014052
36183,Batata doce frita,5604736300097,10221,10037,embalagem de 100 g,Maria Batata,,"21,90€/Kg","2,19€",https://cdn.intermarche.pt/pt/Content/images/boitmal/produit/zoom/71A1C6E59EDA9EE5A4876F3C1F68F50F.jpg,,/product/batata-doce-frita/5604736300097
48238,"Lays gourmet corte fino, embalagem de 180 g",8410199023094,10221,10037,,LayS,,"15,82€/Kg","2,69€",https://cdn.intermarche.pt/pt/Content/images/boitmal/produit/zoom/DB554989B3207326DF349FCDC6522981.jpg,,/product/lays-gourmet-corte-fino-embalagem-de-180-g/8410199023094
2265,Batata frita camponesa,5604260269853,10219,10037,Embalagem de 175 g,PorSi,,"6,80€/Kg","1,19€",https://cdn.intermarche.pt/pt/Content/images/boitmal/produit/zoom/F4F76E937CA87D0CF91E2CA50315B144.jpg,,/product/batata-frita-camponesa/5604260269853
1844,Batata frita de presunto,5604260035847,10219,10037,Embalagem de 185 g,PorSi,,"6,70€/Kg","1,24€",https://cdn.intermarche.pt/pt/Content/images/boitmal/produit/zoom/8AF52ABC6301CD0B07854022DF592ACF.jpg,,/product/batata-frita-de-presunto/5604260035847
1845,"Batata frita, queijo e ervas",5604260035854,10219,10037,Embalagem de 190g,PorSi,,"8,89€/Kg","1,69€",https://cdn.intermarche.pt/pt/Content/images/boitmal/produit/zoom/75C1A03F22287F7089357D90EA06416A.jpg,,/product/batata-frita-queijo-e-ervas/5604260035854
1862,Batata frita churrasco,5604260042340,10219,10037,Embalagem de 185 g,PorSi,,"7,05€/Kg","1,34€",https://cdn.intermarche.pt/pt/Content/images/boitmal/produit/zoom/59910B2D5B8AC0BB55EF244564097D90.jpg,,/product/batata-frita-churrasco/5604260042340
2785,"Batata frita presunto, embalagem de 150 g",5601363013222,10219,10037,,Ruffles,,"11,27€/Kg","1,69€",https://cdn.intermarche.pt/pt/Content/images/boitmal/produit/zoom/465DFCD60327C277E0479C4D2D7F7E72.jpg,,/product/batata-frita-presunto-embalagem-de-150-g/5601363013222
41139,Batatas fritas ovo frito com presunto,5604260303878,10219,10037,Embalagem de 150 g,PorSi,,"9,27€/Kg","1,39€",https://cdn.intermarche.pt/pt/Content/images/boitmal/produit/zoom/82386744EC2CC073B945DC9C52B67321.jpg,,/product/batatas-fritas-ovo-frito-com-presunto/5604260303878
44702,"Snacks batata sour cream & onion, embalagem de 175g",5053990155354,10219,10037,,Pringles,,"17,09€/Kg","2,99€",https://cdn.intermarche.pt/pt/Content/images/boitmal/produit/zoom/CAC75B605C8B7B46C574BB916C039D54.jpg,,/product/snacks-batata-sour-cream-&-onion-embalagem-de-175g/5053990155354
51406,Batatas fritas presunto e camponesas,5604260326402,10219,10037,pack 4 x 45 g,PorSi,,"9,17€/Kg","1,65€",https://cdn.intermarche.pt/pt/Content/images/boitmal/produit/zoom/CECBD8C5EC9EA337E9933DD8C507E64E.jpg,,/product/batatas-fritas-presunto-e-camponesas/5604260326402
48781,"Batatas fritas queijo e cebola, 150g",8410199023063,10219,10037,,LayS,,"13,93€/Kg","2,09€",https://cdn.intermarche.pt/pt/Content/images/boitmal/produit/zoom/A2168EB427E5F6B490000D7CEC51CF2B.jpg,,/product/batatas-fritas-queijo-e-cebola-150g/8410199023063
50937,"Batatas Fitas Lisa Orégãos, 150 g",5604260326396,10219,10037,,PorSi,,"9,27€/Kg","1,39€",https://cdn.intermarche.pt/pt/Content/images/boitmal/produit/zoom/4A896209673EC5F3624B71B45FAEEBC2.jpg,,/product/batatas-fitas-lisa-oregaos-150-g/5604260326396
41138,Batatas fritas ketchup,5604260303199,10219,10037,Embalagem de 170 g,PorSi,,"7,29€/Kg","1,24€",https://cdn.intermarche.pt/pt/Content/images/boitmal/produit/zoom/A6B80C6976945E720EC4069B208856C4.jpg,,/product/batatas-fritas-ketchup/5604260303199
9621,Batata frita em azeite,5604260264766,10219,10037,Embalagem de 150g,PorSi,,"9,67€/Kg","1,45€",https://cdn.intermarche.pt/pt/Content/images/boitmal/produit/zoom/8D19D77F4DEA0C4E1CDBB22D8F654855.jpg,,/product/batata-frita-em-azeite/5604260264766
48779,"Batatas fritas com sabor a sal e vinagre, embalagem de 150g",8410199023117,10219,10037,,LayS,,"11,27€/Kg","1,69€",https://cdn.intermarche.pt/pt/Content/images/boitmal/produit/zoom/E695695F993CDC52CF58415F9BEFEC19.jpg,,/product/batatas-fritas-com-sabor-a-sal-e-vinagre-embalagem-de-150g/8410199023117
12370,"Batata frita, receita camponesa, embalagem de 250g",8410199010339,10219,10037,,LayS,,"9,56€/Kg","2,39€",https://cdn.intermarche.pt/pt/Content/images/boitmal/produit/zoom/9348588911916E8A310340620CCB0CF4.jpg,,/product/batata-frita-receita-camponesa-embalagem-de-250g/8410199010339
44704,"Snacks batata hot & spicy, embalagem de 175g",5053990155941,10219,10037,,Pringles,,"13,66€/Kg","2,39€",https://cdn.intermarche.pt/pt/Content/images/boitmal/produit/zoom/4E274A9B899E3F171EF5DBCC6BAFC4CB.jpg,,/product/snacks-batata-hot-&-spicy-embalagem-de-175g/5053990155941
48782,"Batatas camponesas, embalagem de 150g",8410199023070,10219,10037,,LayS,,"10,60€/Kg","1,59€",https://cdn.intermarche.pt/pt/Content/images/boitmal/produit/zoom/3D2C8E9AA8AB458BC8BE1C5915BD61CF.jpg,,/product/batatas-camponesas-embalagem-de-150g/8410199023070
47650,"Snacks flame spicy bbq, 160g",5053990160075,10219,10037,,Pringles,,"14,94€/Kg","2,39€",https://cdn.intermarche.pt/pt/Content/images/boitmal/produit/zoom/BED945752F5D1FCDB97594689AF56C9A.jpg,,/product/snacks-flame-spicy-bbq-160g/5053990160075
47649,"Snacks flame kickin sour cream, 160g",5053990160037,10219,10037,,Pringles,,"18,69€/Kg","2,99€",https://cdn.intermarche.pt/pt/Content/images/boitmal/produit/zoom/F9132EEEE015B1A30358CA9676139445.jpg,,/product/snacks-flame-kickin-sour-cream-160g/5053990160037
53087,Batatas fritas sabor a presunto 45 g,8410199140401,10219,10037,,Ruffles,,"23,33€/Kg","1,05€",https://cdn.intermarche.pt/pt/Content/images/boitmal/produit/zoom/9819CD492FAE3FE38C552C4A493B82CC.jpg,,/product/batatas-fritas-sabor-a-presunto-45-g/8410199140401
5457,"Batatas fritas sabor a presunto, embalagem de 275 g",8410199024749,10219,10037,,Ruffles,,"9,42€/Kg","2,59€",https://cdn.intermarche.pt/pt/Content/images/boitmal/produit/zoom/8174131FDFD3A5F1C1106C6BC8C56ABC.jpg,,/product/batatas-fritas-sabor-a-presunto-embalagem-de-275-g/8410199024749
49435,"Batata sabor paprika, embalagem de 150g",8410199023100,10219,10037,,LayS,,"13,93€/Kg","2,09€",https://cdn.intermarche.pt/pt/Content/images/boitmal/produit/zoom/785B31AF27DEA60FD8C6AE88114ACB6B.jpg,,/product/batata-sabor-paprika-embalagem-de-150g/8410199023100
49071,"Batatas yorkeso, embalagem de 150g",8410199023155,10219,10037,,Ruffles,,"11,27€/Kg","1,69€",https://cdn.intermarche.pt/pt/Content/images/boitmal/produit/zoom/EB06732BE4DFBC2A1540CD92E0D89A92.jpg,,/product/batatas-yorkeso-embalagem-de-150g/8410199023155
1834,Batata frita palha,5604260034505,10218,10037,Embalagem de 500g,PorSi,,"4,98€/Kg","2,49€",https://cdn.intermarche.pt/pt/Content/images/boitmal/produit/zoom/EE3A24E1B49D8696BD0274BA327C7B85.jpg,,/product/batata-frita-palha/5604260034505
1833,Batata frita palha,5604260034499,10218,10037,Embalagem de 160g,PorSi,,"5,44€/Kg","0,87€",https://cdn.intermarche.pt/pt/Content/images/boitmal/produit/zoom/8D6F9BB0B5DE441329EE2BC9A8C4C03B.jpg,,/product/batata-frita-palha/5604260034499
36691,Batata frita caseira,5604260295494,10218,10037,Embalagem de 500g,PorSi,,"5,98€/Kg","2,99€",https://cdn.intermarche.pt/pt/Content/images/boitmal/produit/zoom/6E7194EC520D095613A539BD01C896ED.jpg,,/product/batata-frita-caseira/5604260295494
36692,Batata frita caseira,5604260295487,10218,10037,Embalagem de 180g,PorSi,,"6,94€/Kg","1,25€",https://cdn.intermarche.pt/pt/Content/images/boitmal/produit/zoom/6A77EF7292363AB390A2FD80C0969120.jpg,,/product/batata-frita-caseira/5604260295487
41128,Batata palha finíssima,5604260303212,10218,10037,Embalagem de 180 g,PorSi Select,,"8,83€/Kg","1,59€",https://cdn.intermarche.pt/pt/Content/images/boitmal/produit/zoom/C2757CEF93316B19E50CAE66E21AFFE8.jpg,,/product/batata-palha-finissima/5604260303212
1495,"Batata frita caseira rodela, embalagem de 300g",5601363100380,10218,10037,,Pála-Pála,,"8,63€/Kg","2,59€",https://cdn.intermarche.pt/pt/Content/images/boitmal/produit/zoom/435639F401CCCA6BEF0759614E4D4A21.jpg,,/product/batata-frita-caseira-rodela-embalagem-de-300g/5601363100380
1174,"Batata frita caseira, rodela, embalagem de 180g",5601099041803,10218,10037,,Pala Pala,,"11,06€/Kg","1,99€",https://cdn.intermarche.pt/pt/Content/images/boitmal/produit/zoom/BCF7AEE4E6B6634E3C0EEE4258FA247E.jpg,,/product/batata-frita-caseira-rodela-embalagem-de-180g/5601099041803
52187,"Pála-pála palhinha, 400g",5601363013864,10218,10037,,Pála-Pála,,"8,23€/Kg","3,29€",https://cdn.intermarche.pt/pt/Content/images/boitmal/produit/zoom/FB76C6DADD87CA547A0ED67B58B571F8.jpg,,/product/pala-pala-palhinha-400g/5601363013864
44642,"Snack de milho com sabor chilli, 140g",8410199021168,10222,10037,,Doritos,,"9,93€/Kg","1,39€",https://cdn.intermarche.pt/pt/Content/images/boitmal/produit/zoom/0D42AC5D9667C95529F58BBD8FD6058F.jpg,2024-11-27T23:59:59.999Z,/product/snack-de-milho-com-sabor-chilli-140g/8410199021168
44643,"Doritos bbq, embalagem de 140g",8410199021175,10222,10037,,Doritos,,"9,93€/Kg","1,39€",https://cdn.intermarche.pt/pt/Content/images/boitmal/produit/zoom/DF57EDC573BECE9F576A6DC974CF5C99.jpg,2024-11-27T23:59:59.999Z,/product/doritos-bbq-embalagem-de-140g/8410199021175
2788,"Aperitivos futebolas, embalagem de 130g",8410199790958,10222,10037,,Cheetos,,"15,31€/Kg","1,99€",https://cdn.intermarche.pt/pt/Content/images/boitmal/produit/zoom/9D50C1936917408EF2B85B3012A00D4C.jpg,,/product/aperitivos-futebolas-embalagem-de-130g/8410199790958
38002,"Snack de milho com queijo, embalagem de 75g",8410199810656,10222,10037,,Cheetos,,"26,53€/Kg","1,99€",https://cdn.intermarche.pt/pt/Content/images/boitmal/produit/zoom/B9D8F6E58F3EC261785EE792535F857F.jpg,,/product/snack-de-milho-com-queijo-embalagem-de-75g/8410199810656
44702,"Snacks batata sour cream & onion, embalagem de 175g",5053990155354,10219,10037,,Pringles,,"17,09€/Kg","2,99€",https://cdn.intermarche.pt/pt/Content/images/boitmal/produit/zoom/CAC75B605C8B7B46C574BB916C039D54.jpg,,/product/snacks-batata-sour-cream-&-onion-embalagem-de-175g/5053990155354
10161,"Aperitivos 3ds cones, embalagem de 90g",8410199030900,10222,10037,,LayS,,"23,41€/Kg","1,99€",https://cdn.intermarche.pt/pt/Content/images/boitmal/produit/zoom/EC348049868D39036CC02EADA4A09D85.jpg,,/product/aperitivos-3ds-cones-embalagem-de-90g/8410199030900
1490,"Aperitivos fritos, embalagem 130g",5601363001144,10222,10037,,Fritos,,"15,31€/Kg","1,99€",https://cdn.intermarche.pt/pt/Content/images/boitmal/produit/zoom/FD29E13B4B80F4E27D87F6225D77EAE9.jpg,,/product/aperitivos-fritos-embalagem-130g/5601363001144
2780,"Aperitivos palitos, embalagem de 100g",8410199002303,10222,10037,,Cheetos,,"20,73€/Kg","1,99€",https://cdn.intermarche.pt/pt/Content/images/boitmal/produit/zoom/51FD8C1CF62A1D7BC78850528CFB49A1.jpg,,/product/aperitivos-palitos-embalagem-de-100g/8410199002303
44701,"Snacks batata original, embalagem de 175g",5053990156009,10221,10037,,Pringles,,"17,09€/Kg","2,99€",https://cdn.intermarche.pt/pt/Content/images/boitmal/produit/zoom/A4350F1969E3C38471802CC20C7A43A5.jpg,,/product/snacks-batata-original-embalagem-de-175g/5053990156009
45698,Aperitivo com camarão,5604260313914,10222,10037,Embalagem de 75g,PorSi,,"17,20€/Kg","1,29€",https://cdn.intermarche.pt/pt/Content/images/boitmal/produit/zoom/7A0D5A4954E952326F425D781D702CBC.jpg,,/product/aperitivo-com-camarao/5604260313914
45677,Snacks crocantes com bacon,5604260312016,10222,10037,Embalagem de 60g,PorSi,,"16,50€/Kg","0,99€",https://cdn.intermarche.pt/pt/Content/images/boitmal/produit/zoom/2728B1CDD49C7612E8F1DC8F79CE3C00.jpg,,/product/snacks-crocantes-com-bacon/5604260312016
45678,Snacks crocantes com queijo,5604260312023,10222,10037,Embalagem de 90g,PorSi,,"9,89€/Kg","0,89€",https://cdn.intermarche.pt/pt/Content/images/boitmal/produit/zoom/2B6FDC708CB46A0E2FD81DF4026ED40D.jpg,,/product/snacks-crocantes-com-queijo/5604260312023
42831,Snack maçã vermelha desidratada,5604260309412,10222,10037,Embalagem de 35g,PorSi,,"28,29€/Kg","0,99€",https://cdn.intermarche.pt/pt/Content/images/boitmal/produit/zoom/51B367F70DF095422AF4D7819FD01035.jpg,,/product/snack-maca-vermelha-desidratada/5604260309412
42830,Snack maçã verde desidratada,5604260309405,10222,10037,Embalagem de 35g,PorSi,,"28,29€/Kg","0,99€",https://cdn.intermarche.pt/pt/Content/images/boitmal/produit/zoom/7C915E428995337358BE3A988D306BE0.jpg,,/product/snack-maca-verde-desidratada/5604260309405
1491,"Aperitivos tex mex, embalagem de 120g",5601363001168,10222,10037,,Doritos,,"16,58€/Kg","1,99€",https://cdn.intermarche.pt/pt/Content/images/boitmal/produit/zoom/D72F9ADD8589E1B64CFA8FB4FBDAE814.jpg,,/product/aperitivos-tex-mex-embalagem-de-120g/5601363001168
2786,"Aperitivos rolitos, embalagem de 100g",8410199150905,10222,10037,,Cheetos,,"19,90€/Kg","1,99€",https://cdn.intermarche.pt/pt/Content/images/boitmal/produit/zoom/C45683EA649508FF7E821044A85DB8C2.jpg,,/product/aperitivos-rolitos-embalagem-de-100g/8410199150905
5584,Aperitivos couratos,5602107003127,10222,10037,Embalagem de 50 g,SAN ZE,,"25,80€/Kg","1,29€",https://cdn.intermarche.pt/pt/Content/images/boitmal/produit/zoom/04AEBBA050EB9CA81396FB9D636BF636.jpg,,/product/aperitivos-couratos/5602107003127
40121,"Queijo chips, 185g",8410076481825,10222,10037,,Old El Paso,,"16,16€/Kg","2,99€",https://cdn.intermarche.pt/pt/Content/images/boitmal/produit/zoom/DEA1516B26F52576858FA0F1943C8F52.jpg,,/product/queijo-chips-185g/8410076481825
40348,"Nachips, 185g",8410076481597,10222,10037,,Old El Paso,,"17,78€/Kg","3,29€",https://cdn.intermarche.pt/pt/Content/images/boitmal/produit/zoom/FD6208E3B3539C8A140DAE76943090D4.jpg,,/product/nachips-185g/8410076481597
44704,"Snacks batata hot & spicy, embalagem de 175g",5053990155941,10219,10037,,Pringles,,"13,66€/Kg","2,39€",https://cdn.intermarche.pt/pt/Content/images/boitmal/produit/zoom/4E274A9B899E3F171EF5DBCC6BAFC4CB.jpg,,/product/snacks-batata-hot-&-spicy-embalagem-de-175g/5053990155941
47650,"Snacks flame spicy bbq, 160g",5053990160075,10219,10037,,Pringles,,"14,94€/Kg","2,39€",https://cdn.intermarche.pt/pt/Content/images/boitmal/produit/zoom/BED945752F5D1FCDB97594689AF56C9A.jpg,,/product/snacks-flame-spicy-bbq-160g/5053990160075
53281,"Aperitivos de paprika, 175g",5053990162734,10222,10037,,Pringles,,"17,09€/Kg","2,99€",https://cdn.intermarche.pt/pt/Content/images/boitmal/produit/zoom/C0057FF36BD4F63586C66EB26D1B7D1F.jpg,,/product/aperitivos-de-paprika-175g/5053990162734
35549,"Snack batata original, embalagem de 70g",5053990124961,10222,10037,,Pringles,,"28,43€/Kg","1,99€",https://cdn.intermarche.pt/pt/Content/images/boitmal/produit/zoom/67B4CAAAA51479D2DF6D483E25D641D9.jpg,,/product/snack-batata-original-embalagem-de-70g/5053990124961
44639,"Snack te mex, embalagem de 260g",8410199021052,10222,10037,,Doritos,,"13,04€/Kg","3,39€",https://cdn.intermarche.pt/pt/Content/images/boitmal/produit/zoom/ED912F37B9F71A71D3D57E75B7E52F2F.jpg,,/product/snack-te-mex-embalagem-de-260g/8410199021052
47649,"Snacks flame kickin sour cream, 160g",5053990160037,10219,10037,,Pringles,,"18,69€/Kg","2,99€",https://cdn.intermarche.pt/pt/Content/images/boitmal/produit/zoom/F9132EEEE015B1A30358CA9676139445.jpg,,/product/snacks-flame-kickin-sour-cream-160g/5053990160037
52845,"Snacks milho fuego, 140g",8412600028636,10222,10037,,Takis,,"17,79€/Kg","2,49€",https://cdn.intermarche.pt/pt/Content/images/boitmal/produit/zoom/2901E59A7A634C0DA877B36A70636654.jpg,,/product/snacks-milho-fuego-140g/8412600028636
52846,"Snacks milho queso volcano, 90g",8412600028605,10222,10037,,Takis,,"19,33€/Kg","1,74€",https://cdn.intermarche.pt/pt/Content/images/boitmal/produit/zoom/13F1D50640D816B1E0E44790D0A78306.jpg,,/product/snacks-milho-queso-volcano-90g/8412600028605
53081,"Snacks milho nachos dippas, 150g",8410199024701,10222,10037,,Doritos,,"13,27€/Kg","1,99€",https://cdn.intermarche.pt/pt/Content/images/boitmal/produit/zoom/529878C3C769D792716BED88F66601A9.jpg,,/product/snacks-milho-nachos-dippas-150g/8410199024701
53088,"Aperitivos 3ds cones, embalagem de 36g",8410199030306,10222,10037,,LayS,,"29,17€/Kg","1,05€",https://cdn.intermarche.pt/pt/Content/images/boitmal/produit/zoom/F73D3BA82DDAA87DE229596C1CC2BCE4.jpg,,/product/aperitivos-3ds-cones-embalagem-de-36g/8410199030306
46827,"Biscuits t22, embalagem de 304g",8000500310427,10222,10037,,Nutella,,"14,77€/Kg","4,49€",https://cdn.intermarche.pt/pt/Content/images/boitmal/produit/zoom/A6ADC73CF0D0180FA55C8F968AF888B1.jpg,,/product/biscuits-t22-embalagem-de-304g/8000500310427
52844,"Snacks milho queso volcano, 140g",8412600028643,10222,10037,,Takis,,"17,79€/Kg","2,49€",https://cdn.intermarche.pt/pt/Content/images/boitmal/produit/zoom/BB5A5FC73B67F1BEB85606BDA3406772.jpg,,/product/snacks-milho-queso-volcano-140g/8412600028643
35550,"Snack batata com natas e cebola, embalagem de 70 g",5053990125050,10222,10037,,Pringles,,"28,43€/Kg","1,99€",https://cdn.intermarche.pt/pt/Content/images/boitmal/produit/zoom/1A5F9F0E03E5E26DFE05983A2FDCD1CF.jpg,,/product/snack-batata-com-natas-e-cebola-embalagem-de-70-g/5053990125050
51318,"Biscuits t3, embalagem de 41g",8000500359358,10222,10037,,Nutella,,"24,15€/Kg","0,99€",https://cdn.intermarche.pt/pt/Content/images/boitmal/produit/zoom/D2EFF6D6F62D3AA8D7DEA88B7335AE8A.jpg,,/product/biscuits-t3-embalagem-de-41g/8000500359358
51999,"Snack batata aper flame hot sweet chilli, embalagem de 160g",5053990167135,10222,10037,,Pringles,,"14,94€/Kg","2,39€",https://cdn.intermarche.pt/pt/Content/images/boitmal/produit/zoom/29D0D0AD751B8030A8942F12E88BECAF.jpg,,/product/snack-batata-aper-flame-hot-sweet-chilli-embalagem-de-160g/5053990167135
53071,"Aperitivo flame queijo & chilli, 160g",5053990160112,10222,10037,,Pringles,,"14,94€/Kg","2,39€",https://cdn.intermarche.pt/pt/Content/images/boitmal/produit/zoom/B962285CDA6B78F7BCC7D3C885B87CB0.jpg,,/product/aperitivo-flame-queijo-&-chilli-160g/5053990160112
53089,"Doritos - snacks de milho tex-mex, 44g",8410199271396,10222,10037,,Doritos,,"23,86€/Kg","1,05€",https://cdn.intermarche.pt/pt/Content/images/boitmal/produit/zoom/6D36DEEB85E3F6B2EF494CAD5026255C.jpg,,/product/doritos-snacks-de-milho-tex-mex-44g/8410199271396
53263,"Aperitivos futebolas, embalagem de 100g",8410199790118,10222,10037,,Cheetos,,"26,25€/Kg","1,05€",https://cdn.intermarche.pt/pt/Content/images/boitmal/produit/zoom/C684C1C07A0E248D9F58769482971B95.jpg,,/product/aperitivos-futebolas-embalagem-de-100g/8410199790118
52847,"Snacks milho fuego, 90g",8412600028599,10222,10037,,Takis,,"19,33€/Kg","1,74€",https://cdn.intermarche.pt/pt/Content/images/boitmal/produit/zoom/44DB7C7A55B52BCB709B9CCF55E20A76.jpg,,/product/snacks-milho-fuego-90g/8412600028599
638,Aperitivos pistachos torrados salgados,3250390207481,10223,10037,Embalagem de 150g,Bouton dor,,"17,93€/Kg","2,69€",https://cdn.intermarche.pt/pt/Content/images/boitmal/produit/zoom/1463FADFB1517B9BB1E1A8D80FEAF05E.jpg,,/product/aperitivos-pistachos-torrados-salgados/3250390207481
45654,Snacks Crocantes Amendoim,5604260312009,10223,10037,Embalagem de 90g,PorSi,,"11,00€/Kg","0,99€",https://cdn.intermarche.pt/pt/Content/images/boitmal/produit/zoom/1A2285F0228A2920CAAE6F91C57EE7A8.jpg,,/product/snacks-crocantes-amendoim/5604260312009
36918,Figo branco,5604260288601,10223,10037,Embalagem de 300 g,PorSi,,"5,63€/Kg","1,69€",https://cdn.intermarche.pt/pt/Content/images/boitmal/produit/zoom/40CF10728272B388F43CD08AC6EF07BE.jpg,,/product/figo-branco/5604260288601
640,Cajus torrados salgados,3250390207528,10223,10037,Embalagem de 130g,Bouton dor,,"13,00€/Kg","1,69€",https://cdn.intermarche.pt/pt/Content/images/boitmal/produit/zoom/A8745A8CD7EF20E9933525817FE1A073.jpg,,/product/cajus-torrados-salgados/3250390207528
639,Aperitivos mistura salgada,3250390207498,10223,10037,Embalagem de 150g,Bouton dor,,"14,93€/Kg","2,24€",https://cdn.intermarche.pt/pt/Content/images/boitmal/produit/zoom/067F480ABF36C8FB36520DDD050B884B.jpg,,/product/aperitivos-mistura-salgada/3250390207498
2358,"Snack de maçã vermelha doce, embalagem de 60g",5605173300015,10223,10037,,Fruut,,"33,17€/Kg","1,99€",https://cdn.intermarche.pt/pt/Content/images/boitmal/produit/zoom/DC04CEEA6FE8355C82A796470123097E.jpg,,/product/snack-de-maca-vermelha-doce-embalagem-de-60g/5605173300015
2359,"Snack maçã verde intenso, embalagem de 60 g",5605173300039,10223,10037,,Fruut,,"33,17€/Kg","1,99€",https://cdn.intermarche.pt/pt/Content/images/boitmal/produit/zoom/D4A1B135F9F20E993FDBC5C01806A835.jpg,,/product/snack-maca-verde-intenso-embalagem-de-60-g/5605173300039
48670,"Snack veggie mix, 100g",5602586143178,10223,10037,,Frutorra,,"18,90€/Kg","1,89€",https://cdn.intermarche.pt/pt/Content/images/boitmal/produit/zoom/A9E948D0CE3D9A05363B26E5BDC559E8.jpg,,/product/snack-veggie-mix-100g/5602586143178
48669,"Mistura frutos secos focus mix, 100 g",5602586144175,10223,10037,,Frutorra,,"16,90€/Kg","1,69€",https://cdn.intermarche.pt/pt/Content/images/boitmal/produit/zoom/6B69986077E72C7BF66926083CF08E37.jpg,,/product/mistura-frutos-secos-focus-mix-100-g/5602586144175
43327,Pipocas doces balde,5604260309788,11726,10037,Embalagem de 240g,PorSi,,"12,04€/Kg","2,89€",https://cdn.intermarche.pt/pt/Content/images/boitmal/produit/zoom/8170629AE8D070938F8D4521666485AE.jpg,,/product/pipocas-doces-balde/5604260309788
43803,Milho para pipocas,5604260309771,11726,10037,Embalagem de 250g,PorSi,,"1,56€/Kg","0,39€",https://cdn.intermarche.pt/pt/Content/images/boitmal/produit/zoom/6AEB95D9EB923E2B314C519557FB77A0.jpg,,/product/milho-para-pipocas/5604260309771
40742,Pipocas doces,5604260303137,11726,10037,Embalagem de 150 g,PorSi,,"5,27€/Kg","0,79€",https://cdn.intermarche.pt/pt/Content/images/boitmal/produit/zoom/C99020AC30046D9847C68D4EC48B0609.jpg,,/product/pipocas-doces/5604260303137
11656,"Água com gás limão, pack 4 x 0.25 l",5601195510128,11672,10008,,Pedras Salgadas,,"2,19€/L","2,19€",https://cdn.intermarche.pt/pt/Content/images/boitmal/produit/zoom/9870F7D10B9ED7376F5917B0306BAC76.jpg,,/product/agua-com-gas-limao-pack-4-x-0.25-l/5601195510128
9022,"Água com gás, pack 6 x 0.25 l",5601603160044,11672,10008,,Castello,,"2,13€/L","3,19€",https://cdn.intermarche.pt/pt/Content/images/boitmal/produit/zoom/8A163A747F17E6D52532979F3CF8F33C.jpg,,/product/agua-com-gas-pack-6-x-0.25-l/5601603160044
9565,Água com gás,5604260251469,11672,10008,"Garrafa de 1,5 l",PorSi,,"0,33€/L","0,49€",https://cdn.intermarche.pt/pt/Content/images/boitmal/produit/zoom/CAFE9D085185E704032031C5A2753566.jpg,,/product/agua-com-gas/5604260251469
9566,"Água com gás sem sabor, pack 6 x 0.25 l",5604260251476,11672,10008,,PorSi,,"0,93€/L","1,39€",https://cdn.intermarche.pt/pt/Content/images/boitmal/produit/zoom/A092C2ED4DC98143292856617FAFC784.jpg,,/product/agua-com-gas-sem-sabor-pack-6-x-0.25-l/5604260251476
11655,"Água com gás natural pet, pack 6 x 0.33 l",5601195101142,11672,10008,,Pedras Salgadas,,"1,66€/L","3,29€",https://cdn.intermarche.pt/pt/Content/images/boitmal/produit/zoom/9B79053350A1A0385E8F9A623796CDE0.jpg,,/product/agua-com-gas-natural-pet-pack-6-x-0.33-l/5601195101142
39305,"Pedras maracujá, pack 4 x 25 cl",5601195640122,11672,10008,,Pedras Salgadas,,"2,19€/L","2,19€",https://cdn.intermarche.pt/pt/Content/images/boitmal/produit/zoom/4C945380FED2FA4017377501F2ADC0B7.jpg,,/product/pedras-maracuja-pack-4-x-25-cl/5601195640122
7319,"Água com gás natural, pack 6 x 200 ml",3179732373618,11672,10008,,Perrier,,"5,83€/L","6,99€",https://cdn.intermarche.pt/pt/Content/images/boitmal/produit/zoom/0FD70BCDD692D1A6BC82C538D34498EF.jpg,,/product/agua-com-gas-natural-pack-6-x-200-ml/3179732373618
9279,"Água com gás limão, pack 4 x 0.25 l",5603533652002,11672,10008,,Frize,,"1,99€/L","1,99€",https://cdn.intermarche.pt/pt/Content/images/boitmal/produit/zoom/11B7A1FE3C8011649267813E9487639D.jpg,,/product/agua-com-gas-limao-pack-4-x-0.25-l/5603533652002
9567,"Água com gás, sabor limão",5604260251490,11672,10008,"Embalagem de 6x0,25 l",PorSi,,"1,79€/L","2,69€",https://cdn.intermarche.pt/pt/Content/images/boitmal/produit/zoom/6B7AEC330F28F320FAE94685BF94EF29.jpg,,/product/agua-com-gas-sabor-limao/5604260251490
49841,"Água com gás, pack 6 x 1 litro",5601195106147,11672,10008,,Pedras Salgadas,,"1,17€/L","6,99€",https://cdn.intermarche.pt/pt/Content/images/boitmal/produit/zoom/86431D29BDF4EFDD339EF8F631368971.jpg,,/product/agua-com-gas-pack-6-x-1-litro/5601195106147
11942,"Água com gás groselha, pack 4 x 0.25 l",5603533492202,11672,10008,,Frize,,"1,99€/L","1,99€",https://cdn.intermarche.pt/pt/Content/images/boitmal/produit/zoom/1BCB2445A8F41EC02B613ABED34EE191.jpg,,/product/agua-com-gas-groselha-pack-4-x-0.25-l/5603533492202
11679,"Água com gás, garrafa de 1,5 l",5601241304008,11672,10008,,Vimeiro,,"0,66€/L","0,99€",https://cdn.intermarche.pt/pt/Content/images/boitmal/produit/zoom/D5394B669005244ED06B2D560AC8ECE7.jpg,,/product/agua-com-gas-garrafa-de-15-l/5601241304008
52275,"Água com Gás Maçã e Limão, garrafa de 1 litro",5604260329847,11672,10008,,PorSi,,"0,99€/L","0,99€",https://cdn.intermarche.pt/pt/Content/images/boitmal/produit/zoom/270092111F81509CD258DC7AAD305CB8.jpg,,/product/agua-com-gas-maca-e-limao-garrafa-de-1-litro/5604260329847
11678,"Água com gás, pack 6 x 0.25 l",5601241111101,11672,10008,,Vimeiro,,"2,19€/L","3,29€",https://cdn.intermarche.pt/pt/Content/images/boitmal/produit/zoom/90508B8C757AA55ED6AEE764F3545FFC.jpg,,/product/agua-com-gas-pack-6-x-0.25-l/5601241111101
20202,"Água com gás limão/pepino/gengibre, pack 4 x 0.25 l",5601151976456,11672,10008,,Frize,,"1,99€/L","1,99€",https://cdn.intermarche.pt/pt/Content/images/boitmal/produit/zoom/F47824AB7ACD4F4E1E1A0CC54659430F.jpg,,/product/agua-com-gas-limao-ou-pepino-ou-gengibre-pack-4-x-0.25-l/5601151976456
49767,"Água com gás ananás, pack 4 x 0.25 l",5601151969106,11672,10008,,Frize,,"1,99€/L","1,99€",https://cdn.intermarche.pt/pt/Content/images/boitmal/produit/zoom/EE071A8A9B23805FF5594CF8DCE06CD5.jpg,,/product/agua-com-gas-ananas-pack-4-x-0.25-l/5601151969106
38395,San pellegrino pet fg 100cl italia,8002270002045,11672,10008,Garrafa de 1 l,San Pellegrino,,"1,89€/L","1,89€",https://cdn.intermarche.pt/pt/Content/images/boitmal/produit/zoom/CAD1756977EDD66436BE0FD6E7DC2BE4.jpg,,/product/san-pellegrino-pet-fg-100cl-italia/8002270002045
46828,"Água com gás tangerina, pack 4 x 25 cl",5601195650121,11672,10008,,Pedras Salgadas,,"2,29€/L","2,29€",https://cdn.intermarche.pt/pt/Content/images/boitmal/produit/zoom/5084BA361703D671E71A24FCA1C63E64.jpg,,/product/agua-com-gas-tangerina-pack-4-x-25-cl/5601195650121
5381,"Água com gás, pack 6 x 0.5 l",5601241211108,11672,10008,,Vimeiro,,"1,23€/L","3,69€",https://cdn.intermarche.pt/pt/Content/images/boitmal/produit/zoom/2B0F549FCB7032A18C3A5416B8C0DA69.jpg,,/product/agua-com-gas-pack-6-x-0.5-l/5601241211108
40969,"Água com gás sabor a maracujá, pack 4x 0,25l",5601151972557,11672,10008,,Frize,,"1,99€/L","1,99€",https://cdn.intermarche.pt/pt/Content/images/boitmal/produit/zoom/9EDA238AFCB0C6D994D4CB4972B7E3C2.jpg,,/product/agua-com-gas-sabor-a-maracuja-pack-4x-025l/5601151972557
16654,"Água com gás original, pack 6 x 0.25 l",5603533100022,11672,10008,,Frize,,"1,79€/L","2,69€",https://cdn.intermarche.pt/pt/Content/images/boitmal/produit/zoom/6316F100F2A00DC9BD58D9103CEFDC90.jpg,,/product/agua-com-gas-original-pack-6-x-0.25-l/5603533100022
30879,"Pedras salgadas frutos vermelhos, pack 4 x 0.25 l",5601195620124,11672,10008,,Pedras Salgadas,,"2,19€/L","2,19€",https://cdn.intermarche.pt/pt/Content/images/boitmal/produit/zoom/2839384B061E6BE9F46A23A2AC7BE08B.jpg,,/product/pedras-salgadas-frutos-vermelhos-pack-4-x-0.25-l/5601195620124
10892,"Água com gás natural, embalagem de 750ml",3179730011147,11672,10008,,Perrier,,"3,05€/L","2,29€",https://cdn.intermarche.pt/pt/Content/images/boitmal/produit/zoom/212893D6EFFE782797853B306DFD41E2.jpg,,/product/agua-com-gas-natural-embalagem-de-750ml/3179730011147
5317,"Água com gás levíssima, pack 6 x 0.33 l",5601195403154,11672,10008,,Pedras Salgadas,,"1,66€/L","3,29€",https://cdn.intermarche.pt/pt/Content/images/boitmal/produit/zoom/1EA56F31F1C86A4ECB4374565F005C7D.jpg,,/product/agua-com-gas-levissima-pack-6-x-0.33-l/5601195403154
8953,"Água com gás, pack 6 x 0.33 l",5601405001507,11672,10008,,Carvalhelhos,,"1,36€/L","2,69€",https://cdn.intermarche.pt/pt/Content/images/boitmal/produit/zoom/2826595A463B3138B73A76218D590C1A.jpg,,/product/agua-com-gas-pack-6-x-0.33-l/5601405001507
8952,"Água com gás pet, garrafa de 1,5 l",5601405001224,11672,10008,,Carvalhelhos,,"0,59€/L","0,89€",https://cdn.intermarche.pt/pt/Content/images/boitmal/produit/zoom/8FF89D2B3EFBA44F011314596A43200F.jpg,,/product/agua-com-gas-pet-garrafa-de-15-l/5601405001224
51945,"Água com Gás Yuzu, Pack 4 x 25 cl",5601151966846,11672,10008,,Frize,,"1,99€/L","1,99€",https://cdn.intermarche.pt/pt/Content/images/boitmal/produit/zoom/AF0C32266B18AE6C526A55B7E6DA6BDE.jpg,,/product/agua-com-gas-yuzu-pack-4-x-25-cl/5601151966846
11682,"Água com gás, pack 6 x 0.25 l",5601241961201,11672,10008,,Vimeiro,,"2,33€/L","3,49€",https://cdn.intermarche.pt/pt/Content/images/boitmal/produit/zoom/54B906D5CD0F7B8828D0ED0CC93DF6D2.jpg,,/product/agua-com-gas-pack-6-x-0.25-l/5601241961201
49840,Água com gás limão,5601195580121,11672,10008,pack 4x0.33 l,Pedras Salgadas,,"2,80€/L","3,69€",https://cdn.intermarche.pt/pt/Content/images/boitmal/produit/zoom/881F69DAA40347211EBFBF8480D27C9F.jpg,,/product/agua-com-gas-limao/5601195580121
11611,"Cerveja com álcool abadia, pack 6 x 0.33 l",5601164594203,11113,10053,,Super Bock,,"2,27€/L","4,49€",https://cdn.intermarche.pt/pt/Content/images/boitmal/produit/zoom/DDE9AC6098BAC06CAE37FE52F8C52BAA.jpg,2024-11-27T23:59:59.999Z,/product/cerveja-com-alcool-abadia-pack-6-x-0.33-l/5601164594203
21753,"Cerveja com álcool stout, pack 6 x 200 ml",5601164401204,11113,10053,,Super Bock,,"2,49€/L","2,99€",https://cdn.intermarche.pt/pt/Content/images/boitmal/produit/zoom/CA90BDDA1D9AAD4040E41EB47FF92229.jpg,2024-11-27T23:59:59.999Z,/product/cerveja-com-alcool-stout-pack-6-x-200-ml/5601164401204
46258,"Cerveja preta stout, lata de 330 ml",5601164404700,11113,10053,,Super Bock,,"2,24€/L","0,74€",https://cdn.intermarche.pt/pt/Content/images/boitmal/produit/zoom/5B02956F074092D3CD9BF4340DF364CA.jpg,2024-11-27T23:59:59.999Z,/product/cerveja-preta-stout-lata-de-330-ml/5601164404700
8667,"Cerveja com álcool, preta, pack 6 x 0.33l",5601164404205,11113,10053,,Super Bock,,"2,27€/L","4,49€",https://cdn.intermarche.pt/pt/Content/images/boitmal/produit/zoom/A211FB1A18CD69CB53EF7B899CF02AA3.jpg,2024-11-27T23:59:59.999Z,/product/cerveja-com-alcool-preta-pack-6-x-0.33l/5601164404205
41639,"Cerveja com álcool stout, pack 15 x 0.2 l",5601164904620,11113,10053,,Super Bock,,"2,46€/L","7,39€",https://cdn.intermarche.pt/pt/Content/images/boitmal/produit/zoom/52D4CDD31D9CB2C6FFBAB50FFD8E0691.jpg,2024-11-27T23:59:59.999Z,/product/cerveja-com-alcool-stout-pack-15-x-0.2-l/5601164904620
52013,"Cerveja preta, 1l",5601146100026,11113,10053,,Sagres,,"1,74€/L","1,74€",https://cdn.intermarche.pt/pt/Content/images/boitmal/produit/zoom/D90BF9C494E8E8B94F53136BFD5755B3.jpg,,/product/cerveja-preta-1l/5601146100026
49618,Cerveja Mini Preta,5601146100903,11113,10053,pack de 10 x 25 cl,Sagres,,"2,24€/L","5,59€",https://cdn.intermarche.pt/pt/Content/images/boitmal/produit/zoom/CA79925AF52D6A12BEA4BD887BEC3622.jpg,,/product/cerveja-mini-preta/5601146100903
49619,Cerveja Mini Preta,5601146000913,11113,10053,pack de 6 x 25 cl,Sagres,,"2,49€/L","3,74€",https://cdn.intermarche.pt/pt/Content/images/boitmal/produit/zoom/41B1536EA79C34814DA596AF5FBA3FD1.jpg,,/product/cerveja-mini-preta/5601146000913
38750,Cerveja com álcool,5000213101872,11113,10053,Lata de 44 ml,Guinness,,"54,32€/L","2,39€",https://cdn.intermarche.pt/pt/Content/images/boitmal/produit/zoom/A8D288553DD67E3196E610DDF36B15BB.jpg,,/product/cerveja-com-alcool/5000213101872
43209,"Cerveja preta, garrafa de 330 ml",5601146800018,11113,10053,,Sagres,,"2,27€/L","0,75€",https://cdn.intermarche.pt/pt/Content/images/boitmal/produit/zoom/DECDEF006B46E4815C486ACC2B04EF36.jpg,,/product/cerveja-preta-garrafa-de-330-ml/5601146800018
8666,"Cerveja sem álcool, preta, pack 6 x 0.33 l",5601164174207,11113,10053,,Cheers,,"1,81€/L","3,59€",https://cdn.intermarche.pt/pt/Content/images/boitmal/produit/zoom/69BD508ED510578CECB55EB75F68B4A4.jpg,,/product/cerveja-sem-alcool-preta-pack-6-x-0.33-l/5601164174207
35555,"Cerveja bohemia original, pack de 6 x 0.33 l",5601146100118,11113,10053,,Sagres,,"2,52€/L","4,99€",https://cdn.intermarche.pt/pt/Content/images/boitmal/produit/zoom/5089C54D15A62AD5CD5C6DED46EA40E7.jpg,,/product/cerveja-bohemia-original-pack-de-6-x-0.33-l/5601146100118
35557,Cerveja bohemia bock,5601146130269,11113,10053,Pack de 6 x 0.33 l,Sagres,,"2,52€/L","4,99€",https://cdn.intermarche.pt/pt/Content/images/boitmal/produit/zoom/B6029A75593C7D7364A72AA254332291.jpg,,/product/cerveja-bohemia-bock/5601146130269
11614,"Cerveja sem álcool, tara perdida, pack 6 x 0.33 l",5601164874206,10341,10053,,Super Bock,,"2,27€/L","4,49€",https://cdn.intermarche.pt/pt/Content/images/boitmal/produit/zoom/82CDFA291D56D541FEE3D9F75B502D50.jpg,2024-11-27T23:59:59.999Z,/product/cerveja-sem-alcool-tara-perdida-pack-6-x-0.33-l/5601164874206
49342,"Cerveja sem álcool 0,0%, lata 33 cl",5601164905580,10341,10053,,Super Bock,,"2,24€/L","0,74€",https://cdn.intermarche.pt/pt/Content/images/boitmal/produit/zoom/C6C62EA5ABDC89C1AA064881B4891845.jpg,2024-11-27T23:59:59.999Z,/product/cerveja-sem-alcool-00%25-lata-33-cl/5601164905580
36974,"Cerveja 0.0%, pack de 6 x 0.33 l",5601164204232,10341,10053,,Super Bock,,"2,27€/L","4,49€",https://cdn.intermarche.pt/pt/Content/images/boitmal/produit/zoom/3F5F6B7C884E8CF9684381A610A8163D.jpg,2024-11-27T23:59:59.999Z,/product/cerveja-0.0%25-pack-de-6-x-0.33-l/5601164204232
11612,"Cerveja sem álcool, preta, pack 6 x 0.33 l",5601164824478,10341,10053,,Super Bock,,"2,27€/L","4,49€",https://cdn.intermarche.pt/pt/Content/images/boitmal/produit/zoom/0CFEF6C5B88735DDFF42E02E1A9B9592.jpg,2024-11-27T23:59:59.999Z,/product/cerveja-sem-alcool-preta-pack-6-x-0.33-l/5601164824478
52093,"Cerveja mini sem álcool 0,0%, pack 6 x 0.20 l",5601164905856,10341,10053,,Super Bock,,"2,49€/L","2,99€",https://cdn.intermarche.pt/pt/Content/images/boitmal/produit/zoom/A5EBDCFF3DBAE635763EC5B93A2BA729.jpg,2024-11-27T23:59:59.999Z,/product/cerveja-mini-sem-alcool-00%25-pack-6-x-0.20-l/5601164905856
41115,"Cerveja 0%, lata de 0.33 l",8712000310011,10341,10053,,Heineken,,"3,00€/L","0,99€",https://cdn.intermarche.pt/pt/Content/images/boitmal/produit/zoom/0249A72574522BBF39048E84E1CD01C2.jpg,,/product/cerveja-0%25-lata-de-0.33-l/8712000310011
37483,"Cerveja 0%, lata 0.33 l",5601146310104,10341,10053,,Sagres,,"2,24€/L","0,74€",https://cdn.intermarche.pt/pt/Content/images/boitmal/produit/zoom/B4FA0640F7E609BC0B12D6409EC40733.jpg,,/product/cerveja-0%25-lata-0.33-l/5601146310104
5232,"Cerveja sem álcool, pack 6 x 0.33 l",5601164184206,10341,10053,,Cheers,,"1,81€/L","3,59€",https://cdn.intermarche.pt/pt/Content/images/boitmal/produit/zoom/46B04706DD846FB7078F44DECA555CC7.jpg,,/product/cerveja-sem-alcool-pack-6-x-0.33-l/5601164184206
44682,"Cerveja preta 0%, lata de 330 ml",5601146303007,10341,10053,,Sagres,,"2,24€/L","0,74€",https://cdn.intermarche.pt/pt/Content/images/boitmal/produit/zoom/9401561FF7A5F232A5E06CF9315FF816.jpg,,/product/cerveja-preta-0%25-lata-de-330-ml/5601146303007
34414,"Cerveja 0%, pack 6 x 0.25 l",8712000320003,10341,10053,,Heineken,,"2,99€/L","4,49€",https://cdn.intermarche.pt/pt/Content/images/boitmal/produit/zoom/7B7B3832D3EEBD162163FD3B29993EFD.jpg,,/product/cerveja-0%25-pack-6-x-0.25-l/8712000320003
38934,"Sidra de maçã, lata de 500 ml",5601164863217,10342,10053,,Somersby,,"2,58€/L","1,29€",https://cdn.intermarche.pt/pt/Content/images/boitmal/produit/zoom/A3D6F4DDF9AFF4F9F8F47269DBD60191.jpg,,/product/sidra-de-maca-lata-de-500-ml/5601164863217
11613,"Sidra maçã, pack 4 x 0.33 l",5601164864467,10342,10053,,Somersby,,"3,02€/L","3,99€",https://cdn.intermarche.pt/pt/Content/images/boitmal/produit/zoom/6483890D0FF6343894A37D6DC6393C66.jpg,,/product/sidra-maca-pack-4-x-0.33-l/5601164864467
4110,Panaché,3250393073519,10342,10053,"Embalagem de 10x0,25 l",Kings Bräu,,"1,58€/L","3,94€",https://cdn.intermarche.pt/pt/Content/images/boitmal/produit/zoom/3577F9C513F9B4EC2D2C843B989BE43F.jpg,,/product/panache/3250393073519
43016,"Sidra de maçã, pack 6 x 0.2 l",5601164862401,10342,10053,,Somersby,,"3,74€/L","4,49€",https://cdn.intermarche.pt/pt/Content/images/boitmal/produit/zoom/91F03EF4C01D719425FE57CCF7BA256B.jpg,,/product/sidra-de-maca-pack-6-x-0.2-l/5601164862401
18161,Sidra frutos vermelhos,5601164884465,10342,10053,pack 4 x 0.33 l,Somersby,,"2,99€/L","3,95€",https://cdn.intermarche.pt/pt/Content/images/boitmal/produit/zoom/BAB502492C411014B4CF03144D1A8CCB.jpg,,/product/sidra-frutos-vermelhos/5601164884465
29374,"Sidra maçã, lata de 500 ml",5601146530304,10342,10053,,Bandida do Pomar,,"2,38€/L","1,19€",https://cdn.intermarche.pt/pt/Content/images/boitmal/produit/zoom/57CDF902BE68D0923B8FF79F40E5361C.jpg,,/product/sidra-maca-lata-de-500-ml/5601146530304
44761,"Sidra frutos vermelhos, lata 50cl",5601146050505,10342,10053,,Bandida do Pomar,,"2,38€/L","1,19€",https://cdn.intermarche.pt/pt/Content/images/boitmal/produit/zoom/742101EF53028A0048A920A4A9EEC720.jpg,,/product/sidra-frutos-vermelhos-lata-50cl/5601146050505
11560,"Cerveja com álcool radler, pack 6 x 0.33 l",5601146111008,10342,10053,,Sagres,,"2,47€/L","4,89€",https://cdn.intermarche.pt/pt/Content/images/boitmal/produit/zoom/88F160692B7EC2A421B615A3D9CD76D1.jpg,,/product/cerveja-com-alcool-radler-pack-6-x-0.33-l/5601146111008
51924,Sidra bandida do pomar manga 0.50l,5601146040506,10342,10053,,Bandida do Pomar,,"2,38€/L","1,19€",https://cdn.intermarche.pt/pt/Content/images/boitmal/produit/zoom/5DC3A679A950FE78C66F0F66E2C36EA9.jpg,,/product/sidra-bandida-do-pomar-manga-0.50l/5601146040506
37371,Sidra,5604260291304,10342,10053,Pack 6 x 0.33 l,Kings Bräu,,"2,17€/L","4,29€",https://cdn.intermarche.pt/pt/Content/images/boitmal/produit/zoom/B0ADC2638A264D15D2017BFF43E43309.jpg,,/product/sidra/5604260291304
50495,"Sidra, lata de 500 ml",5601164905771,10342,10053,,Somersby,,"2,58€/L","1,29€",https://cdn.intermarche.pt/pt/Content/images/boitmal/produit/zoom/A4F6E105958E12A90AEBAB9E1771A85F.jpg,,/product/sidra-lata-de-500-ml/5601164905771
41637,"Sidra maçãs ácidas, lata de 0.5 l",5601146040407,10342,10053,,Bandida do Pomar,,"2,38€/L","1,19€",https://cdn.intermarche.pt/pt/Content/images/boitmal/produit/zoom/E69EADB834CBE9620893E40ABB365B61.jpg,,/product/sidra-macas-acidas-lata-de-0.5-l/5601146040407
51949,Sidra bandida do pomar maçã 10x0.25l,5601146430307,10342,10053,,Bandida do Pomar,,"3,06€/L","7,65€",https://cdn.intermarche.pt/pt/Content/images/boitmal/produit/zoom/0F27F869332C2640462102E59DC83B88.jpg,,/product/sidra-bandida-do-pomar-maca-10x0.25l/5601146430307
49341,"Sidra mini pera 0.0%, pack 6 x 20 cl",5601164905634,10342,10053,,Somersby,,"3,74€/L","4,49€",https://cdn.intermarche.pt/pt/Content/images/boitmal/produit/zoom/1B2A93792473D1D5FE451D43D51361FE.jpg,,/product/sidra-mini-pera-0.0%25-pack-6-x-20-cl/5601164905634
15572,Cerveja com álcool,7501064191466,11116,10053,"Embalagem de 6x0,355L ",Corona,,"4,69€/L","9,99€",https://cdn.intermarche.pt/pt/Content/images/boitmal/produit/zoom/4B198A03C588F1D2EA6BA017686C43E0.jpg,,/product/cerveja-com-alcool/7501064191466
15565,Cerveja c/ álcool branca,4072700003649,11116,10053,Garrafa de 500 ml,Franziskan,,"5,78€/L","2,89€",https://cdn.intermarche.pt/pt/Content/images/boitmal/produit/zoom/557C857D9C4BA3F29BBB282C0FDF517E.jpg,,/product/cerveja-c-ou-alcool-branca/4072700003649
46190,"Cerveja de frança tequilla, pack 6 x 0,33 l",3155932014995,11116,10053,,Desperados,,"4,04€/L","7,99€",https://cdn.intermarche.pt/pt/Content/images/boitmal/produit/zoom/A2D5DFA3E80A05EC17BF3BC8EB9424A4.jpg,,/product/cerveja-de-franca-tequilla-pack-6-x-033-l/3155932014995
48709,"Cerveja com Álcool, 6x35,3 cl",4100130003875,11116,10053,,Franziskan,,"4,69€/L","9,99€",https://cdn.intermarche.pt/pt/Content/images/boitmal/produit/zoom/A5BCB01E088B29956DA536460FCB3D77.jpg,,/product/cerveja-com-alcool-6x353-cl/4100130003875
754,"Cerveja com álcool hell branca, garrafa de 500 ml",4002103248248,11116,10053,,Erdinger,,"6,38€/L","3,19€",https://cdn.intermarche.pt/pt/Content/images/boitmal/produit/zoom/5E375271E49C3A30C29898FDA8D59436.jpg,,/product/cerveja-com-alcool-hell-branca-garrafa-de-500-ml/4002103248248
40596,"Refrigerante com gás regular, garrafa de 1.75 l",5601151974018,10011,10009,,Pepsi,,"0,91€/L","1,59€",https://cdn.intermarche.pt/pt/Content/images/boitmal/produit/zoom/F52267090DF1996DA646836F5B1D9EDD.jpg,2024-11-27T23:59:59.999Z,/product/refrigerante-com-gas-regular-garrafa-de-1.75-l/5601151974018
35558,"Refrigerante com gás, pack de 2 x 1.75 l",5601151973721,10011,10009,,Pepsi,,"0,91€/L","3,18€",https://cdn.intermarche.pt/pt/Content/images/boitmal/produit/zoom/4591303E8886D5226C017EC0EFBDEC41.jpg,2024-11-27T23:59:59.999Z,/product/refrigerante-com-gas-pack-de-2-x-1.75-l/5601151973721
30958,"Refrigerante zero, pack 2 x 1.75 l",5449000957955,10011,10009,,Coca-Cola,,"1,00€/L","3,49€",https://cdn.intermarche.pt/pt/Content/images/boitmal/produit/zoom/9B5373624D44366A3ACEBCD7C73191EB.jpg,,/product/refrigerante-zero-pack-2-x-1.75-l/5449000957955
35395,Gasosa,5604260285365,10011,10009,Garrafa de 1.5 l,PorSi,,"0,37€/L","0,55€",https://cdn.intermarche.pt/pt/Content/images/boitmal/produit/zoom/6C299A974B8769AB0AA8725ECE16AB37.jpg,,/product/gasosa/5604260285365
43864,Lima-limao zero,5604260310296,10011,10009,Garrafa de 1.5 l,PorSi,,"0,45€/L","0,67€",https://cdn.intermarche.pt/pt/Content/images/boitmal/produit/zoom/59A3DE48DE214FDE3CF11677F5E9C81B.jpg,,/product/lima-limao-zero/5604260310296
35837,Refrigerante com gás de laranja,5604260295289,10011,10009,Garrafa de 1.5 l,PorSi,,"0,66€/L","0,99€",https://cdn.intermarche.pt/pt/Content/images/boitmal/produit/zoom/B4A0C94B5B92414CCA9A79A6FD16EFDE.jpg,,/product/refrigerante-com-gas-de-laranja/5604260295289
4940,"Refrigerante com gás zero, pack 4 x 1l",5449000008435,10011,10009,,Coca-Cola,,"1,20€/L","4,79€",https://cdn.intermarche.pt/pt/Content/images/boitmal/produit/zoom/33F2C9EB56024D40DAD7EC1E9D0325EB.jpg,,/product/refrigerante-com-gas-zero-pack-4-x-1l/5449000008435
18770,"Refrigerante com gás de laranja zero, garrafa de 1,5 l",5449000138026,10011,10009,,Fanta,,"1,13€/L","1,69€",https://cdn.intermarche.pt/pt/Content/images/boitmal/produit/zoom/42C12268B3BC23315C825D0012A62086.jpg,,/product/refrigerante-com-gas-de-laranja-zero-garrafa-de-15-l/5449000138026
2308,Refrigerante com gás cola,5604260271795,10011,10009,Garrafa de 2 l,PorSi,,"0,65€/L","1,29€",https://cdn.intermarche.pt/pt/Content/images/boitmal/produit/zoom/FAE084877CD5F49373EA9981F15AE891.jpg,,/product/refrigerante-com-gas-cola/5604260271795
25720,"Refrigerante com gás lima limão sem açúcar, pack 6 x 0.33 l",5601151976449,10011,10009,,Seven-up,,"2,02€/L","3,99€",https://cdn.intermarche.pt/pt/Content/images/boitmal/produit/zoom/46A1C70DA944EA1B1D2193C2B49E2AB0.jpg,,/product/refrigerante-com-gas-lima-limao-sem-acucar-pack-6-x-0.33-l/5601151976449
11418,"Refrigerante com gás regular, pack 4 x 1l",5449000020024,10011,10009,,Coca-Cola,,"1,37€/L","5,49€",https://cdn.intermarche.pt/pt/Content/images/boitmal/produit/zoom/2D87E5C0C9B50C36B31B6AAE2DD8ADBC.jpg,,/product/refrigerante-com-gas-regular-pack-4-x-1l/5449000020024
14139,"Espumante sem álcool para crianças, garrafa de 750 ml",3256554023317,10011,10009,,Champomy,,"5,32€/L","3,99€",https://cdn.intermarche.pt/pt/Content/images/boitmal/produit/zoom/C2D85C95895826E612D5095430BBDF3C.jpg,,/product/espumante-sem-alcool-para-criancas-garrafa-de-750-ml/3256554023317
18771,"Refrigerante com gás de uva, garrafa de 1,5 l",5449000022646,10011,10009,,Fanta,,"1,13€/L","1,69€",https://cdn.intermarche.pt/pt/Content/images/boitmal/produit/zoom/426C4CD2BDF4748C7D7AECCA8EEA510D.jpg,,/product/refrigerante-com-gas-de-uva-garrafa-de-15-l/5449000022646
20653,"Refrigerante com gás de ananás, garrafa de 1,5 l",5449000003751,10011,10009,,Fanta,,"1,13€/L","1,69€",https://cdn.intermarche.pt/pt/Content/images/boitmal/produit/zoom/7C866989F63DB1C45337BB48FE7DF726.jpg,,/product/refrigerante-com-gas-de-ananas-garrafa-de-15-l/5449000003751
25883,"Refrigerante com gás laranja, garrafa de 1,5 l",5449000008763,10011,10009,,Fanta,,"0,99€/L","1,49€",https://cdn.intermarche.pt/pt/Content/images/boitmal/produit/zoom/F70B8C52CBA65C8253CA124EC0111F2A.jpg,,/product/refrigerante-com-gas-laranja-garrafa-de-15-l/5449000008763
35499,"Refrigerante com gás de laranja, 2 x 1.75 l",5601151973769,10011,10009,,Sumol,,"1,02€/L","3,58€",https://cdn.intermarche.pt/pt/Content/images/boitmal/produit/zoom/6A218565C83C345257A28729B0521E06.jpg,,/product/refrigerante-com-gas-de-laranja-2-x-1.75-l/5601151973769
35560,"Refrigerante de lima e limão com gás regular, pack de 2 x 1.75 l",5601151973745,10011,10009,,Seven Up,,"1,14€/L","3,98€",https://cdn.intermarche.pt/pt/Content/images/boitmal/produit/zoom/EBF8C806B4FF0C4077BF489443451B3F.jpg,,/product/refrigerante-de-lima-e-limao-com-gas-regular-pack-de-2-x-1.75-l/5601151973745
41000,"Sumol ananás, garrafa de 1.75 l",5601151974162,10011,10009,,Sumol,,"1,02€/L","1,79€",https://cdn.intermarche.pt/pt/Content/images/boitmal/produit/zoom/8202D5DBDFA62BC2BF7132BE68D629BF.jpg,,/product/sumol-ananas-garrafa-de-1.75-l/5601151974162
41823,Água tonica,5604260304820,10011,10009,pack 6 x 0.2 l,PorSi,,"2,24€/L","2,69€",https://cdn.intermarche.pt/pt/Content/images/boitmal/produit/zoom/9964FCE2351B55515BB9D8EEB6CB97B8.jpg,,/product/agua-tonica/5604260304820
44763,"Refrigerante lima limão zero açúcar, garrafa 1.5 l",5449000013231,10011,10009,,Sprite,,"0,93€/L","1,39€",https://cdn.intermarche.pt/pt/Content/images/boitmal/produit/zoom/CA978886592B1D4304FE94C81DC98A43.jpg,,/product/refrigerante-lima-limao-zero-acucar-garrafa-1.5-l/5449000013231
45761,Refrigerante de cola zero,5604260316908,10011,10009,Lata de 330 ml,PorSi,,"1,18€/L","0,39€",https://cdn.intermarche.pt/pt/Content/images/boitmal/produit/zoom/489C1FEB8A94BA504A83242E2F3AD9B3.jpg,,/product/refrigerante-de-cola-zero/5604260316908
49479,"Refrigerante com gás laranja sem açúcar, garrafa de 1.75 l",5601151969465,10011,10009,,Sumol,,"0,79€/L","1,39€",https://cdn.intermarche.pt/pt/Content/images/boitmal/produit/zoom/2C9EA736E0FA19E563FFE02E6CEDCCF6.jpg,,/product/refrigerante-com-gas-laranja-sem-acucar-garrafa-de-1.75-l/5601151969465
8225,"Refrigerante com gás cola, mini lata, pack 12 x 0.15 l",5449000034229,10011,10009,,Coca-Cola,,"4,00€/L","7,20€",https://cdn.intermarche.pt/pt/Content/images/boitmal/produit/zoom/D1FFAED9E688F22948800E3E2ADA587A.jpg,,/product/refrigerante-com-gas-cola-mini-lata-pack-12-x-0.15-l/5449000034229
26772,"Refrigerante com gás, pack 2 x 1.75 l",5449000106186,10011,10009,,Coca-Cola,,"1,17€/L","4,09€",https://cdn.intermarche.pt/pt/Content/images/boitmal/produit/zoom/1D4EC82F15980642AA3BE6E246545A05.jpg,,/product/refrigerante-com-gas-pack-2-x-1.75-l/5449000106186
36924,Refrigerante lima-limão,5604260296651,10011,10009,Garrafa de 1.5 l,PorSi,,"0,53€/L","0,79€",https://cdn.intermarche.pt/pt/Content/images/boitmal/produit/zoom/2A1424B586D4DC563639874DB1FA87A8.jpg,,/product/refrigerante-lima-limao/5604260296651
30526,"Refrigerante go laranja, pack 2 x 1.5 l",5449000087775,10011,10009,,Fanta,,"0,99€/L","2,98€",https://cdn.intermarche.pt/pt/Content/images/boitmal/produit/zoom/593BAD71F5135741DD23AA781A57779F.jpg,,/product/refrigerante-go-laranja-pack-2-x-1.5-l/5449000087775
52174,"Refrigerante com gás zero açúcar, 330ml lata",5000112519945,10011,10009,,Coca-Cola,,"0,38€/L","0,76€",https://cdn.intermarche.pt/pt/Content/images/boitmal/produit/zoom/615F855261F85C47BFDE76A0E47C00F4.jpg,,/product/refrigerante-com-gas-zero-acucar-330ml-lata/5000112519945
14321,"Refrigerante com gás sabor original, 500 ml",0000054491472,10011,10009,,Coca-Cola,,"2,20€/L","1,10€",https://cdn.intermarche.pt/pt/Content/images/boitmal/produit/zoom/594670B4A5CE5247FFAE27ECB9C18C24.jpg,,/product/refrigerante-com-gas-sabor-original-500-ml/0000054491472
36486,Refrigerante com gás de ananás,5604260295296,10011,10009,Garrafa de 1.5 l,PorSi,,"0,65€/L","0,97€",https://cdn.intermarche.pt/pt/Content/images/boitmal/produit/zoom/EA2AD0E8576CD87A7581FE9645CA11FC.jpg,,/product/refrigerante-com-gas-de-ananas/5604260295296
1039,"Refrigerante com gás guaraná, garrafa de 1,5 l",5601045300008,10011,10009,,Antartica,,"1,46€/L","2,19€",https://cdn.intermarche.pt/pt/Content/images/boitmal/produit/zoom/64C776AD84D2A5827F90B22D811670FA.jpg,,/product/refrigerante-com-gas-guarana-garrafa-de-15-l/5601045300008
569,Água tonica,5604260304813,10011,10009,"Garrafa de 1,5 l",PorSi,,"0,99€/L","1,49€",https://cdn.intermarche.pt/pt/Content/images/boitmal/produit/zoom/17B42B57200C49723394473D18AACE4E.jpg,,/product/agua-tonica/5604260304813
22391,"Refrigerante com gás zero açúcar, pack 6 x 0.33 l",5601151975770,10011,10009,,Pepsi,,"2,17€/L","4,29€",https://cdn.intermarche.pt/pt/Content/images/boitmal/produit/zoom/295E8D4AC4A975DC393951F909F93B6E.jpg,,/product/refrigerante-com-gas-zero-acucar-pack-6-x-0.33-l/5601151975770
44797,"Refrigerante com gás lima, garrafa de 1l",5601151971444,10011,10009,,Pepsi,,"0,99€/L","0,99€",https://cdn.intermarche.pt/pt/Content/images/boitmal/produit/zoom/657B12F1DF1E65D0997328121D02B203.jpg,,/product/refrigerante-com-gas-lima-garrafa-de-1l/5601151971444
8956,"Refrigerante com gás, guaraná, garrafa de 1,5 l",5601447164604,10011,10009,,Brasil,,"1,33€/L","1,99€",https://cdn.intermarche.pt/pt/Content/images/boitmal/produit/zoom/DA88A948075D73F9DCE5ADDEE79023F7.jpg,,/product/refrigerante-com-gas-guarana-garrafa-de-15-l/5601447164604
44795,"Refrigerante com gás, garrafa de 1l",5601151971437,10011,10009,,Pepsi,,"0,99€/L","0,99€",https://cdn.intermarche.pt/pt/Content/images/boitmal/produit/zoom/2D41E70783394B937C5E8504D6A01EA4.jpg,,/product/refrigerante-com-gas-garrafa-de-1l/5601151971437
45760,Refrigerante com gás cola,5604260316892,10011,10009,Lata de 330 ml,PorSi,,"1,36€/L","0,45€",https://cdn.intermarche.pt/pt/Content/images/boitmal/produit/zoom/F9BEB146374E9666727D5EBD2F021E64.jpg,,/product/refrigerante-com-gas-cola/5604260316892
4950,"Refrigerante de cola zero, garrafa de 500 ml",5449000131836,10011,10009,,Coca-Cola,,"2,20€/L","1,10€",https://cdn.intermarche.pt/pt/Content/images/boitmal/produit/zoom/5151A58D96421CABF02D0A4CA93115C9.jpg,,/product/refrigerante-de-cola-zero-garrafa-de-500-ml/5449000131836
21465,"Refrigerante com gás de maracujá, garrafa de 1,5 l",5449000085474,10011,10009,,Fanta,,"1,13€/L","1,69€",https://cdn.intermarche.pt/pt/Content/images/boitmal/produit/zoom/C81E25D918677872BE4E0C409C0ECCC4.jpg,,/product/refrigerante-com-gas-de-maracuja-garrafa-de-15-l/5449000085474
35888,"Refrigerante com gás de ananás, 2 x 1.75 l",5601151973752,10011,10009,,Sumol,,"1,02€/L","3,58€",https://cdn.intermarche.pt/pt/Content/images/boitmal/produit/zoom/68773B223AE7A67890FF88C1F868EAA5.jpg,,/product/refrigerante-com-gas-de-ananas-2-x-1.75-l/5601151973752
38648,"Refrigerante zero, garrafa de 1 l",5449000195906,10011,10009,,Coca-Cola,,"1,39€/L","1,39€",https://cdn.intermarche.pt/pt/Content/images/boitmal/produit/zoom/4A88AB6803A9F950A0FE19DD551ED58E.jpg,,/product/refrigerante-zero-garrafa-de-1-l/5449000195906
40514,Ice tea de pêssego,5604260302321,10325,10009,Garrafa de 2 l,PorSi,,"0,60€/L","1,19€",https://cdn.intermarche.pt/pt/Content/images/boitmal/produit/zoom/119C3CB73CD40DA468E2E6CBB1420B8C.jpg,,/product/ice-tea-de-pessego/5604260302321
40604,Ice tea de manga,5604260302314,10325,10009,Embalagem de 2 l,PorSi,,"0,60€/L","1,19€",https://cdn.intermarche.pt/pt/Content/images/boitmal/produit/zoom/4AC84EA3800E422D34653301FC881DDD.jpg,,/product/ice-tea-de-manga/5604260302314
12082,"Ice tea, pêssego",5604260259328,10325,10009,"Embalagem de 6x0,20 l",PorSi,,"0,99€/L","1,19€",https://cdn.intermarche.pt/pt/Content/images/boitmal/produit/zoom/BDF14FED78EE3B36A692869E60F78A23.jpg,,/product/ice-tea-pessego/5604260259328
12083,Ice tea de manga,5604260259335,10325,10009,"Embalagem de 6x0,20 l",PorSi,,"0,99€/L","1,19€",https://cdn.intermarche.pt/pt/Content/images/boitmal/produit/zoom/7E8E74D7FBBBBEFEBBE078389B62CE99.jpg,,/product/ice-tea-de-manga/5604260259335
15727,"Ice tea pessêgo, pack 6 x 0.25 l",8712100743399,10325,10009,,Lipton,,"3,46€/L","5,19€",https://cdn.intermarche.pt/pt/Content/images/boitmal/produit/zoom/0BABF6C9912B914439DE1F7312F1C975.jpg,,/product/ice-tea-pessego-pack-6-x-0.25-l/8712100743399
40605,Ice tea de limão,5604260302338,10325,10009,Embalagem de 2 l,PorSi,,"0,60€/L","1,19€",https://cdn.intermarche.pt/pt/Content/images/boitmal/produit/zoom/34868D91A34DD60975E3414B525E31CF.jpg,,/product/ice-tea-de-limao/5604260302338
1226,"Refrigerante sem gás de manga/laranja, garrafa de 1,5 l",5601146001507,10325,10009,,Joi,,"0,66€/L","0,99€",https://cdn.intermarche.pt/pt/Content/images/boitmal/produit/zoom/1A97DFBCD44C528D834B0680C492C91A.jpg,,/product/refrigerante-sem-gas-de-manga-ou-laranja-garrafa-de-15-l/5601146001507
14275,"Refrigerante sem gás frutos tropicais, garrafa de 1,5 l",8411800376950,10325,10009,,Trina,,"1,53€/L","2,29€",https://cdn.intermarche.pt/pt/Content/images/boitmal/produit/zoom/A2EF24E638786185FA4E5BE9EC56BB2E.jpg,,/product/refrigerante-sem-gas-frutos-tropicais-garrafa-de-15-l/8411800376950
17392,"Ice tea manga, pack 3 x 200 ml",8712100743207,10325,10009,,Lipton,,"3,30€/L","1,98€",https://cdn.intermarche.pt/pt/Content/images/boitmal/produit/zoom/FA6E45D60FA96CC6D47B1115F2651F2C.jpg,,/product/ice-tea-manga-pack-3-x-200-ml/8712100743207
2127,"Refrigerante sem gás de ananás, garrafa de 1,5 l",5604260252466,10325,10009,,PorSi,,"0,69€/L","1,04€",https://cdn.intermarche.pt/pt/Content/images/boitmal/produit/zoom/F532EDAF65342EB9BC79081C1A71A96C.jpg,,/product/refrigerante-sem-gas-de-ananas-garrafa-de-15-l/5604260252466
2156,Ice tea de pêssego zero tetra,5604260302260,10325,10009,"Embalagem de 1,5 l",PorSi,,"0,59€/L","0,89€",https://cdn.intermarche.pt/pt/Content/images/boitmal/produit/zoom/057145DE17265B155D82F0C84E4F13FF.jpg,,/product/ice-tea-de-pessego-zero-tetra/5604260302260
2225,Refrigerante sem gás limão,5604260266463,10325,10009,"Garrafa de 1,5 l",PorSi,,"0,66€/L","0,99€",https://cdn.intermarche.pt/pt/Content/images/boitmal/produit/zoom/FFEF4CED2BC4D6EEBCC20C2330983BA5.jpg,,/product/refrigerante-sem-gas-limao/5604260266463
27742,"Bebida isotónica de limão sem gás, garrafa de 1,5 l",5449000164957,10325,10009,,Aquarius,,"1,53€/L","2,29€",https://cdn.intermarche.pt/pt/Content/images/boitmal/produit/zoom/8696920250929B93491F5F3269DD5C71.jpg,,/product/bebida-isotonica-de-limao-sem-gas-garrafa-de-15-l/5449000164957
36521,"Refrigerante sem gás, laranja",5604260295326,10325,10009,"Garrafa de 1,5 l",PorSi,,"0,66€/L","0,99€",https://cdn.intermarche.pt/pt/Content/images/boitmal/produit/zoom/A6AF9ACD344C832F0E5F8232BBCCDC50.jpg,,/product/refrigerante-sem-gas-laranja/5604260295326
40552,Refrigerante sem gás de laranja e cenoura,5604260295364,10325,10009,Embalagem de 1.5 litros,PorSi,,"0,93€/L","1,39€",https://cdn.intermarche.pt/pt/Content/images/boitmal/produit/zoom/FB9B94F7EB4C28BFE7144B63CAF7080D.jpg,,/product/refrigerante-sem-gas-de-laranja-e-cenoura/5604260295364
42582,Ice tea limao zero,5604260302277,10325,10009,1.5 litros,PorSi,,"0,59€/L","0,89€",https://cdn.intermarche.pt/pt/Content/images/boitmal/produit/zoom/0D2D2B25108770A691CC4AF6E514C673.jpg,,/product/ice-tea-limao-zero/5604260302277
42838,Ice tea manga zero,5604260302253,10325,10009,Garrafa de 1.5 l,PorSi,,"0,59€/L","0,89€",https://cdn.intermarche.pt/pt/Content/images/boitmal/produit/zoom/1B27DE7155C6C2D2CED29760B5BA85D0.jpg,,/product/ice-tea-manga-zero/5604260302253
44664,"Ice tea limão zero açúcar, garrafa de 1l",8711327488052,10325,10009,,Lipton,,"1,85€/L","1,85€",https://cdn.intermarche.pt/pt/Content/images/boitmal/produit/zoom/52579188A3342679BB6CE44E5B5F381A.jpg,,/product/ice-tea-limao-zero-acucar-garrafa-de-1l/8711327488052
44665,"Ice tea pêssego zero açúcar, garrafa de 1l",8711327488069,10325,10009,,Lipton,,"1,85€/L","1,85€",https://cdn.intermarche.pt/pt/Content/images/boitmal/produit/zoom/9806A6502CAAC050A812F609EBBE29E2.jpg,,/product/ice-tea-pessego-zero-acucar-garrafa-de-1l/8711327488069
448,"Ice tea de manga, garrafa de 2 l",8722700752943,10325,10009,,Lipton,,"1,60€/L","3,19€",https://cdn.intermarche.pt/pt/Content/images/boitmal/produit/zoom/D8A7BBA271F5B46B5DC4031B0621A8E9.jpg,,/product/ice-tea-de-manga-garrafa-de-2-l/8722700752943
2157,Ice tea de limão tetra,5604260327119,10325,10009,"Embalagem de 1,5 l",PorSi,,"0,73€/L","1,09€",https://cdn.intermarche.pt/pt/Content/images/boitmal/produit/zoom/FB3C7451B059F748F7FDA005F2AE0FB6.jpg,,/product/ice-tea-de-limao-tetra/5604260327119
12081,Ice tea de limão,5604260259311,10325,10009,"Embalagem de 6x0,20 l ",PorSi,,"0,99€/L","1,19€",https://cdn.intermarche.pt/pt/Content/images/boitmal/produit/zoom/A3E8F69230ED19B87297C6E8CF043E90.jpg,,/product/ice-tea-de-limao/5604260259311
1230,"Refrigerante sem gás, maracujá e la, garrafa de 1,5 l",5601146232512,10325,10009,,Joi,,"1,19€/L","1,79€",https://cdn.intermarche.pt/pt/Content/images/boitmal/produit/zoom/D23ED4125E0EF0BCF408343FFE16E2DF.jpg,,/product/refrigerante-sem-gas-maracuja-e-la-garrafa-de-15-l/5601146232512
2158,Ice tea pessego,5604260327102,10325,10009,"Embalagem de 1,5 l",PorSi,,"0,73€/L","1,09€",https://cdn.intermarche.pt/pt/Content/images/boitmal/produit/zoom/7F0DDCB4586298B5CE4F32BBE4D4C7DD.jpg,,/product/ice-tea-pessego/5604260327102
1228,"Refrigerante sem gás, laranja, garrafa de 1,5 l",5601146230518,10325,10009,,Joi,,"1,19€/L","1,79€",https://cdn.intermarche.pt/pt/Content/images/boitmal/produit/zoom/277ED8947CD78C9CC5A552FB0B1FDBC2.jpg,,/product/refrigerante-sem-gas-laranja-garrafa-de-15-l/5601146230518
9299,"Tisana chá de cidreira e tília, garrafa de 1,5 l",5603722497254,10325,10009,,Pleno,,"1,26€/L","1,89€",https://cdn.intermarche.pt/pt/Content/images/boitmal/produit/zoom/E209EEA7F7A7AFC654DB8AF682E8C159.jpg,,/product/tisana-cha-de-cidreira-e-tilia-garrafa-de-15-l/5603722497254
9300,"Tisana chá verde/limão, garrafa de 1,5 l",5603722497261,10325,10009,,Pleno,,"1,26€/L","1,89€",https://cdn.intermarche.pt/pt/Content/images/boitmal/produit/zoom/63B46E2B2042FC121A0C4D7D5A49ED19.jpg,,/product/tisana-cha-verde-ou-limao-garrafa-de-15-l/5603722497261
14641,"Tisana de chá verde/limão light, de 1,5 l",5603722513879,10325,10009,,Pleno,,"1,19€/L","1,79€",https://cdn.intermarche.pt/pt/Content/images/boitmal/produit/zoom/65377B3F78342A8BD02B4888BCEF8A2A.jpg,,/product/tisana-de-cha-verde-ou-limao-light-de-15-l/5603722513879
46691,"Ice tea de pêssego, garrafa de 1.5 l",5449000030528,10325,10009,,Nestea,,"1,17€/L","1,75€",https://cdn.intermarche.pt/pt/Content/images/boitmal/produit/zoom/645763662EEC5EC44E664716F4A2070A.jpg,,/product/ice-tea-de-pessego-garrafa-de-1.5-l/5449000030528
12445,"Refrigerante sem gás califórnia, garrafa de 1,25 l",8414100302742,10325,10009,,Sunny Delight,,"1,99€/L","2,49€",https://cdn.intermarche.pt/pt/Content/images/boitmal/produit/zoom/3A53BFE5938DDF8D0C5815BDDDB8B87B.jpg,,/product/refrigerante-sem-gas-california-garrafa-de-125-l/8414100302742
36485,Refrigerante sem gás de maçã,5604260295340,10325,10009,"Garrafa de 1,5 l",PorSi,,"0,73€/L","1,09€",https://cdn.intermarche.pt/pt/Content/images/boitmal/produit/zoom/9A9884A13415EC5167D5B16026BC4AB6.jpg,,/product/refrigerante-sem-gas-de-maca/5604260295340
15873,"Ice tea limão, pack 6 x 0.25 l",8712100743337,10325,10009,,Lipton,,"3,46€/L","5,19€",https://cdn.intermarche.pt/pt/Content/images/boitmal/produit/zoom/2676596678792B3C71788D8BEC2CF976.jpg,,/product/ice-tea-limao-pack-6-x-0.25-l/8712100743337
17394,Ice tea pêssego,8712100742996,10325,10009,Pack 3 x 200 ml,Lipton,,"3,30€/L","1,98€",https://cdn.intermarche.pt/pt/Content/images/boitmal/produit/zoom/ECE4CDAE4FF17013051FAEB02D1C2D38.jpg,,/product/ice-tea-pessego/8712100742996
15874,"Ice tea manga, pack 6 x 0.25 l",8712100743535,10325,10009,,Lipton,,"3,46€/L","5,19€",https://cdn.intermarche.pt/pt/Content/images/boitmal/produit/zoom/F3A9E35445515384A82094B8183C06C5.jpg,,/product/ice-tea-manga-pack-6-x-0.25-l/8712100743535
27741,"Bebida isotónica de laranja sem gás, garrafa de 1,5 l",5449000133847,10325,10009,,Aquarius,,"1,53€/L","2,29€",https://cdn.intermarche.pt/pt/Content/images/boitmal/produit/zoom/09DAE5B7D9607187070756E6273A13FE.jpg,,/product/bebida-isotonica-de-laranja-sem-gas-garrafa-de-15-l/5449000133847
52500,"Ice Tea Pêssego, 500 ml",5604260329687,10325,10009,,PorSi,,"1,58€/L","0,79€",https://cdn.intermarche.pt/pt/Content/images/boitmal/produit/zoom/BF5C39472444DB391E968001F2E41C83.jpg,,/product/ice-tea-pessego-500-ml/5604260329687
12444,"Refrigerante sem gás flórida, garrafa de 1,25 l",8414100302643,10325,10009,,Sunny Delight,,"1,99€/L","2,49€",https://cdn.intermarche.pt/pt/Content/images/boitmal/produit/zoom/3A1240BBC1014C12050D3B4749081432.jpg,,/product/refrigerante-sem-gas-florida-garrafa-de-125-l/8414100302643
14252,"Refrigerante sem gás laranja, garrafa de 1,5 l",8411800376455,10325,10009,,Trina,,"1,53€/L","2,29€",https://cdn.intermarche.pt/pt/Content/images/boitmal/produit/zoom/18BB235772A8BDFC1B5D893CBE7A216F.jpg,,/product/refrigerante-sem-gas-laranja-garrafa-de-15-l/8411800376455
17393,"Ice tea limão, pack 3 x 200 ml",8712100743054,10325,10009,,Lipton,,"3,30€/L","1,98€",https://cdn.intermarche.pt/pt/Content/images/boitmal/produit/zoom/D1EFD045EC77B535C4F0D006B71AE8A9.jpg,,/product/ice-tea-limao-pack-3-x-200-ml/8712100743054
40974,Ice tea de limão zero açúcar garrafa 2 l,8711327407121,10325,10009,,Lipton,,"1,60€/L","3,19€",https://cdn.intermarche.pt/pt/Content/images/boitmal/produit/zoom/B234CDB9829553943528F8B0DFBD2C40.jpg,,/product/ice-tea-de-limao-zero-acucar-garrafa-2-l/8711327407121
40514,Ice tea de pêssego,5604260302321,10325,10009,Garrafa de 2 l,PorSi,,"0,60€/L","1,19€",https://cdn.intermarche.pt/pt/Content/images/boitmal/produit/zoom/119C3CB73CD40DA468E2E6CBB1420B8C.jpg,,/product/ice-tea-de-pessego/5604260302321
40604,Ice tea de manga,5604260302314,10325,10009,Embalagem de 2 l,PorSi,,"0,60€/L","1,19€",https://cdn.intermarche.pt/pt/Content/images/boitmal/produit/zoom/4AC84EA3800E422D34653301FC881DDD.jpg,,/product/ice-tea-de-manga/5604260302314
12082,"Ice tea, pêssego",5604260259328,10325,10009,"Embalagem de 6x0,20 l",PorSi,,"0,99€/L","1,19€",https://cdn.intermarche.pt/pt/Content/images/boitmal/produit/zoom/BDF14FED78EE3B36A692869E60F78A23.jpg,,/product/ice-tea-pessego/5604260259328
12083,Ice tea de manga,5604260259335,10325,10009,"Embalagem de 6x0,20 l",PorSi,,"0,99€/L","1,19€",https://cdn.intermarche.pt/pt/Content/images/boitmal/produit/zoom/7E8E74D7FBBBBEFEBBE078389B62CE99.jpg,,/product/ice-tea-de-manga/5604260259335
15727,"Ice tea pessêgo, pack 6 x 0.25 l",8712100743399,10325,10009,,Lipton,,"3,46€/L","5,19€",https://cdn.intermarche.pt/pt/Content/images/boitmal/produit/zoom/0BABF6C9912B914439DE1F7312F1C975.jpg,,/product/ice-tea-pessego-pack-6-x-0.25-l/8712100743399
40605,Ice tea de limão,5604260302338,10325,10009,Embalagem de 2 l,PorSi,,"0,60€/L","1,19€",https://cdn.intermarche.pt/pt/Content/images/boitmal/produit/zoom/34868D91A34DD60975E3414B525E31CF.jpg,,/product/ice-tea-de-limao/5604260302338
17392,"Ice tea manga, pack 3 x 200 ml",8712100743207,10325,10009,,Lipton,,"3,30€/L","1,98€",https://cdn.intermarche.pt/pt/Content/images/boitmal/produit/zoom/FA6E45D60FA96CC6D47B1115F2651F2C.jpg,,/product/ice-tea-manga-pack-3-x-200-ml/8712100743207
2156,Ice tea de pêssego zero tetra,5604260302260,10325,10009,"Embalagem de 1,5 l",PorSi,,"0,59€/L","0,89€",https://cdn.intermarche.pt/pt/Content/images/boitmal/produit/zoom/057145DE17265B155D82F0C84E4F13FF.jpg,,/product/ice-tea-de-pessego-zero-tetra/5604260302260
42582,Ice tea limao zero,5604260302277,10325,10009,1.5 litros,PorSi,,"0,59€/L","0,89€",https://cdn.intermarche.pt/pt/Content/images/boitmal/produit/zoom/0D2D2B25108770A691CC4AF6E514C673.jpg,,/product/ice-tea-limao-zero/5604260302277
42838,Ice tea manga zero,5604260302253,10325,10009,Garrafa de 1.5 l,PorSi,,"0,59€/L","0,89€",https://cdn.intermarche.pt/pt/Content/images/boitmal/produit/zoom/1B27DE7155C6C2D2CED29760B5BA85D0.jpg,,/product/ice-tea-manga-zero/5604260302253
44664,"Ice tea limão zero açúcar, garrafa de 1l",8711327488052,10325,10009,,Lipton,,"1,85€/L","1,85€",https://cdn.intermarche.pt/pt/Content/images/boitmal/produit/zoom/52579188A3342679BB6CE44E5B5F381A.jpg,,/product/ice-tea-limao-zero-acucar-garrafa-de-1l/8711327488052
44665,"Ice tea pêssego zero açúcar, garrafa de 1l",8711327488069,10325,10009,,Lipton,,"1,85€/L","1,85€",https://cdn.intermarche.pt/pt/Content/images/boitmal/produit/zoom/9806A6502CAAC050A812F609EBBE29E2.jpg,,/product/ice-tea-pessego-zero-acucar-garrafa-de-1l/8711327488069
448,"Ice tea de manga, garrafa de 2 l",8722700752943,10325,10009,,Lipton,,"1,60€/L","3,19€",https://cdn.intermarche.pt/pt/Content/images/boitmal/produit/zoom/D8A7BBA271F5B46B5DC4031B0621A8E9.jpg,,/product/ice-tea-de-manga-garrafa-de-2-l/8722700752943
2157,Ice tea de limão tetra,5604260327119,10325,10009,"Embalagem de 1,5 l",PorSi,,"0,73€/L","1,09€",https://cdn.intermarche.pt/pt/Content/images/boitmal/produit/zoom/FB3C7451B059F748F7FDA005F2AE0FB6.jpg,,/product/ice-tea-de-limao-tetra/5604260327119
12081,Ice tea de limão,5604260259311,10325,10009,"Embalagem de 6x0,20 l ",PorSi,,"0,99€/L","1,19€",https://cdn.intermarche.pt/pt/Content/images/boitmal/produit/zoom/A3E8F69230ED19B87297C6E8CF043E90.jpg,,/product/ice-tea-de-limao/5604260259311
2158,Ice tea pessego,5604260327102,10325,10009,"Embalagem de 1,5 l",PorSi,,"0,73€/L","1,09€",https://cdn.intermarche.pt/pt/Content/images/boitmal/produit/zoom/7F0DDCB4586298B5CE4F32BBE4D4C7DD.jpg,,/product/ice-tea-pessego/5604260327102
9299,"Tisana chá de cidreira e tília, garrafa de 1,5 l",5603722497254,10325,10009,,Pleno,,"1,26€/L","1,89€",https://cdn.intermarche.pt/pt/Content/images/boitmal/produit/zoom/E209EEA7F7A7AFC654DB8AF682E8C159.jpg,,/product/tisana-cha-de-cidreira-e-tilia-garrafa-de-15-l/5603722497254
9300,"Tisana chá verde/limão, garrafa de 1,5 l",5603722497261,10325,10009,,Pleno,,"1,26€/L","1,89€",https://cdn.intermarche.pt/pt/Content/images/boitmal/produit/zoom/63B46E2B2042FC121A0C4D7D5A49ED19.jpg,,/product/tisana-cha-verde-ou-limao-garrafa-de-15-l/5603722497261
14641,"Tisana de chá verde/limão light, de 1,5 l",5603722513879,10325,10009,,Pleno,,"1,19€/L","1,79€",https://cdn.intermarche.pt/pt/Content/images/boitmal/produit/zoom/65377B3F78342A8BD02B4888BCEF8A2A.jpg,,/product/tisana-de-cha-verde-ou-limao-light-de-15-l/5603722513879
46691,"Ice tea de pêssego, garrafa de 1.5 l",5449000030528,10325,10009,,Nestea,,"1,17€/L","1,75€",https://cdn.intermarche.pt/pt/Content/images/boitmal/produit/zoom/645763662EEC5EC44E664716F4A2070A.jpg,,/product/ice-tea-de-pessego-garrafa-de-1.5-l/5449000030528
15873,"Ice tea limão, pack 6 x 0.25 l",8712100743337,10325,10009,,Lipton,,"3,46€/L","5,19€",https://cdn.intermarche.pt/pt/Content/images/boitmal/produit/zoom/2676596678792B3C71788D8BEC2CF976.jpg,,/product/ice-tea-limao-pack-6-x-0.25-l/8712100743337
17394,Ice tea pêssego,8712100742996,10325,10009,Pack 3 x 200 ml,Lipton,,"3,30€/L","1,98€",https://cdn.intermarche.pt/pt/Content/images/boitmal/produit/zoom/ECE4CDAE4FF17013051FAEB02D1C2D38.jpg,,/product/ice-tea-pessego/8712100742996
51882,"Bebida probiótica de framboesa biológica, 400 ml",5600787049022,11109,10009,,Kombucha,,"4,98€/L","1,99€",https://cdn.intermarche.pt/pt/Content/images/boitmal/produit/zoom/3A7BAA145728BCEF7EFE3C97F4D13369.jpg,,/product/bebida-probiotica-de-framboesa-biologica-400-ml/5600787049022
15874,"Ice tea manga, pack 6 x 0.25 l",8712100743535,10325,10009,,Lipton,,"3,46€/L","5,19€",https://cdn.intermarche.pt/pt/Content/images/boitmal/produit/zoom/F3A9E35445515384A82094B8183C06C5.jpg,,/product/ice-tea-manga-pack-6-x-0.25-l/8712100743535
51925,Ice tea lipton chá preto manga zero 2l,8711327587632,11109,10009,,Lipton,,"1,60€/L","3,19€",https://cdn.intermarche.pt/pt/Content/images/boitmal/produit/zoom/241DBF240C312378317C24947EDC5453.jpg,,/product/ice-tea-lipton-cha-preto-manga-zero-2l/8711327587632
52500,"Ice Tea Pêssego, 500 ml",5604260329687,10325,10009,,PorSi,,"1,58€/L","0,79€",https://cdn.intermarche.pt/pt/Content/images/boitmal/produit/zoom/BF5C39472444DB391E968001F2E41C83.jpg,,/product/ice-tea-pessego-500-ml/5604260329687
17393,"Ice tea limão, pack 3 x 200 ml",8712100743054,10325,10009,,Lipton,,"3,30€/L","1,98€",https://cdn.intermarche.pt/pt/Content/images/boitmal/produit/zoom/D1EFD045EC77B535C4F0D006B71AE8A9.jpg,,/product/ice-tea-limao-pack-3-x-200-ml/8712100743054
45763,Ice tea de limão,5604260316922,10325,10009,Lata de 330 ml,PorSi,,"1,48€/L","0,49€",https://cdn.intermarche.pt/pt/Content/images/boitmal/produit/zoom/82D8A5DCC065C19FC431861972525375.jpg,,/product/ice-tea-de-limao/5604260316922
46690,"Ice tea de limão, garrafa de 1.5 l",5449000017376,10325,10009,,Nestea,,"1,17€/L","1,75€",https://cdn.intermarche.pt/pt/Content/images/boitmal/produit/zoom/25BEEC61ED6EC01F142BE421B21D4F51.jpg,,/product/ice-tea-de-limao-garrafa-de-1.5-l/5449000017376
51837,Ice tea lipton pessego 2l,8711327587205,11109,10009,,Lipton,,"1,60€/L","3,19€",https://cdn.intermarche.pt/pt/Content/images/boitmal/produit/zoom/CEC4B87682C01CD71571EE1F09612EAF.jpg,,/product/ice-tea-lipton-pessego-2l/8711327587205
52878,"Kombucha chá verde, garrafa de 330 ml",5603722522482,11109,10009,,Pleno,,"6,64€/L","2,19€",https://cdn.intermarche.pt/pt/Content/images/boitmal/produit/zoom/A6A928B2E75640A1A7002F9999FE2282.jpg,,/product/kombucha-cha-verde-garrafa-de-330-ml/5603722522482
2243,"Ice Tea Manga, 500 ml",5604260329670,10325,10009,,PorSi,,"1,58€/L","0,79€",https://cdn.intermarche.pt/pt/Content/images/boitmal/produit/zoom/5153967E01ACA2B161373D4EAEB7131D.jpg,,/product/ice-tea-manga-500-ml/5604260329670
45764,"Ice tea de pêssego, lata de 330 ml",5604260316915,10325,10009,,PorSi,,"1,48€/L","0,49€",https://cdn.intermarche.pt/pt/Content/images/boitmal/produit/zoom/D63908E838BEC4F74A2B7F343ACE21A6.jpg,,/product/ice-tea-de-pessego-lata-de-330-ml/5604260316915
45765,Ice tea de manga,5604260316939,10325,10009,Lata de 330 ml,PorSi,,"1,48€/L","0,49€",https://cdn.intermarche.pt/pt/Content/images/boitmal/produit/zoom/D65978EB14DB663CF25A2BD17A173D29.jpg,,/product/ice-tea-de-manga/5604260316939
52962,"Kombucha de gengibre e limão, garrafa de 330 ml",5603722522505,11109,10009,,Pleno,,"6,64€/L","2,19€",https://cdn.intermarche.pt/pt/Content/images/boitmal/produit/zoom/16C35338EF775AE4D2A2D9C646FCB516.jpg,,/product/kombucha-de-gengibre-e-limao-garrafa-de-330-ml/5603722522505
20201,"Tisana chá camomila e romã, de 1,5 l",5603722516221,10325,10009,,Pleno,,"1,26€/L","1,89€",https://cdn.intermarche.pt/pt/Content/images/boitmal/produit/zoom/7D295EE342D567A594A666D24B68A8E1.jpg,,/product/tisana-cha-camomila-e-roma-de-15-l/5603722516221
46689,"Ice tea de manga e ananás, garrafa de 1.5 l",5449000111982,10325,10009,,Nestea,,"1,17€/L","1,75€",https://cdn.intermarche.pt/pt/Content/images/boitmal/produit/zoom/DC69DA3AE84E1BC62173111F57B419E2.jpg,,/product/ice-tea-de-manga-e-ananas-garrafa-de-1.5-l/5449000111982
51883,"Bebida probiótica biológica, 400 ml",5600787049046,11109,10009,,Kombucha,,"4,98€/L","1,99€",https://cdn.intermarche.pt/pt/Content/images/boitmal/produit/zoom/C5A74FF7983BA0525D5B31C0DD903DE1.jpg,,/product/bebida-probiotica-biologica-400-ml/5600787049046
32287,Ice Tea Manga,8711200379941,10325,10009,Pack 2 x 2 L,Lipton,,"1,05€/L","4,20€",https://cdn.intermarche.pt/pt/Content/images/boitmal/produit/zoom/AE457B60F2B7849A6E41E0DE4B8C7D2F.jpg,,/product/ice-tea-manga/8711200379941
32288,Ice Tea Limão,8711200379903,10325,10009,Pack 2 x 2 L,Lipton,,"1,05€/L","4,20€",https://cdn.intermarche.pt/pt/Content/images/boitmal/produit/zoom/8E272415CD3DB6BE1E738101427F2396.jpg,,/product/ice-tea-limao/8711200379903
1292,"Néctar vital equilibrio manga e laranja, 1 l",5601151354452,11754,10009,,Compal,,"1,19€/L","1,19€",https://cdn.intermarche.pt/pt/Content/images/boitmal/produit/zoom/30D2BA582C7246DE27BB90D053759BF5.jpg,2024-11-27T23:59:59.999Z,/product/nectar-vital-equilibrio-manga-e-laranja-1-l/5601151354452
1281,"Nectar vital equilibrio ananásemcoco, embalagem de 1l",5601151136140,11754,10009,,Compal,,"1,19€/L","1,19€",https://cdn.intermarche.pt/pt/Content/images/boitmal/produit/zoom/2353850FA900673F4C3B08C535F9375F.jpg,2024-11-27T23:59:59.999Z,/product/nectar-vital-equilibrio-ananasemcoco-embalagem-de-1l/5601151136140
1271,"Néctar vital equilibrio laranja/cenoura/manga, embalagem de 1l",5601151043455,11754,10009,,Compal,,"1,35€/L","1,35€",https://cdn.intermarche.pt/pt/Content/images/boitmal/produit/zoom/3AF115231F2C0FD57C62006464E6A0F7.jpg,2024-11-27T23:59:59.999Z,/product/nectar-vital-equilibrio-laranja-ou-cenoura-ou-manga-embalagem-de-1l/5601151043455
1276,"Néctar vital equilibrio frutos vermelhos, embalagem de 1l",5601151117101,11754,10009,,Compal,,"1,35€/L","1,35€",https://cdn.intermarche.pt/pt/Content/images/boitmal/produit/zoom/F0950B13CAACDCB597B5CA331A1F58B4.jpg,2024-11-27T23:59:59.999Z,/product/nectar-vital-equilibrio-frutos-vermelhos-embalagem-de-1l/5601151117101
1300,"Néctar vital equilibrio laranja/maracujá, embalagem de 1l",5601151653456,11754,10009,,Compal,,"1,19€/L","1,19€",https://cdn.intermarche.pt/pt/Content/images/boitmal/produit/zoom/B72DA0E00E4401E56F758040EA223821.jpg,2024-11-27T23:59:59.999Z,/product/nectar-vital-equilibrio-laranja-ou-maracuja-embalagem-de-1l/5601151653456
8640,"Néctar vital equilibrio manga/maracujá, embalagem de 1l",5601151981283,11754,10009,,Compal,,"1,19€/L","1,19€",https://cdn.intermarche.pt/pt/Content/images/boitmal/produit/zoom/40A36C9D1FDA899D2407999AC8FED2EF.jpg,2024-11-27T23:59:59.999Z,/product/nectar-vital-equilibrio-manga-ou-maracuja-embalagem-de-1l/5601151981283
49757,"Néctar vital bom dia aveia canela, 1 litro",5601151967898,11754,10009,,Compal,,"1,59€/L","1,59€",https://cdn.intermarche.pt/pt/Content/images/boitmal/produit/zoom/94E6F62512BB2257D9B0938AC14E8110.jpg,2024-11-27T23:59:59.999Z,/product/nectar-vital-bom-dia-aveia-canela-1-litro/5601151967898
25597,"Néctar 8 frutos, pack 6 x 200 ml",5601151979303,11754,10009,,Bongo,,"1,91€/L","2,29€",https://cdn.intermarche.pt/pt/Content/images/boitmal/produit/zoom/8F7097498E407AAD3EBA218E9E0D2469.jpg,,/product/nectar-8-frutos-pack-6-x-200-ml/5601151979303
1296,"Néctar de pêra, embalagem de 1l",5601151543306,11754,10009,,Compal,,"1,19€/L","1,19€",https://cdn.intermarche.pt/pt/Content/images/boitmal/produit/zoom/FF128F0B6279B1B088FCD71AE0426649.jpg,,/product/nectar-de-pera-embalagem-de-1l/5601151543306
2074,Néctar pera,5604260193554,11754,10009,Embalagem de 1 l,PorSi,,"0,99€/L","0,99€",https://cdn.intermarche.pt/pt/Content/images/boitmal/produit/zoom/EC5D7235941CEBB11AB8301EBCF4E95C.jpg,,/product/nectar-pera/5604260193554
15725,Néctar de pera,5604260273300,11754,10009,Pack 3 x 200 ml,PorSi,,"1,57€/L","0,94€",https://cdn.intermarche.pt/pt/Content/images/boitmal/produit/zoom/0413BCDA8269D327CC22E2A02C8AB9D5.jpg,,/product/nectar-de-pera/5604260273300
2078,"Néctar manga, prisma",5604260193615,11754,10009,Embalagem de 1 l,PorSi,,"1,15€/L","1,15€",https://cdn.intermarche.pt/pt/Content/images/boitmal/produit/zoom/F91DC367BE2D1C7BD0334DCD21B43F7E.jpg,,/product/nectar-manga-prisma/5604260193615
2080,"Néctar de goiaba, prisma",5604260193660,11754,10009,Embalagem de 1 l,PorSi,,"1,39€/L","1,39€",https://cdn.intermarche.pt/pt/Content/images/boitmal/produit/zoom/6FA47677E7FDD2427974636ED78C99C1.jpg,,/product/nectar-de-goiaba-prisma/5604260193660
5246,"Néctar pêra, pack 3 x 200 ml",5601151540886,11754,10009,,Compal,,"2,58€/L","1,55€",https://cdn.intermarche.pt/pt/Content/images/boitmal/produit/zoom/FE872862C33D3E4FE94573CE8DDC4957.jpg,,/product/nectar-pera-pack-3-x-200-ml/5601151540886
1291,"Néctar clássico tutti frutti, embalagem de 1l",5601151333457,11754,10009,,Compal,,"1,19€/L","1,19€",https://cdn.intermarche.pt/pt/Content/images/boitmal/produit/zoom/79A76D91E7F845844AA891429B75DB10.jpg,,/product/nectar-classico-tutti-frutti-embalagem-de-1l/5601151333457
1297,"Néctar de pêssego, embalagem de 1l",5601151543313,11754,10009,,Compal,,"1,19€/L","1,19€",https://cdn.intermarche.pt/pt/Content/images/boitmal/produit/zoom/71BCFF0323E89D4F47EF3F4CA7F8AF50.jpg,,/product/nectar-de-pessego-embalagem-de-1l/5601151543313
15359,Néctar de manga,5604260273317,11754,10009,Pack 3 x 200 ml,PorSi,,"1,92€/L","1,15€",https://cdn.intermarche.pt/pt/Content/images/boitmal/produit/zoom/C029E47F92C2B8B61D7DC41A026C661E.jpg,,/product/nectar-de-manga/5604260273317
2072,"Néctar pêssego, prisma",5604260193516,11754,10009,Embalagem de 1 l,PorSi,,"0,99€/L","0,99€",https://cdn.intermarche.pt/pt/Content/images/boitmal/produit/zoom/B29D4F2CB69685F48D5CAFE4294E327C.jpg,,/product/nectar-pessego-prisma/5604260193516
2073,"Néctar alperce, prisma",5604260193547,11754,10009,Embalagem de 1 l,PorSi,,"1,39€/L","1,39€",https://cdn.intermarche.pt/pt/Content/images/boitmal/produit/zoom/5852F28CE802CCE764D08FE69C2FE9F2.jpg,,/product/nectar-alperce-prisma/5604260193547
2079,"Néctar ananás, prisma",5604260193646,11754,10009,Garrafa de 1 l,PorSi,,"0,99€/L","0,99€",https://cdn.intermarche.pt/pt/Content/images/boitmal/produit/zoom/10E9329F83000135085CDE8D45A5A26A.jpg,,/product/nectar-ananas-prisma/5604260193646
1311,"Néctar laranja algarve, 1 l",5601151981245,11754,10009,,Compal,,"1,99€/L","1,99€",https://cdn.intermarche.pt/pt/Content/images/boitmal/produit/zoom/C8A71B56B3641AE6B0741C40BB45FB1D.jpg,,/product/nectar-laranja-algarve-1-l/5601151981245
5967,Néctar de pêssego,5604260273287,11754,10009,Pack 3 x 200 ml,PorSi,,"1,57€/L","0,94€",https://cdn.intermarche.pt/pt/Content/images/boitmal/produit/zoom/225F3552357D9B54968EB2EA453EA71F.jpg,,/product/nectar-de-pessego/5604260273287
15351,Néctar frutos vermelhos,5604260267187,11754,10009,Pack 3 x 200 ml,PorSi,,"1,82€/L","1,09€",https://cdn.intermarche.pt/pt/Content/images/boitmal/produit/zoom/BC8E345C0299C748D4E4E63ABBDFDBC3.jpg,,/product/nectar-frutos-vermelhos/5604260267187
11585,"Néctar tutti fruti, pack 3 x 200 ml",5601151540817,11754,10009,,Compal,,"2,58€/L","1,55€",https://cdn.intermarche.pt/pt/Content/images/boitmal/produit/zoom/46259AFD5876FC6CE2BE2E09C2B96495.jpg,,/product/nectar-tutti-fruti-pack-3-x-200-ml/5601151540817
1279,"Néctar de 8 frutos, garrafa de 1l",5601151123362,11754,10009,,Bongo,,"1,59€/L","1,59€",https://cdn.intermarche.pt/pt/Content/images/boitmal/produit/zoom/A385521CD93D23B64326FFF286275FD6.jpg,,/product/nectar-de-8-frutos-garrafa-de-1l/5601151123362
1277,"Néctar clássico laranja, embalagem de 1l",5601151122204,11754,10009,,Compal,,"1,69€/L","1,69€",https://cdn.intermarche.pt/pt/Content/images/boitmal/produit/zoom/3BFB21BBD9719EBBC98740FBB6E3BCF1.jpg,,/product/nectar-classico-laranja-embalagem-de-1l/5601151122204
15748,Néctar ananás,5604260273324,11754,10009,Pack 3 x 200 ml,PorSi,,"1,92€/L","1,15€",https://cdn.intermarche.pt/pt/Content/images/boitmal/produit/zoom/44CE328FB7922B26B1E457A43EAE62F2.jpg,,/product/nectar-ananas/5604260273324
2076,Nectar tuttifruti,5604260193585,11754,10009,Embalagem de 1 l,PorSi,,"1,09€/L","1,09€",https://cdn.intermarche.pt/pt/Content/images/boitmal/produit/zoom/F71C24EE65BBACD19D0B795025D59BB2.jpg,,/product/nectar-tuttifruti/5604260193585
15724,Néctar de tutti fruti,5604260273294,11754,10009,Pack 3 x 200 ml,PorSi,,"1,57€/L","0,94€",https://cdn.intermarche.pt/pt/Content/images/boitmal/produit/zoom/6499959FE629730710D041B5069E1F8D.jpg,,/product/nectar-de-tutti-fruti/5604260273294
8643,"Néctar light de manga/laranja, pack 3 x 200 ml",5601151983218,11754,10009,,Compal,,"2,82€/L","1,69€",https://cdn.intermarche.pt/pt/Content/images/boitmal/produit/zoom/B08CFC781E806936068ED3A79ED224D1.jpg,,/product/nectar-light-de-manga-ou-laranja-pack-3-x-200-ml/5601151983218
2237,"Néctar frutos vermelhos, prisma",5604260267200,11754,10009,Embalagem de 1 l,PorSi,,"1,09€/L","1,09€",https://cdn.intermarche.pt/pt/Content/images/boitmal/produit/zoom/6C3F491EA0BF0366BD5FF574EF1B374C.jpg,,/product/nectar-frutos-vermelhos-prisma/5604260267200
2083,Néctar light de laranja prisma,5604260193691,11754,10009,Embalagem de 1 l,PorSi,,"1,39€/L","1,39€",https://cdn.intermarche.pt/pt/Content/images/boitmal/produit/zoom/94946A0E09C855B0C6D3C935CB076C69.jpg,,/product/nectar-light-de-laranja-prisma/5604260193691
11588,"Néctar pêssego, pack 3 x 200 ml",5601151540909,11754,10009,,Compal,,"2,58€/L","1,55€",https://cdn.intermarche.pt/pt/Content/images/boitmal/produit/zoom/8E9F7F7C9C6F6F0F209D5A59713C2C1B.jpg,,/product/nectar-pessego-pack-3-x-200-ml/5601151540909
1295,"Néctar clássico de manga, embalagem de 1l",5601151533451,11754,10009,,Compal,,"1,19€/L","1,19€",https://cdn.intermarche.pt/pt/Content/images/boitmal/produit/zoom/74A17757EF21932BB8062B705CB36141.jpg,,/product/nectar-classico-de-manga-embalagem-de-1l/5601151533451
8631,"Néctar 8 frutos, pack 3 x 200 ml",5601151123355,11754,10009,,Bongo,,"2,65€/L","1,59€",https://cdn.intermarche.pt/pt/Content/images/boitmal/produit/zoom/8BAF12E62C24AA53D4D4C5A5073D4AC9.jpg,,/product/nectar-8-frutos-pack-3-x-200-ml/5601151123355
51955,"Clássico néctar maçã, embalagem de 1 l",5601151966518,11754,10009,,Compal,,"0,99€/L","0,99€",https://cdn.intermarche.pt/pt/Content/images/boitmal/produit/zoom/2643B0696CA4CCB2A26E95A0182A2704.jpg,,/product/classico-nectar-maca-embalagem-de-1-l/5601151966518
8641,"Néctar vital de frutos vermelhos, pack 3 x 200 ml",5601151983171,11754,10009,,Compal,,"2,82€/L","1,69€",https://cdn.intermarche.pt/pt/Content/images/boitmal/produit/zoom/612A85B8691CFCC5F767477F18BDCEE0.jpg,,/product/nectar-vital-de-frutos-vermelhos-pack-3-x-200-ml/5601151983171
40544,Néctar de laranja e cenoura light,5604260302031,11754,10009,Embalagem de 1 litro,PorSi,,"1,29€/L","1,29€",https://cdn.intermarche.pt/pt/Content/images/boitmal/produit/zoom/CCEF6CFEC2FC7BB2E5FEF16B0106721E.jpg,,/product/nectar-de-laranja-e-cenoura-light/5604260302031
40545,"Néctar de maracujá, maçã e manga",5604260302055,11754,10009,Embalagem de 1 litro,PorSi,,"1,09€/L","1,09€",https://cdn.intermarche.pt/pt/Content/images/boitmal/produit/zoom/74DB947964062AD5610A8167B38BD974.jpg,,/product/nectar-de-maracuja-maca-e-manga/5604260302055
650,Nectar multivitaminas,3250390258957,11754,10009,Embalagem de 2 l,Paquito,,"1,15€/L","2,29€",https://cdn.intermarche.pt/pt/Content/images/boitmal/produit/zoom/A2228AD58FA57101C5955DF25939C07E.jpg,,/product/nectar-multivitaminas/3250390258957
28877,Sumo 100% maçã,5604260276622,11755,10009,"Embalagem de 1,5 l",PorSi,,"0,77€/L","1,15€",https://cdn.intermarche.pt/pt/Content/images/boitmal/produit/zoom/CD29872FAA0BB0B73E655C4D361E540C.jpg,,/product/sumo-100%25-maca/5604260276622
42148,Sumo 100% maçã,5604260303120,11755,10009,pack 3 x 200 ml,PorSi,,"1,25€/L","0,75€",https://cdn.intermarche.pt/pt/Content/images/boitmal/produit/zoom/162734A7F01C67C4B14E4DDF890C8E68.jpg,,/product/sumo-100%25-maca/5604260303120
15623,Sumo 100% ananás/uva,5604260273249,11755,10009,Pack 3 x 200 ml,PorSi,,"1,92€/L","1,15€",https://cdn.intermarche.pt/pt/Content/images/boitmal/produit/zoom/C08E6C464009627CDAF2D3B788E41597.jpg,,/product/sumo-100%25-ananas-ou-uva/5604260273249
15726,Sumo 100% pêssego e uva,5604260273270,11755,10009,Pack 3 x 200 ml,PorSi,,"1,33€/L","0,80€",https://cdn.intermarche.pt/pt/Content/images/boitmal/produit/zoom/6D78432B4924E4F806DBDDFD038938F4.jpg,,/product/sumo-100%25-pessego-e-uva/5604260273270
16112,"Sumo 100%, laranja",5604260276615,11755,10009,"Embalagem de 1,5 l",PorSi,,"1,33€/L","1,99€",https://cdn.intermarche.pt/pt/Content/images/boitmal/produit/zoom/17ECC8AE41A7BF742CCD5FF49B598556.jpg,,/product/sumo-100%25-laranja/5604260276615
16113,"Sumo 100%, tutti-frutti",5604260276639,11755,10009,"Embalagem de 1,5 l",PorSi,,"1,19€/L","1,79€",https://cdn.intermarche.pt/pt/Content/images/boitmal/produit/zoom/C065DDC2C791A237A97F64817C7D76D5.jpg,,/product/sumo-100%25-tutti-frutti/5604260276639
40534,Sumo 100% pêssego e uva,5604260302017,11755,10009,1.5 l,PorSi,,"0,99€/L","1,49€",https://cdn.intermarche.pt/pt/Content/images/boitmal/produit/zoom/72EFE58B2E2E6067C7C0902B67EB89D8.jpg,,/product/sumo-100%25-pessego-e-uva/5604260302017
15624,Sumo 100% laranja,5604260273263,11755,10009,Pack 3 x 200 ml,PorSi,,"1,95€/L","1,17€",https://cdn.intermarche.pt/pt/Content/images/boitmal/produit/zoom/65F17397AE996A8EF224286679EBD0E4.jpg,,/product/sumo-100%25-laranja/5604260273263
10907,Sumo 100% tomate,5604260302024,11755,10009,Embalagem de 1.5 l,PorSi,,"1,13€/L","1,69€",https://cdn.intermarche.pt/pt/Content/images/boitmal/produit/zoom/292B9C7529E75D2F3BC51889C81EE89D.jpg,,/product/sumo-100%25-tomate/5604260302024
24456,"Nectar clássico maracujá, garrafa de 1l",5601151543450,11755,10009,,Compal,,"1,69€/L","1,69€",https://cdn.intermarche.pt/pt/Content/images/boitmal/produit/zoom/420B7354CEE7040D1EB865A636144F4C.jpg,,/product/nectar-classico-maracuja-garrafa-de-1l/5601151543450
14169,"Sumo 100% maçã, 1 litro",5601151734452,11755,10009,,Compal,,"1,69€/L","1,69€",https://cdn.intermarche.pt/pt/Content/images/boitmal/produit/zoom/735FEA93558F1E10BCABBD50D558E72B.jpg,,/product/sumo-100%25-maca-1-litro/5601151734452
49307,"Sumo 100% fruta multifrutos, 1litro",5601151969656,11755,10009,,Compal,,"1,69€/L","1,69€",https://cdn.intermarche.pt/pt/Content/images/boitmal/produit/zoom/8424532B43AB37AC24D6326C5A80BA55.jpg,,/product/sumo-100%25-fruta-multifrutos-1litro/5601151969656
1298,"Sumo 100% laranja, 1litro",5601151543405,11755,10009,,Compal,,"1,99€/L","1,99€",https://cdn.intermarche.pt/pt/Content/images/boitmal/produit/zoom/45F2D2899569ABF2DC5A8467D1A8AD00.jpg,,/product/sumo-100%25-laranja-1litro/5601151543405
49411,"Sumo 100% laranja espremida, pack 3 x 200 ml",5601151969571,11755,10009,,Compal,,"2,98€/L","1,79€",https://cdn.intermarche.pt/pt/Content/images/boitmal/produit/zoom/BE6107A246758DDB948F9247FE27347E.jpg,,/product/sumo-100%25-laranja-espremida-pack-3-x-200-ml/5601151969571
35704,"Conjunto de saquetas de fruta maçã e banana, embalagem de 4 x 90g",3021768203639,11755,10009,,Gogo,,"10,53€/Kg","3,79€",https://cdn.intermarche.pt/pt/Content/images/boitmal/produit/zoom/5FD12CF17A06164EE105D015DB4EE80A.jpg,,/product/conjunto-de-saquetas-de-fruta-maca-e-banana-embalagem-de-4-x-90g/3021768203639
35705,"Conjunto de saquetas de fruta maçã e morango, embalagem de 4 x 90g",3021768203615,11755,10009,,Gogo,,"10,53€/Kg","3,79€",https://cdn.intermarche.pt/pt/Content/images/boitmal/produit/zoom/842A4A936793A68E3BEB92BD80487C2F.jpg,,/product/conjunto-de-saquetas-de-fruta-maca-e-morango-embalagem-de-4-x-90g/3021768203615
49412,"Sumo 100% multifrutos, pack 3 x 200 ml",5601151969557,11755,10009,,Compal,,"2,98€/L","1,79€",https://cdn.intermarche.pt/pt/Content/images/boitmal/produit/zoom/06CD2EB788C5BE5243BAD71B7ED2962F.jpg,,/product/sumo-100%25-multifrutos-pack-3-x-200-ml/5601151969557
49414,"Sumo 100% maçã, pack 3 x 200 ml",5601151969564,11755,10009,,Compal,,"2,98€/L","1,79€",https://cdn.intermarche.pt/pt/Content/images/boitmal/produit/zoom/CD31AD4E2832462B8D930F1F9879C4D7.jpg,,/product/sumo-100%25-maca-pack-3-x-200-ml/5601151969564
43102,"Conjunto de saquetas de fruta maçã e pera, embalagem de 4 x 90g",3021761207214,11755,10009,,Gogo,,"9,69€/Kg","3,49€",https://cdn.intermarche.pt/pt/Content/images/boitmal/produit/zoom/CE4925BADBF21C4F7D4D7E83BC0A1EDF.jpg,,/product/conjunto-de-saquetas-de-fruta-maca-e-pera-embalagem-de-4-x-90g/3021761207214
35703,"Conjunto de saquetas de fruta maçã, embalagem de 4 x 90g",3021768203608,11755,10009,,GoGo Squeez,,"10,53€/Kg","3,79€",https://cdn.intermarche.pt/pt/Content/images/boitmal/produit/zoom/EFAD3B28A2AEC54F4385AF821FCB6551.jpg,,/product/conjunto-de-saquetas-de-fruta-maca-embalagem-de-4-x-90g/3021768203608
39579,"Sumo natural de alperce bio, 200 ml",5604321037032,11287,10119,,Cemporcento,,"5,45€/L","1,09€",https://cdn.intermarche.pt/pt/Content/images/boitmal/produit/zoom/642891B4C612F1BFAFFC4EC091E41EB0.jpg,,/product/sumo-natural-de-alperce-bio-200-ml/5604321037032
39581,"Sumo natural de romã bio, 200 ml",5604321037087,11287,10119,,Cemporcento,,"12,45€/L","2,49€",https://cdn.intermarche.pt/pt/Content/images/boitmal/produit/zoom/421A82B62F304F40551ACE82F0979E80.jpg,,/product/sumo-natural-de-roma-bio-200-ml/5604321037087
47060,"Frutapura maçã e pera, embalagem de 85g",5900852054822,11755,10009,,Bledina,,"11,53€/Kg","0,98€",https://cdn.intermarche.pt/pt/Content/images/boitmal/produit/zoom/1687544E54E32044F426E002D2C0D2EF.jpg,,/product/frutapura-maca-e-pera-embalagem-de-85g/5900852054822
49981,"Conjunto de saquetas de fruta multifrutos, embalagem de 360g",3021761207269,11755,10009,,Gogo,,"10,53€/Kg","3,79€",https://cdn.intermarche.pt/pt/Content/images/boitmal/produit/zoom/8660412D676501A77626C4E68F3A2E58.jpg,,/product/conjunto-de-saquetas-de-fruta-multifrutos-embalagem-de-360g/3021761207269
9758,Sumo de laranja,5604802000098,11755,10009,Garrafa 3L,Lara,,"2,66€/L","7,99€",https://cdn.intermarche.pt/pt/Content/images/boitmal/produit/zoom/9994DB4D115BFACD019C51C63DC6D34B.jpg,,/product/sumo-de-laranja/5604802000098
39466,"Sumo natural de betarraba bio, 750 ml",5604321037025,11287,10119,,Cemporcento,,"4,52€/L","3,39€",https://cdn.intermarche.pt/pt/Content/images/boitmal/produit/zoom/3709DEC24B0777DC228D6A10CA18C9AC.jpg,,/product/sumo-natural-de-betarraba-bio-750-ml/5604321037025
39468,"Sumo natural de mirtilo bio, 200 ml",5604321037056,11287,10119,,Cemporcento,,"12,45€/L","2,49€",https://cdn.intermarche.pt/pt/Content/images/boitmal/produit/zoom/DDFA40E3235F6218A2B47C10F6FED996.jpg,,/product/sumo-natural-de-mirtilo-bio-200-ml/5604321037056
39590,"Sumo natural de pêssego bio, 200 ml",5604321037797,11287,10119,,Cemporcento,,"5,45€/L","1,09€",https://cdn.intermarche.pt/pt/Content/images/boitmal/produit/zoom/EEDA1266EA8643EACE0FBA147B04706F.jpg,,/product/sumo-natural-de-pessego-bio-200-ml/5604321037797
46662,"Snacktoon rupy frutos variados, 100g",5900852054914,11755,10009,,Blédina,,"14,90€/Kg","1,49€",https://cdn.intermarche.pt/pt/Content/images/boitmal/produit/zoom/EEE70F765979DD4ADEB12AF4A28CDC46.jpg,,/product/snacktoon-rupy-frutos-variados-100g/5900852054914
46663,"Bledina snacktoon molly maçã, embalagem de 100g",5900852054907,11755,10009,,Bledina,,"14,90€/Kg","1,49€",https://cdn.intermarche.pt/pt/Content/images/boitmal/produit/zoom/4A036EE06A4D8D5BA3B29BFF14D65BCB.jpg,,/product/bledina-snacktoon-molly-maca-embalagem-de-100g/5900852054907
47062,"Frutapura pouch frutos variados, embalagem de 85g",5900852054846,11755,10009,,Bledina,,"11,53€/Kg","0,98€",https://cdn.intermarche.pt/pt/Content/images/boitmal/produit/zoom/F3964AC394D2C194C63A1CF8AF7341F0.jpg,,/product/frutapura-pouch-frutos-variados-embalagem-de-85g/5900852054846
47064,"Frutapura maçã manga laranja, embalagem de 85g",5900852054884,11755,10009,,Bledina,,"11,53€/Kg","0,98€",https://cdn.intermarche.pt/pt/Content/images/boitmal/produit/zoom/9DEC9C7C8D4977CF116F0FD542AB187C.jpg,,/product/frutapura-maca-manga-laranja-embalagem-de-85g/5900852054884
50439,"Smoothie de maçã, kiwi e lima, 250 ml",5038862239660,11755,10009,,Innocent,,"7,96€/L","1,99€",https://cdn.intermarche.pt/pt/Content/images/boitmal/produit/zoom/5CE020B35F1C09592EB4849D26350835.jpg,,/product/smoothie-de-maca-kiwi-e-lima-250-ml/5038862239660
40533,Sumo 100% ananás e uva,5604260302000,11755,10009,1.5 l,PorSi,,"1,06€/L","1,59€",https://cdn.intermarche.pt/pt/Content/images/boitmal/produit/zoom/2968E5A65D67351F63FA3A4715C3A218.jpg,,/product/sumo-100%25-ananas-e-uva/5604260302000
40587,"Sumo 100%, tutti-frutti",5604260303113,11755,10009,Embalagem de 3 x 200 ml,PorSi,,"1,92€/L","1,15€",https://cdn.intermarche.pt/pt/Content/images/boitmal/produit/zoom/73CE8346065B2BB4C9367B14030AD8BE.jpg,,/product/sumo-100%25-tutti-frutti/5604260303113
45812,Sumo Natural 100% Maçã de Alcobaça e Pera Rocha do Oeste,5604260317035,11755,10009,1.5 litros,PorSi Select,,"2,19€/L","3,29€",https://cdn.intermarche.pt/pt/Content/images/boitmal/produit/zoom/ECCB2F7B38C4B3284E856D1F38001F89.jpg,,/product/sumo-natural-100%25-maca-de-alcobaca-e-pera-rocha-do-oeste/5604260317035
41897,Sumo de laranja,4000177024935,11755,10009,Embalagem de 4 x 200ml,Capri-Sun,,"3,10€/L","2,48€",https://cdn.intermarche.pt/pt/Content/images/boitmal/produit/zoom/C8488EDA59E8CEF60193E894C6356279.jpg,,/product/sumo-de-laranja/4000177024935
25275,Concentrado de laranja,5775345121578,11756,10009,Garrafa de 700 ml,Sunquick,,"7,41€/L","5,19€",https://cdn.intermarche.pt/pt/Content/images/boitmal/produit/zoom/8F6159314AFA9ACA4FB2EC88A7BBF04D.jpg,2024-11-27T23:59:59.999Z,/product/concentrado-de-laranja/5775345121578
25276,"Concentrado de frutas tropicais, garrafa de 700 ml",5775345121585,11756,10009,,Sunquick,,"7,41€/L","5,19€",https://cdn.intermarche.pt/pt/Content/images/boitmal/produit/zoom/4BD6A03207C4644AA25F7ED6571B6B74.jpg,2024-11-27T23:59:59.999Z,/product/concentrado-de-frutas-tropicais-garrafa-de-700-ml/5775345121585
50027,"Concentrado laranja e pêssego, garrafa de 700 ml",5775345203373,11756,10009,,Sunquick,,"7,41€/L","5,19€",https://cdn.intermarche.pt/pt/Content/images/boitmal/produit/zoom/0C66C20D7FFAE91A6E5B8A890E65B833.jpg,2024-11-27T23:59:59.999Z,/product/concentrado-laranja-e-pessego-garrafa-de-700-ml/5775345203373
50498,"Concentrado laranja e manga, garrafa de 700 ml",5775345202918,11756,10009,,Sunquick,,"7,41€/L","5,19€",https://cdn.intermarche.pt/pt/Content/images/boitmal/produit/zoom/2A5487A92FEBBD8C4A9D852619EA55EB.jpg,2024-11-27T23:59:59.999Z,/product/concentrado-laranja-e-manga-garrafa-de-700-ml/5775345202918
48022,"Concentrado de laranja, garrafa de 700 ml",5775345201256,11756,10009,,Sunquick,,"7,07€/L","4,95€",https://cdn.intermarche.pt/pt/Content/images/boitmal/produit/zoom/AE6378981ECD6A5373AFA2717A87CE6A.jpg,2024-11-27T23:59:59.999Z,/product/concentrado-de-laranja-garrafa-de-700-ml/5775345201256
53008,"Concentrado de maracujá mix, garrafa de 700 ml",5775345205384,11756,10009,,Sunquick,,"7,41€/L","5,19€",https://cdn.intermarche.pt/pt/Content/images/boitmal/produit/zoom/A67AB5B50F385D9314F8D31955C110FC.jpg,2024-11-27T23:59:59.999Z,/product/concentrado-de-maracuja-mix-garrafa-de-700-ml/5775345205384
53009,"Concentrado de manga, garrafa de 700 ml",5775345205285,11756,10009,,Sunquick,,"7,41€/L","5,19€",https://cdn.intermarche.pt/pt/Content/images/boitmal/produit/zoom/94829BEDF893EBD8EC5C2A98EB094FA3.jpg,2024-11-27T23:59:59.999Z,/product/concentrado-de-manga-garrafa-de-700-ml/5775345205285
2115,Refresco em pó de ananás,5604260251377,11756,10009,Embalagem de 40 g,PorSi,,"18,75€/Kg","0,75€",https://cdn.intermarche.pt/pt/Content/images/boitmal/produit/zoom/652C31AC3A5C77FC10CEC6760869C02C.jpg,,/product/refresco-em-po-de-ananas/5604260251377
2112,Refresco pó laranja e morango,5604260251346,11756,10009,Embalagem de 40g,PorSi,,"18,75€/Kg","0,75€",https://cdn.intermarche.pt/pt/Content/images/boitmal/produit/zoom/75DAD4CC02EBC8FB85B8AB3273986DEC.jpg,,/product/refresco-po-laranja-e-morango/5604260251346
555,Xarope grenadine,3250390001522,11756,10009,Garrafa de 750 ml,Paquito,,"5,99€/L","4,49€",https://cdn.intermarche.pt/pt/Content/images/boitmal/produit/zoom/A3D60CDFC505CCC84381D2FA9EC0DEB0.jpg,,/product/xarope-grenadine/3250390001522
14709,Groselha,5601245250011,11756,10009,Garrafa de 1 l,Albergaria,,"4,99€/L","4,99€",https://cdn.intermarche.pt/pt/Content/images/boitmal/produit/zoom/11C0EE0D4E1BC68F3ED3A3C67711A750.jpg,,/product/groselha/5601245250011
2113,Refresco pó laranja,5604260251353,11756,10009,Embalagem de 40g,PorSi,,"18,75€/Kg","0,75€",https://cdn.intermarche.pt/pt/Content/images/boitmal/produit/zoom/7640F021946054C8580B6619A928A598.jpg,,/product/refresco-po-laranja/5604260251353
11494,"Sumo concentrado de laranja/maracujá, garrafa de 740 ml",5601045080801,11756,10009,,GUD,,"6,74€/L","4,99€",https://cdn.intermarche.pt/pt/Content/images/boitmal/produit/zoom/C221FA4664D0130B8E97DF815C7232DB.jpg,,/product/sumo-concentrado-de-laranja-ou-maracuja-garrafa-de-740-ml/5601045080801
34308,Xarope grenadine zero,3250390953616,11756,10009,Garrafa de 750 ml,Paquito,,"4,39€/L","3,29€",https://cdn.intermarche.pt/pt/Content/images/boitmal/produit/zoom/95D0585E83B47D5668483BB5E8186F7A.jpg,,/product/xarope-grenadine-zero/3250390953616
2582,Refresco em pó de laranja,7622300118679,11756,10009,Embalagem de 30g,Tang,,"33,00€/Kg","0,99€",https://cdn.intermarche.pt/pt/Content/images/boitmal/produit/zoom/93C950E23C6D3C4F7356D5E290068B2C.jpg,,/product/refresco-em-po-de-laranja/7622300118679
12074,"Refresco em pó, manga",5604260251384,11756,10009,Embalagem de 40g,PorSi,,"18,75€/Kg","0,75€",https://cdn.intermarche.pt/pt/Content/images/boitmal/produit/zoom/11D871A2594BDBE3B19353C1A918C927.jpg,,/product/refresco-em-po-manga/5604260251384
2114,"Refresco em pó de morango, 40g",5604260251360,11756,10009,,PorSi,,"18,75€/Kg","0,75€",https://cdn.intermarche.pt/pt/Content/images/boitmal/produit/zoom/625E33A29075EEC51A7B297E8E29A85F.jpg,,/product/refresco-em-po-de-morango-40g/5604260251360
2583,"Refresco em pó, tropical",7622300118969,11756,10009,Embalagem de 30g,Tang,,"33,00€/Kg","0,99€",https://cdn.intermarche.pt/pt/Content/images/boitmal/produit/zoom/CA5DD9C6D01E8CCB6A796283D557355A.jpg,,/product/refresco-em-po-tropical/7622300118969
35294,Xarope de groselha,5603076016019,11756,10009,Garrafa de 1 l,Xarão,,"3,29€/L","3,29€",https://cdn.intermarche.pt/pt/Content/images/boitmal/produit/zoom/AE8CB1898CFD6AE4745D5FF564D7BB9C.jpg,,/product/xarope-de-groselha/5603076016019
35905,Xarope de menta,3250390001508,11756,10009,Garrafa de 0.75 lt,Paquito,,"5,99€/L","4,49€",https://cdn.intermarche.pt/pt/Content/images/boitmal/produit/zoom/9AA94EC8415049F5E1D7E72243B6F8FC.jpg,,/product/xarope-de-menta/3250390001508
36442,Refresco em pó de limão,7622300356804,11756,10009,30 g,Tang,,"33,00€/Kg","0,99€",https://cdn.intermarche.pt/pt/Content/images/boitmal/produit/zoom/CB5A99D7C81AAAEA0125A7469C050A5E.jpg,,/product/refresco-em-po-de-limao/7622300356804
50039,Xarope morango,3250390001553,11756,10009,Garrafa de 750 ml,Paquito,,"6,25€/L","4,69€",https://cdn.intermarche.pt/pt/Content/images/boitmal/produit/zoom/BEEE129C6895D17A7B42EECFB31CC2C8.jpg,,/product/xarope-morango/3250390001553
5090,"Sumo concentrado de laranja, garrafa de 740 ml",5601045080009,11756,10009,,GUD,,"6,74€/L","4,99€",https://cdn.intermarche.pt/pt/Content/images/boitmal/produit/zoom/067EFE30C0EE9230B8A684080CFEBD40.jpg,,/product/sumo-concentrado-de-laranja-garrafa-de-740-ml/5601045080009
554,Xarope de limão sem corantes,3250390001492,11756,10009,Garrafa de 750 ml,Paquito,,"5,99€/L","4,49€",https://cdn.intermarche.pt/pt/Content/images/boitmal/produit/zoom/8633B73CEC407F42E92C151BED93AF7D.jpg,,/product/xarope-de-limao-sem-corantes/3250390001492
9913,"Refresco em pó, ananás",7622300118945,11756,10009,Embalagem de 30g,Tang,,"33,00€/Kg","0,99€",https://cdn.intermarche.pt/pt/Content/images/boitmal/produit/zoom/8FD16408E776EC436D9EFD86A0FE2770.jpg,,/product/refresco-em-po-ananas/7622300118945
2584,Refresco em pó de morango,7622300119096,11756,10009,Embalagem de 30g,Tang,,"33,00€/Kg","0,99€",https://cdn.intermarche.pt/pt/Content/images/boitmal/produit/zoom/0CE3759E9057974EA33B7DBBD2396BBE.jpg,,/product/refresco-em-po-de-morango/7622300119096
32336,Bebida Energética Apple,5999884034612,11111,10009,250 ml,Hell,,"3,16€/L","0,79€",https://cdn.intermarche.pt/pt/Content/images/boitmal/produit/zoom/86E86029E30A4AE7E317DF9B881E3EBF.jpg,2024-11-27T23:59:59.999Z,/product/bebida-energetica-apple/5999884034612
34329,Bebida energética hell,5999884034469,11111,10009,Garrafa de 250 ml,Hell,,"3,16€/L","0,79€",https://cdn.intermarche.pt/pt/Content/images/boitmal/produit/zoom/1075218D3A34A21E3FA52C7E6942C8C8.jpg,2024-11-27T23:59:59.999Z,/product/bebida-energetica-hell/5999884034469
32337,Bebida Energética Red Grape,5999884034506,11111,10009,250 ml,Hell,,"3,16€/L","0,79€",https://cdn.intermarche.pt/pt/Content/images/boitmal/produit/zoom/82C99EE98CBF145ED4CFF4CAB7C29881.jpg,2024-11-27T23:59:59.999Z,/product/bebida-energetica-red-grape/5999884034506
22344,Powerade ice storm,0000054492653,11111,10009,,Powerade,,"2,98€/L","1,49€",https://cdn.intermarche.pt/pt/Content/images/boitmal/produit/zoom/9EF5EAC16201BB8AE0EE29F115A16530.jpg,,/product/powerade-ice-storm/0000054492653
27742,"Bebida isotónica de limão sem gás, garrafa de 1,5 l",5449000164957,10325,10009,,Aquarius,,"1,53€/L","2,29€",https://cdn.intermarche.pt/pt/Content/images/boitmal/produit/zoom/8696920250929B93491F5F3269DD5C71.jpg,,/product/bebida-isotonica-de-limao-sem-gas-garrafa-de-15-l/5449000164957
38634,"Bebida energética mango loco, garrafa de 500 ml",5060639121915,11111,10009,,Monster,,"3,38€/L","1,69€",https://cdn.intermarche.pt/pt/Content/images/boitmal/produit/zoom/538051783AD204653704F0269B632B69.jpg,,/product/bebida-energetica-mango-loco-garrafa-de-500-ml/5060639121915
3489,"Bebida desportiva, orange burst, de 500 ml",0000054492752,11111,10009,,Powerade,,"2,98€/L","1,49€",https://cdn.intermarche.pt/pt/Content/images/boitmal/produit/zoom/654E1F696F0E6CB1189675BD2B716206.jpg,,/product/bebida-desportiva-orange-burst-de-500-ml/0000054492752
458,"Bebida energética original, garrafa de 250 ml",9002490100070,11111,10009,,Red Bull,,"5,96€/L","1,49€",https://cdn.intermarche.pt/pt/Content/images/boitmal/produit/zoom/F60E0BAB263BC71F15ED1585FE3F2CB0.jpg,,/product/bebida-energetica-original-garrafa-de-250-ml/9002490100070
10766,"Bebida energética, pack 4 x 0.25 l",9002490100490,11111,10009,,Red Bull,,"5,59€/L","5,59€",https://cdn.intermarche.pt/pt/Content/images/boitmal/produit/zoom/42726BBCF5C8B7B6877344021AAC34CA.jpg,,/product/bebida-energetica-pack-4-x-0.25-l/9002490100490
16564,"Bebida energética ripper, garrafa de 500 ml",5060166690427,11111,10009,,Monster,,"3,38€/L","1,69€",https://cdn.intermarche.pt/pt/Content/images/boitmal/produit/zoom/16B9D66126580CEC0D4C035E88C14A16.jpg,,/product/bebida-energetica-ripper-garrafa-de-500-ml/5060166690427
16565,"Bebida energética green, de 500 ml",5060166690380,11111,10009,,Monster,,"3,38€/L","1,69€",https://cdn.intermarche.pt/pt/Content/images/boitmal/produit/zoom/E70555C1EDA938BA8551BA006F13F544.jpg,,/product/bebida-energetica-green-de-500-ml/5060166690380
27741,"Bebida isotónica de laranja sem gás, garrafa de 1,5 l",5449000133847,10325,10009,,Aquarius,,"1,53€/L","2,29€",https://cdn.intermarche.pt/pt/Content/images/boitmal/produit/zoom/09DAE5B7D9607187070756E6273A13FE.jpg,,/product/bebida-isotonica-de-laranja-sem-gas-garrafa-de-15-l/5449000133847
41943,"Energy ultra paradise, lata de 500 ml",5060639127375,11111,10009,,Monster,,"3,38€/L","1,69€",https://cdn.intermarche.pt/pt/Content/images/boitmal/produit/zoom/8091F3820415480BF22B7353EADA5361.jpg,,/product/energy-ultra-paradise-lata-de-500-ml/5060639127375
7016,"Bebida energética sem açúcar, garrafa de 250 ml",0000090162800,11111,10009,,Red Bull,,"5,96€/L","1,49€",https://cdn.intermarche.pt/pt/Content/images/boitmal/produit/zoom/8A8A160F3C239C2427F89A24C522FB51.jpg,,/product/bebida-energetica-sem-acucar-garrafa-de-250-ml/0000090162800
15817,"Bebida energética tropical edition, garrafa de 250 ml",9002490228859,11111,10009,,Red Bull,,"5,96€/L","1,49€",https://cdn.intermarche.pt/pt/Content/images/boitmal/produit/zoom/424E943CBDF74BEE18408298C106439E.jpg,,/product/bebida-energetica-tropical-edition-garrafa-de-250-ml/9002490228859
44827,"Bebida energética energy ultra fiesta mango, lata de 500 ml",5060751213512,11111,10009,,Monster,,"3,38€/L","1,69€",https://cdn.intermarche.pt/pt/Content/images/boitmal/produit/zoom/D041D204F892FAEC823275C2D1287761.jpg,,/product/bebida-energetica-energy-ultra-fiesta-mango-lata-de-500-ml/5060751213512
46217,"Bebida energética monarch, lata de 500 ml",5060751213550,11111,10009,,Monster,,"3,38€/L","1,69€",https://cdn.intermarche.pt/pt/Content/images/boitmal/produit/zoom/DF93984E9B93E9AC42A6FE49A440EF1D.jpg,,/product/bebida-energetica-monarch-lata-de-500-ml/5060751213550
49331,"Bebida energética ultra watermelon, lata de 500 ml",5060896621548,11111,10009,,Monster,,"3,38€/L","1,69€",https://cdn.intermarche.pt/pt/Content/images/boitmal/produit/zoom/0165B2A9210976B98D31D0B8B63BE355.jpg,,/product/bebida-energetica-ultra-watermelon-lata-de-500-ml/5060896621548
50649,"Bebida energética reserve white pineapple, 500 ml",5060896627014,11111,10009,,Monster,,"3,38€/L","1,69€",https://cdn.intermarche.pt/pt/Content/images/boitmal/produit/zoom/E3B03D76195A23B42A14B0004FB2EBE7.jpg,,/product/bebida-energetica-reserve-white-pineapple-500-ml/5060896627014
17428,"Bebida energética zero, garrafa de 500 ml",5060335632272,11111,10009,,Monster,,"3,38€/L","1,69€",https://cdn.intermarche.pt/pt/Content/images/boitmal/produit/zoom/27CD56EBFA1CEC3B0081B9EB3853C598.jpg,,/product/bebida-energetica-zero-garrafa-de-500-ml/5060335632272
21521,"Bebida energética original, garrafa de 500 ml",5060466513389,11111,10009,,Burn,,"2,38€/L","1,19€",https://cdn.intermarche.pt/pt/Content/images/boitmal/produit/zoom/2FB27D46887144F22B2484321D29691A.jpg,,/product/bebida-energetica-original-garrafa-de-500-ml/5060466513389
22382,"Tonic premium indian, garrafa de 500 ml",5060108450263,11111,10009,,Fever Tree,,"7,30€/L","3,65€",https://cdn.intermarche.pt/pt/Content/images/boitmal/produit/zoom/C06E9C832812568DEEFE00BD37886B65.jpg,,/product/tonic-premium-indian-garrafa-de-500-ml/5060108450263
24384,"Bebida energética ultra white, garrafa de 500 ml",5060337501316,11111,10009,,Monster,,"3,38€/L","1,69€",https://cdn.intermarche.pt/pt/Content/images/boitmal/produit/zoom/F89842C3AEB9F6E1DD6438C3CEFD67DB.jpg,,/product/bebida-energetica-ultra-white-garrafa-de-500-ml/5060337501316
297,"Bebida energética, garrafa de 360 ml",0000090376054,11111,10009,,Red Bull,,"5,89€/L","2,09€",https://cdn.intermarche.pt/pt/Content/images/boitmal/produit/zoom/6E48C7249E187BFC9AC58A07BFA00EC8.jpg,,/product/bebida-energetica-garrafa-de-360-ml/0000090376054
31165,"Bebida energética, garrafa de 250 ml",5060466513501,11111,10009,,Burn,,"3,16€/L","0,79€",https://cdn.intermarche.pt/pt/Content/images/boitmal/produit/zoom/BC2E54D006F7C751FC62397402B86738.jpg,,/product/bebida-energetica-garrafa-de-250-ml/5060466513501
43319,"Bebida energética red edition, lata de 250 ml",9002490249922,11111,10009,,Red Bull,,"5,96€/L","1,49€",https://cdn.intermarche.pt/pt/Content/images/boitmal/produit/zoom/2B1C5FB624520D8A3FCC3448716739F6.jpg,,/product/bebida-energetica-red-edition-lata-de-250-ml/9002490249922
46136,"Bebida energética com sabor a açaí, lata de 250 ml",9002490251901,11111,10009,,Red Bull,,"5,96€/L","1,49€",https://cdn.intermarche.pt/pt/Content/images/boitmal/produit/zoom/5E75C7EF6450BA8CAE3F258520BB03F1.jpg,,/product/bebida-energetica-com-sabor-a-acai-lata-de-250-ml/9002490251901
46249,Red bull sugarfree 2pack,9002490247270,11111,10009,Garrafa de 500 ml,Red Bull,,"5,58€/L","2,79€",https://cdn.intermarche.pt/pt/Content/images/boitmal/produit/zoom/AA237DA0687466ABEF41342E01FE983A.jpg,,/product/red-bull-sugarfree-2pack/9002490247270
53003,"Bebida Energética Juiced Mango Loco, 4 x 500ml",5060896623924,11111,10009,,Monster,,"3,10€/L","6,19€",https://cdn.intermarche.pt/pt/Content/images/boitmal/produit/zoom/B8EBEE11F32B2D67D8619E3DF1C55251.jpg,,/product/bebida-energetica-juiced-mango-loco-4-x-500ml/5060896623924
53252,"Bebida energética ultra gold zero, lata de 500 ml",5060896626864,11111,10009,,Monster,,"3,38€/L","1,69€",https://cdn.intermarche.pt/pt/Content/images/boitmal/produit/zoom/CD035F1565E957FFF3C88F2FA7E86043.jpg,,/product/bebida-energetica-ultra-gold-zero-lata-de-500-ml/5060896626864
53253,"Bebida energética burn fruit punch, lata de 500 ml",5060895744354,11111,10009,,Burn,,"2,38€/L","1,19€",https://cdn.intermarche.pt/pt/Content/images/boitmal/produit/zoom/9FF4C6371670166E35C6433CD3766F58.jpg,,/product/bebida-energetica-burn-fruit-punch-lata-de-500-ml/5060895744354
14367,"Água tónica, garrafa de 1l",8414100314646,11675,10008,,Schweppes,,"1,99€/L","1,99€",https://cdn.intermarche.pt/pt/Content/images/boitmal/produit/zoom/5C66815ADFA914E33C4113BEAE08ED74.jpg,,/product/agua-tonica-garrafa-de-1l/8414100314646
31551,"Schweppes tónica zero, garrafa de 250 ml",8414100333241,11675,10008,,Schweppes,,"3,80€/L","0,95€",https://cdn.intermarche.pt/pt/Content/images/boitmal/produit/zoom/7D3CDC1738B0F685E19A0F0C867F8751.jpg,,/product/schweppes-tonica-zero-garrafa-de-250-ml/8414100333241
18195,"Ginger ale, garrafa de 1l",8414100314745,11675,10008,,Schweppes,,"1,99€/L","1,99€",https://cdn.intermarche.pt/pt/Content/images/boitmal/produit/zoom/09EBA3B96E13399BDEDB09CF9692D50F.jpg,,/product/ginger-ale-garrafa-de-1l/8414100314745
47653,"Ginger ale, lata 33 cl",8414100306559,11675,10008,,Schweppes,,"2,88€/L","0,95€",https://cdn.intermarche.pt/pt/Content/images/boitmal/produit/zoom/AF2113C89BE09A44CC79705B477BE6A0.jpg,,/product/ginger-ale-lata-33-cl/8414100306559
20645,"Água tónica, garrafa de 250 ml",8414100333142,11675,10008,,Schweppes,,"3,80€/L","0,95€",https://cdn.intermarche.pt/pt/Content/images/boitmal/produit/zoom/B5135EC368396A1E27E631F286A71A1E.jpg,,/product/agua-tonica-garrafa-de-250-ml/8414100333142
14687,"Água tónica premium mediterranean, pack 4 x 0.20 l",5060108450515,11675,10008,,Fever Tree,,"7,49€/L","5,99€",https://cdn.intermarche.pt/pt/Content/images/boitmal/produit/zoom/770F28EDA01BED3158CBDE1A06DB5374.jpg,,/product/agua-tonica-premium-mediterranean-pack-4-x-0.20-l/5060108450515
40996,Água tónica citrus,8414100389590,11675,10008,Garrafa de 1 l,Schweppes,,"1,59€/L","1,59€",https://cdn.intermarche.pt/pt/Content/images/boitmal/produit/zoom/E5516D9F82E19D747B0DB35CBB6229F9.jpg,,/product/agua-tonica-citrus/8414100389590
14432,"Água tónica premium indian, pack 4 x 0.20 l",5060108450010,11675,10008,,Fever Tree,,"7,49€/L","5,99€",https://cdn.intermarche.pt/pt/Content/images/boitmal/produit/zoom/3640F52D236288BAD0F7AE936CF4D877.jpg,,/product/agua-tonica-premium-indian-pack-4-x-0.20-l/5060108450010
53029,"Bebida Ginger Beer Premium, garrafa de 200 ml",8414100387626,11675,10008,,Schweppes,,"8,95€/L","1,79€",https://cdn.intermarche.pt/pt/Content/images/boitmal/produit/zoom/D1556A5DF8EED4A29DEA6C678ACDBC2C.jpg,,/product/bebida-ginger-beer-premium-garrafa-de-200-ml/8414100387626
53030,"Refrigerante laranja zero, lata de 330 ml",8414100363460,11675,10008,,Schweppes,,"2,88€/L","0,95€",https://cdn.intermarche.pt/pt/Content/images/boitmal/produit/zoom/D8A50DAF7C343E44B10F6987990E4D7C.jpg,,/product/refrigerante-laranja-zero-lata-de-330-ml/8414100363460
53295,"Água Tónica Regular Zero, garrafa de 1l",8414100301240,11675,10008,,Schweppes,,"1,99€/L","1,99€",https://cdn.intermarche.pt/pt/Content/images/boitmal/produit/zoom/25F21BC2F18171F01E270025DBAA2EDD.jpg,,/product/agua-tonica-regular-zero-garrafa-de-1l/8414100301240
40956,Schweppes citrus lata 33cl,8414100389538,11675,10008,Garrafa de 330 ml,Schweppes,,"2,88€/L","0,95€",https://cdn.intermarche.pt/pt/Content/images/boitmal/produit/zoom/121AC80C17F615466A8952DEE7E97FBC.jpg,,/product/schweppes-citrus-lata-33cl/8414100389538
11961,"Leite sem lactose meio gordo, de 1l",5603722505607,11277,10118,,Mimosa,,"1,14€/L","1,14€",https://cdn.intermarche.pt/pt/Content/images/boitmal/produit/zoom/A98ED8A0E5E675A3AC1A551BCE75B0AB.jpg,2024-11-27T23:59:59.999Z,/product/leite-sem-lactose-meio-gordo-de-1l/5603722505607
38148,Leite de Pastagem Biológico Meio Gordo,5603722519123,11282,10119,1 litro,Milhafre,,"1,14€/L","1,14€",https://cdn.intermarche.pt/pt/Content/images/boitmal/produit/zoom/2257B1DDB3999CD244A662F9C30070FE.jpg,2024-11-27T23:59:59.999Z,/product/leite-de-pastagem-biologico-meio-gordo/5603722519123
15274,Leite uht meio gordo,5604260285310,11691,11364,Embalagem com rosca de 1 l,PorSi,,"0,82€/L","0,82€",https://cdn.intermarche.pt/pt/Content/images/boitmal/produit/zoom/45210671281D7F4C179FFCA60B298990.jpg,,/product/leite-uht-meio-gordo/5604260285310
20434,"Leite de pastagem meio gordo, embalagem de 1litro",5601244500063,11691,11364,,Terra Nostra,,"1,04€/L","1,04€",https://cdn.intermarche.pt/pt/Content/images/boitmal/produit/zoom/3A3CE8D8DC040C520516EC66868110D4.jpg,,/product/leite-de-pastagem-meio-gordo-embalagem-de-1litro/5601244500063
35489,Leite uht sem lactose meio gordo,5604260285266,11277,10118,1 litro,PorSi Viva Bem,,"1,05€/L","1,05€",https://cdn.intermarche.pt/pt/Content/images/boitmal/produit/zoom/940ABEA6CB4E64711550122DB8B2880C.jpg,,/product/leite-uht-sem-lactose-meio-gordo/5604260285266
8383,"Leite uht meio gordo, embalagem de 1litro",5601049132995,11691,11364,,Mimosa,,"0,99€/L","0,99€",https://cdn.intermarche.pt/pt/Content/images/boitmal/produit/zoom/30AE72C16512D7F6E9C8B5E7CBD4B0A2.jpg,,/product/leite-uht-meio-gordo-embalagem-de-1litro/5601049132995
11464,"Leite seleccionado meio gordo, de 1l",5601018003400,11691,11364,,Matinal,,"1,09€/L","1,09€",https://cdn.intermarche.pt/pt/Content/images/boitmal/produit/zoom/5F34056BF2D07C9D39E218B31081D1FC.jpg,,/product/leite-seleccionado-meio-gordo-de-1l/5601018003400
32423,Leite UHT Meio Gordo,5604260285280,11691,11364,1 l,PorSi,,"0,79€/L","0,79€",https://cdn.intermarche.pt/pt/Content/images/boitmal/produit/zoom/9331FDC9015062509F74D59CA36F356A.jpg,,/product/leite-uht-meio-gordo/5604260285280
36775,Leite UHT Meio Gordo,5604260287383,11691,11364,Embalagem de 200 ml,PorSi,,"1,50€/L","0,30€",https://cdn.intermarche.pt/pt/Content/images/boitmal/produit/zoom/45F09EBA50FD60F8D11C66FED0F46951.jpg,,/product/leite-uht-meio-gordo/5604260287383
48032,"Leite meio gordo sem lactose, pack 4 x 200 ml",5603722507861,11277,10118,,Mimosa,,"2,61€/L","2,09€",https://cdn.intermarche.pt/pt/Content/images/boitmal/produit/zoom/BB36B23F12577A63D171DA22D09B5C95.jpg,,/product/leite-meio-gordo-sem-lactose-pack-4-x-200-ml/5603722507861
11641,Leite pasteurizado meio gordo,5601180001020,11691,11364,Garrafa de 1 l,Vigor,,"1,09€/L","1,09€",https://cdn.intermarche.pt/pt/Content/images/boitmal/produit/zoom/27E81D9C59177D8FE66A1E22F472A238.jpg,,/product/leite-pasteurizado-meio-gordo/5601180001020
5745,Leite pasteurizado m/g sem lactose,5603722513718,11691,11364,Garrafa de 1 l,Vigor,,"1,29€/L","1,29€",https://cdn.intermarche.pt/pt/Content/images/boitmal/produit/zoom/2B0BBD13280229875622C8E875C24761.jpg,,/product/leite-pasteurizado-m-ou-g-sem-lactose/5603722513718
9689,Leite uht dos açores meio gordo,5604260270569,11691,11364,Embalagem de 1 l,PorSi,,"0,87€/L","0,87€",https://cdn.intermarche.pt/pt/Content/images/boitmal/produit/zoom/F990F3716CC91912FF468027A3BB1086.jpg,,/product/leite-uht-dos-acores-meio-gordo/5604260270569
9009,Leite uht meio gordo,5601530030168,11691,11364,Embalagem de 1 l,Serraleite,,"1,05€/L","1,05€",https://cdn.intermarche.pt/pt/Content/images/boitmal/produit/zoom/50D5C5A511CD43D62C512BBBE03DCEFE.jpg,,/product/leite-uht-meio-gordo/5601530030168
11972,Leite 0% lactose meio gordo,5603722507854,11691,11364,Embalagem de 200 ml,Mimosa,,"2,60€/L","0,52€",https://cdn.intermarche.pt/pt/Content/images/boitmal/produit/zoom/D7923C4EB169F2D527C9E64970BEC503.jpg,,/product/leite-0%25-lactose-meio-gordo/5603722507854
12732,"Leite de cabra uht meio gordo, embalagem 1l",3428274120014,11691,11364,,President,,"2,59€/L","2,59€",https://cdn.intermarche.pt/pt/Content/images/boitmal/produit/zoom/064B1B9C8DA5F13A4C86F3DBB78B09E5.jpg,,/product/leite-de-cabra-uht-meio-gordo-embalagem-1l/3428274120014
53942,"Bebida de leite sem lactose livre, 1l",5603722523298,11691,11364,,Matinal,,"1,25€/L","1,25€",https://cdn.intermarche.pt/pt/Content/images/boitmal/produit/zoom/3F3F185EBF624903AC3031EAC11A6631.jpg,,/product/bebida-de-leite-sem-lactose-livre-1l/5603722523298
42829,Leite uht gordo com rosca,5604260308880,11692,11364,Embalagem de 1 litro,PorSi,,"0,97€/L","0,97€",https://cdn.intermarche.pt/pt/Content/images/boitmal/produit/zoom/C3594FBA7A33F66455FC0EB3425487BB.jpg,,/product/leite-uht-gordo-com-rosca/5604260308880
37604,"Leite pastagem uht terra nostra inteiro, de 1l",5601244500148,11692,11364,,Terra Nostra,,"1,14€/L","1,14€",https://cdn.intermarche.pt/pt/Content/images/boitmal/produit/zoom/FD5D7959D64996AF38252024C576D1F9.jpg,,/product/leite-pastagem-uht-terra-nostra-inteiro-de-1l/5601244500148
9008,"Leite uht, gordo",5601530030151,11692,11364,Embalagem de 1 l,Serraleite,,"1,19€/L","1,19€",https://cdn.intermarche.pt/pt/Content/images/boitmal/produit/zoom/912D79F24A818727F4337DAB537D3CD6.jpg,,/product/leite-uht-gordo/5601530030151
8382,"Leite uht gordo, embalagem de 1litro",5601049131998,11692,11364,,Mimosa,,"1,19€/L","1,19€",https://cdn.intermarche.pt/pt/Content/images/boitmal/produit/zoom/5D46937192D7E0425B02DA44F0AF6CA9.jpg,,/product/leite-uht-gordo-embalagem-de-1litro/5601049131998
11640,"Leite pasteurizado gordo, de 1l",5601180000993,11692,11364,,Vigor,,"1,19€/L","1,19€",https://cdn.intermarche.pt/pt/Content/images/boitmal/produit/zoom/12B86C68D7331166E668398B8E667665.jpg,,/product/leite-pasteurizado-gordo-de-1l/5601180000993
9315,"Leite 0% lactose magro, de 1l",5603722509544,11277,10118,,Mimosa,,"1,14€/L","1,14€",https://cdn.intermarche.pt/pt/Content/images/boitmal/produit/zoom/0350D0DE44A653A9AB01722B06443E94.jpg,2024-11-27T23:59:59.999Z,/product/leite-0%25-lactose-magro-de-1l/5603722509544
42828,Leite uht magro com rosca,5604260308873,11693,11364,1 litro,PorSi,,"0,82€/L","0,82€",https://cdn.intermarche.pt/pt/Content/images/boitmal/produit/zoom/554390654EE436245252F4AD35328EDB.jpg,,/product/leite-uht-magro-com-rosca/5604260308873
35490,Leite uht sem lactose magro,5604260285273,11277,10118,1 litro,PorSi Viva Bem,,"1,05€/L","1,05€",https://cdn.intermarche.pt/pt/Content/images/boitmal/produit/zoom/ED42C25CEB88988A023D9922CE8EF03E.jpg,,/product/leite-uht-sem-lactose-magro/5604260285273
32424,Leite uht magro,5604260285297,11693,11364,Embalagem de 1 litro,PorSi,,"0,82€/L","0,82€",https://cdn.intermarche.pt/pt/Content/images/boitmal/produit/zoom/F87D4448FEBFEABC1BF9E5A541B31B5D.jpg,,/product/leite-uht-magro/5604260285297
8384,"Leite uht magro, embalagem de 1litro",5601049133992,11693,11364,,Mimosa,,"0,99€/L","0,99€",https://cdn.intermarche.pt/pt/Content/images/boitmal/produit/zoom/128AB814EBA9C0783B386EB2E0A38CC9.jpg,,/product/leite-uht-magro-embalagem-de-1litro/5601049133992
8391,"Leite especial cálcio + vitamina d magro, de 1l",5601049159992,11693,11364,,Mimosa,,"1,09€/L","1,09€",https://cdn.intermarche.pt/pt/Content/images/boitmal/produit/zoom/22E6964D6A2F2B922BCB40BB341AE902.jpg,,/product/leite-especial-calcio-+-vitamina-d-magro-de-1l/5601049159992
20433,"Leite de pastagem magro, embalagem de 1 l",5601244500070,11693,11364,,Terra Nostra,,"1,04€/L","1,04€",https://cdn.intermarche.pt/pt/Content/images/boitmal/produit/zoom/61EFC0152A934985E04C1F26B293B085.jpg,,/product/leite-de-pastagem-magro-embalagem-de-1-l/5601244500070
26177,"Leite seleccionado leve, de 1l",5603722514470,11693,11364,,Matinal,,"1,24€/L","1,24€",https://cdn.intermarche.pt/pt/Content/images/boitmal/produit/zoom/3414EC19C8611CE7E0D99781254117D1.jpg,,/product/leite-seleccionado-leve-de-1l/5603722514470
11642,Leite pasteurizado magro,5601180002003,11693,11364,Garrafa de 1 l,Vigor,,"1,09€/L","1,09€",https://cdn.intermarche.pt/pt/Content/images/boitmal/produit/zoom/F8C109F76B61C34DDC541F6014AEA1D3.jpg,,/product/leite-pasteurizado-magro/5601180002003
49819,"Leite seleccionado leve, pack 3 x 200 ml",5603722517327,11693,11364,,Matinal,,"2,65€/L","1,59€",https://cdn.intermarche.pt/pt/Content/images/boitmal/produit/zoom/71B7A978B09743409E9A95EE1E5CB157.jpg,,/product/leite-seleccionado-leve-pack-3-x-200-ml/5603722517327
32044,"Mimosa bem especial leite e amêndoa, embalagem de 1litro",5603722517471,11277,10118,,Mimosa,,"1,24€/L","1,24€",https://cdn.intermarche.pt/pt/Content/images/boitmal/produit/zoom/A1AF42E2DBF696A3B59FEDBA01AC4F82.jpg,,/product/mimosa-bem-especial-leite-e-amendoa-embalagem-de-1litro/5603722517471
50456,"Leite uht magro sem lactose com fibra e coco, 1 l",5603722520877,11277,10118,,Mimosa,,"1,24€/L","1,24€",https://cdn.intermarche.pt/pt/Content/images/boitmal/produit/zoom/9D5B574F0E310F544ED850C79510F268.jpg,,/product/leite-uht-magro-sem-lactose-com-fibra-e-coco-1-l/5603722520877
49329,"Leite magro com chocolate, 4 x 200 ml",5603722501937,11693,11364,,Mimosa,,"2,86€/L","2,29€",https://cdn.intermarche.pt/pt/Content/images/boitmal/produit/zoom/9EBC420CA337A518F22D0C226FCE1E77.jpg,,/product/leite-magro-com-chocolate-4-x-200-ml/5603722501937
9010,"Leite uht, magro",5601530030175,11693,11364,Embalagem de 1 l,Serraleite,,"1,05€/L","1,05€",https://cdn.intermarche.pt/pt/Content/images/boitmal/produit/zoom/543B3F98D5FFC9CCC658879763382079.jpg,,/product/leite-uht-magro/5601530030175
32043,"Mimosa bem especial leite e aveia, embalagem de 1litro",5603722517457,11277,10118,,Mimosa,,"1,24€/L","1,24€",https://cdn.intermarche.pt/pt/Content/images/boitmal/produit/zoom/E5C4A490D600808B036AC802EEDAB637.jpg,,/product/mimosa-bem-especial-leite-e-aveia-embalagem-de-1litro/5603722517457
578,Leite magro em pó,3250390034179,11693,11364,Embalagem de 300 g,Páturages,,"8,63€/Kg","2,59€",https://cdn.intermarche.pt/pt/Content/images/boitmal/produit/zoom/57D38C01D6E07DBC19E22DAF61CD0B87.jpg,,/product/leite-magro-em-po/3250390034179
35652,"Bebida cálcio sem lactose + proteína, embalagem de 3 x 250 ml",5603722517440,11277,10118,,Mimosa,,"3,99€/L","2,99€",https://cdn.intermarche.pt/pt/Content/images/boitmal/produit/zoom/082D57B313B97BA67B4431F02ED4BA22.jpg,,/product/bebida-calcio-sem-lactose-+-proteina-embalagem-de-3-x-250-ml/5603722517440
48767,"Leite uht morango sem lactose, pack 3 x 250 ml",5603722520433,11277,10118,,Mimosa,,"3,99€/L","2,99€",https://cdn.intermarche.pt/pt/Content/images/boitmal/produit/zoom/91AEB99AFEE91E613FA3A8781D3F3168.jpg,,/product/leite-uht-morango-sem-lactose-pack-3-x-250-ml/5603722520433
49820,"Leite uht proteína café, pack 3 x 250 ml",5603722520716,10915,10120,,Mimosa,,"4,25€/L","3,19€",https://cdn.intermarche.pt/pt/Content/images/boitmal/produit/zoom/16EC14653F7F31D3FE499DC1730AE209.jpg,,/product/leite-uht-proteina-cafe-pack-3-x-250-ml/5603722520716
50633,"Leite proteína magro, de 1 l",5603722522093,11277,10118,,Mimosa,,"2,49€/L","2,49€",https://cdn.intermarche.pt/pt/Content/images/boitmal/produit/zoom/6B3DD836E20E6F895C08910BC3E5990D.jpg,,/product/leite-proteina-magro-de-1-l/5603722522093
23590,"Leite com chocolate, embalagem de 8x200 ml",5603722514142,11695,11364,,Agros,,"1,75€/L","2,80€",https://cdn.intermarche.pt/pt/Content/images/boitmal/produit/zoom/D26FD3DEDDA845C9ED0AB041DD1D62DA.jpg,2024-11-27T23:59:59.999Z,/product/leite-com-chocolate-embalagem-de-8x200-ml/5603722514142
19022,"Leite com chocolate, embalagem de 4 x 200 ml",5603722509742,11695,11364,,Agros,,"1,86€/L","1,49€",https://cdn.intermarche.pt/pt/Content/images/boitmal/produit/zoom/5E96016EA2C29977083D2986B4126E1A.jpg,2024-11-27T23:59:59.999Z,/product/leite-com-chocolate-embalagem-de-4-x-200-ml/5603722509742
52934,"Bebida láctea café, 3 x 200ml",5603722522550,11695,11364,,Agros,,"3,08€/L","1,85€",https://cdn.intermarche.pt/pt/Content/images/boitmal/produit/zoom/0FB5A2C12029001B9FDF536CD6412712.jpg,2024-11-27T23:59:59.999Z,/product/bebida-lactea-cafe-3-x-200ml/5603722522550
14172,"Leite com chocolate original, embalagem de 6 x 250 ml",5601226006460,11695,11364,,Ucal,,"3,99€/L","5,99€",https://cdn.intermarche.pt/pt/Content/images/boitmal/produit/zoom/A8DEEA2F1BA52BEDD2EBCFD8028ACEB1.jpg,2024-11-27T23:59:59.999Z,/product/leite-com-chocolate-original-embalagem-de-6-x-250-ml/5601226006460
48011,"Leite com chocolate meio gordo sem lactose, 4 x 200 ml",5603722520068,11277,10118,,Agros,,"2,49€/L","1,99€",https://cdn.intermarche.pt/pt/Content/images/boitmal/produit/zoom/D0D3F8B7FFABDBCD2EEE741C61FD069C.jpg,2024-11-27T23:59:59.999Z,/product/leite-com-chocolate-meio-gordo-sem-lactose-4-x-200-ml/5603722520068
8707,"Leite com chocolate, embalagem de 1litro",5601192103200,11695,11364,,Agros,,"1,69€/L","1,69€",https://cdn.intermarche.pt/pt/Content/images/boitmal/produit/zoom/D7AE3551DA81973E52565C5166319D0B.jpg,2024-11-27T23:59:59.999Z,/product/leite-com-chocolate-embalagem-de-1litro/5601192103200
25861,"Leite com chocolate, embalagem de 4 x 200 ml",5603722509759,11695,11364,,Mimosa,,"2,11€/L","1,69€",https://cdn.intermarche.pt/pt/Content/images/boitmal/produit/zoom/754E59DFB7314FD42DB15B9A65008D5F.jpg,,/product/leite-com-chocolate-embalagem-de-4-x-200-ml/5603722509759
35913,"Leite bem essencial morango , embalagem de 4 x 200 ml",5603722498022,11695,11364,,Mimosa,,"2,49€/L","1,99€",https://cdn.intermarche.pt/pt/Content/images/boitmal/produit/zoom/E74AE9F14F8D6C9135CA5E0EFA53A437.jpg,,/product/leite-bem-essencial-morango-embalagem-de-4-x-200-ml/5603722498022
14707,"Galão enriquecido em cálcio, embalagem de 3 x 200 ml",5601226041522,11695,11364,,Ucal,,"3,82€/L","2,29€",https://cdn.intermarche.pt/pt/Content/images/boitmal/produit/zoom/71F6A26E117382BAA02E73F251EDC96E.jpg,,/product/galao-enriquecido-em-calcio-embalagem-de-3-x-200-ml/5601226041522
26471,"Leite com chocolate, pack 4x200ml",5603722510946,11695,11364,,Gresso,,"2,06€/L","1,65€",https://cdn.intermarche.pt/pt/Content/images/boitmal/produit/zoom/0108FCBB6D228E5EC4619AC8345D099C.jpg,,/product/leite-com-chocolate-pack-4x200ml/5603722510946
35749,"Leite bem essencial chocolate , embalagem de 4 x 200 ml",5603722509667,11695,11364,,Mimosa,,"2,49€/L","1,99€",https://cdn.intermarche.pt/pt/Content/images/boitmal/produit/zoom/7497180C7B501430F6BD78AEC0C140AA.jpg,,/product/leite-bem-essencial-chocolate-embalagem-de-4-x-200-ml/5603722509667
35914,"Leite bem essencial cereais, embalagem de 4 x 200 ml",5603722509643,11695,11364,,Mimosa,,"2,49€/L","1,99€",https://cdn.intermarche.pt/pt/Content/images/boitmal/produit/zoom/D42EF29BB69D8B61354398DC984E7F3C.jpg,,/product/leite-bem-essencial-cereais-embalagem-de-4-x-200-ml/5603722509643
36661,Leite com chocolate,5604260296781,11695,11364,Embalagem de 200 ml,PorSi,,"1,55€/L","0,31€",https://cdn.intermarche.pt/pt/Content/images/boitmal/produit/zoom/43DD88EFCF9AE42C77B4443C9EA3E86B.jpg,,/product/leite-com-chocolate/5604260296781
25108,"Leite uht com chocolate, embalagem de 3 x 250 ml",5601226041720,11695,11364,,Ucal,,"3,99€/L","2,99€",https://cdn.intermarche.pt/pt/Content/images/boitmal/produit/zoom/2AFB2501DB878C97A2DFFFAA8B544C90.jpg,,/product/leite-uht-com-chocolate-embalagem-de-3-x-250-ml/5601226041720
41381,Macchiato café arábica,5604260307319,11695,11364,250 ml,PorSi,,"4,76€/L","1,19€",https://cdn.intermarche.pt/pt/Content/images/boitmal/produit/zoom/F6B5577F506E3E55F17067234E023EEB.jpg,,/product/macchiato-cafe-arabica/5604260307319
41380,Cappuccino café arábica cacau magro em pó,5604260307302,11695,11364,250 ml,PorSi,,"4,60€/L","1,15€",https://cdn.intermarche.pt/pt/Content/images/boitmal/produit/zoom/052D7170CB4320CDED0C9355ADBD68A0.jpg,,/product/cappuccino-cafe-arabica-cacau-magro-em-po/5604260307302
11757,"Leite uht, com café, galão alentejano",5601530030199,11695,11364,Embalagem de 1 l,Serraleite,,"1,39€/L","1,39€",https://cdn.intermarche.pt/pt/Content/images/boitmal/produit/zoom/58E9B12B881CCCF96BEA9C6CB30BA83B.jpg,,/product/leite-uht-com-cafe-galao-alentejano/5601530030199
49458,"Leite com chocolate bem especial 0% lactose, pack 4 x 200 ml",5603722505829,11277,10118,,Mimosa,,"2,99€/L","2,39€",https://cdn.intermarche.pt/pt/Content/images/boitmal/produit/zoom/273382DABD831386C0BB65AE2C8E8009.jpg,,/product/leite-com-chocolate-bem-especial-0%25-lactose-pack-4-x-200-ml/5603722505829
25109,"Leite uht com chocolate, de 1 l",5601226041669,11695,11364,,Ucal,,"2,95€/L","2,95€",https://cdn.intermarche.pt/pt/Content/images/boitmal/produit/zoom/738D47C205671FC9009C184DEADB5970.jpg,,/product/leite-uht-com-chocolate-de-1-l/5601226041669
46683,Leite milka com chocolate 3x200ml,8410128778903,11695,11364,,Milka,,"4,48€/L","2,69€",https://cdn.intermarche.pt/pt/Content/images/boitmal/produit/zoom/3E5AEB3B73490D198BEFE0905D37E982.jpg,,/product/leite-milka-com-chocolate-3x200ml/8410128778903
8781,"Galão enriquecido com cálcio, embalagem de 600 ml",5601226041317,11695,11364,,Ucal,,"1,27€/L","0,76€",https://cdn.intermarche.pt/pt/Content/images/boitmal/produit/zoom/66D2539BF22C28A593742B2A541AF204.jpg,,/product/galao-enriquecido-com-calcio-embalagem-de-600-ml/5601226041317
21340,Leite com Cacau Original,8412700130468,11695,11364,Garrafa de 1 l,Cacaolat,,"2,69€/L","2,69€",https://cdn.intermarche.pt/pt/Content/images/boitmal/produit/zoom/BF2FBB809472348D6691B27FEE26FFA7.jpg,,/product/leite-com-cacau-original/8412700130468
22429,"Discoveries cappuccino, embalagem de 220 ml",5711953023958,11282,10119,,Starbucks,,"9,05€/L","1,99€",https://cdn.intermarche.pt/pt/Content/images/boitmal/produit/zoom/A945917D666056814E0C09EE59A5D33F.jpg,,/product/discoveries-cappuccino-embalagem-de-220-ml/5711953023958
41382,Espresso café arábica,5604260307326,11695,11364,250 ml,PorSi,,"4,36€/L","1,09€",https://cdn.intermarche.pt/pt/Content/images/boitmal/produit/zoom/6EE0FFB1B34007DC22AAB7FB0CC47F69.jpg,,/product/espresso-cafe-arabica/5604260307326
14357,Leite com chocolate light,5601226041492,11695,11364,Embalagem de 6 x 250 ml,Ucal,,"3,99€/Kg","5,99€",https://cdn.intermarche.pt/pt/Content/images/boitmal/produit/zoom/44979C68D1EF8A22639B70C4681E1ED9.jpg,,/product/leite-com-chocolate-light/5601226041492
2426,"Bebidas leite caramelo machiatto, 220 ml",5760466997027,11282,10119,,Starbucks,,"9,05€/L","1,99€",https://cdn.intermarche.pt/pt/Content/images/boitmal/produit/zoom/6766ABC3C3D5AB587D47C7873DA5EA96.jpg,,/product/bebidas-leite-caramelo-machiatto-220-ml/5760466997027
49405,Leite com cacau 4 x 200 ml,8412700620600,11695,11364,,Cacaolat,,"4,31€/L","3,45€",https://cdn.intermarche.pt/pt/Content/images/boitmal/produit/zoom/3FE8C8D872A078ED2D001162D7398442.jpg,,/product/leite-com-cacau-4-x-200-ml/8412700620600
9839,"Bebida doubleshot expresso, 200 ml",5760466997188,11282,10119,,Starbucks,,"9,95€/L","1,99€",https://cdn.intermarche.pt/pt/Content/images/boitmal/produit/zoom/DAA133B7A06ECB5E3C256D2CFB48C170.jpg,,/product/bebida-doubleshot-expresso-200-ml/5760466997188
17952,"Leite com chocolate sem lactose, embalagem de 6 x 250 ml",5601226041638,11277,10118,,Ucal,,"3,99€/L","5,99€",https://cdn.intermarche.pt/pt/Content/images/boitmal/produit/zoom/AA98E7AC2A4A93FAB0CB705FD97A3C83.jpg,,/product/leite-com-chocolate-sem-lactose-embalagem-de-6-x-250-ml/5601226041638
49716,"Frappuccino café starbucks, 250 ml",5711953008221,11282,10119,,Starbucks,,"9,56€/L","2,39€",https://cdn.intermarche.pt/pt/Content/images/boitmal/produit/zoom/B07E0773C94F7FB56A8DFEA58E326BC7.jpg,,/product/frappuccino-cafe-starbucks-250-ml/5711953008221
45435,Double Espresso Go Chill,5609060098214,11695,11364,Embalagem de 230 ml,Delta,,"8,65€/L","1,99€",https://cdn.intermarche.pt/pt/Content/images/boitmal/produit/zoom/2DF28FECE85C68560E7D1A54A20E42A9.jpg,,/product/double-espresso-go-chill/5609060098214
15349,"Leite infantil 3+ anos sem lactose, de 1 l",5603722514203,11277,10118,,Mimosa,,"1,59€/L","1,59€",https://cdn.intermarche.pt/pt/Content/images/boitmal/produit/zoom/094DEBD5422652B3A0B648EAF46A79A6.jpg,,/product/leite-infantil-3+-anos-sem-lactose-de-1-l/5603722514203
9294,"Bebida láctea especial crescimento 1 a 3 anos, de 1l",5603722494215,11696,11364,,Mimosa,,"1,49€/L","1,49€",https://cdn.intermarche.pt/pt/Content/images/boitmal/produit/zoom/E8EAAB44B3166FE020B43F64B725D8EB.jpg,,/product/bebida-lactea-especial-crescimento-1-a-3-anos-de-1l/5603722494215
9286,"Leite especial crescimento +3 anos, de 1l",5603722492068,11696,11364,,Mimosa,,"1,88€/L","1,88€",https://cdn.intermarche.pt/pt/Content/images/boitmal/produit/zoom/26A3BE41175D4F1900210BFF62BF081B.jpg,,/product/leite-especial-crescimento-+3-anos-de-1l/5603722492068
12346,"Bebida láctea crescimento 3 anos+, embalagem de 1 litro",8410100012667,11696,11364,,Nestlé,,"2,59€/L","2,59€",https://cdn.intermarche.pt/pt/Content/images/boitmal/produit/zoom/07D3A6BF9D7F8B6281B1B7254965DD78.jpg,,/product/bebida-lactea-crescimento-3-anos+-embalagem-de-1-litro/8410100012667
48557,"Leite em pó gordo +3a, 680g",8445290026712,11696,11364,,Nido,,"16,16€/Kg","10,99€",https://cdn.intermarche.pt/pt/Content/images/boitmal/produit/zoom/BCC3D74332CFE5EFE9B5F2114514780B.jpg,,/product/leite-em-po-gordo-+3a-680g/8445290026712
9896,Bebida láctea crescimento c/ bolacha maria,7613033331916,11696,11364,Embalagem de 1 litro,Nestlé,,"2,79€/L","2,79€",https://cdn.intermarche.pt/pt/Content/images/boitmal/produit/zoom/0FDF7119A78A1611EB5107F7C7E26C03.jpg,,/product/bebida-lactea-crescimento-c-ou-bolacha-maria/7613033331916
12347,"Bebida láctea crescimento 1 a 3 anos, cereais, embalagem de 1 litro",8410100012674,11696,11364,,Nestlé,,"2,79€/L","2,79€",https://cdn.intermarche.pt/pt/Content/images/boitmal/produit/zoom/4A82484CB3674F1A33FCD2F0D59DB2B0.jpg,,/product/bebida-lactea-crescimento-1-a-3-anos-cereais-embalagem-de-1-litro/8410100012674
8278,"Bebida láctea crescimento 1 a 3 anos, embalagem de 1 litro",5601001124808,11696,11364,,Nestlé,,"2,59€/L","2,59€",https://cdn.intermarche.pt/pt/Content/images/boitmal/produit/zoom/6FEA60F5F3F944CC42C45404A5326FAF.jpg,,/product/bebida-lactea-crescimento-1-a-3-anos-embalagem-de-1-litro/5601001124808
53942,"Bebida de leite sem lactose livre, 1l",5603722523298,11691,11364,,Matinal,,"1,25€/L","1,25€",https://cdn.intermarche.pt/pt/Content/images/boitmal/produit/zoom/3F3F185EBF624903AC3031EAC11A6631.jpg,,/product/bebida-de-leite-sem-lactose-livre-1l/5603722523298
