identifier,idProduit,itemId,produitEan13,pviIncrement,capacite,qteMaxPanier,marque,libelle,conditionnement,prix,unitPrice,prixKg,prixBarre,vignetteCollector,pictogrammes,poidsMinimum,poidsNet,poidsUnite,volume,isTrad,isPresentAlcoholProduct,avantages,origine,categorie,nbPiece,typeProduit_code,typeProduit_value,typeProduit_uniteByCode,unit_value,pictogrammes_0,pictogrammes_idCategorie,pictogrammes_idPicto,pictogrammes_image,pictogrammes_infoBulle,pictogrammes_libelleCategorie,avantages_dateFin,avantages_categorie,images_0,images_1,images_2,images_3,page,nro_paginas
958,5601019012401,958,5601019012401,1,500.0,99,Guloso,Polpa de Tomate,Embalagem de 500g,1.09,2.18,2.18,0.0,0,[],500,500,0,0,False,False,"[{'dateFin': '2024-05-29T23:59:59.999999999+01:00', 'categorie': 'PROSPECTUS'}]",,,,PUP,Pièce avec poids,kg,€/Kg,,,,,,,2024-05-29T23:59:59.999999999+01:00,PROSPECTUS,https://driveimg1.intermarche.com/pt/Content/images/boitmal/produit/zoom/20EBC153FCFDA3F6B93B2650D6C60B2B.jpg,,,,1,16
20366,7622210981141,20366,7622210981141,1,150.0,99,Philadelphia,Queijo creme de ervas finas,Embalagem de 150g,1.99,13.27,13.27,0.0,0,[],150,150,0,0,False,False,"[{'dateFin': '2024-05-29T23:59:59.999999999+01:00', 'categorie': 'PROSPECTUS'}]",,,,PUP,Pièce avec poids,kg,€/Kg,,,,,,,2024-05-29T23:59:59.999999999+01:00,PROSPECTUS,https://driveimg1.intermarche.com/pt/Content/images/boitmal/produit/zoom/387760CE40B92A0462A1AF5F8E61AAE0.jpg,,,,1,16
8383,5601049132995,8383,5601049132995,1,1000.0,99,Mimosa,Leite uht meio gordo,Embalagem de 1 litro,0.89,0.89,0.89,0.0,0,[],0,0,0,1000,False,False,"[{'dateFin': '2024-05-29T23:59:59.999999999+01:00', 'categorie': 'PROSPECTUS'}]",,,,PUV,Pièce avec volume,L,€/L,,,,,,,2024-05-29T23:59:59.999999999+01:00,PROSPECTUS,https://driveimg1.intermarche.com/pt/Content/images/boitmal/produit/zoom/30AE72C16512D7F6E9C8B5E7CBD4B0A2.jpg,https://driveimg1.intermarche.com/pt/Content/images/boitmal/produit/zoom/AE810093A08CEBD60415DCC626CF5804.jpg,https://driveimg1.intermarche.com/pt/Content/images/boitmal/produit/zoom/A0562293538F541B1B99592AA046327B.jpg,,1,16
13866,2891048000000,13866,2891048000000,500,1000.0,99,Porco,Bifanas,Vendido ao peso a partir de 1 kg,3.99,3.99,3.99,,0,"[{'idPicto': 3682, 'idCategorie': 52, 'libelleCategorie': 'Cabaz Compromisso', 'image': 'https://driveimg1.intermarche.com/pt/Ressources/images/publication/8175.png', 'infoBulle': ''}]",1000,1000,0,0,True,False,"[{'dateFin': '2024-05-29T23:59:59.999999999+01:00', 'categorie': 'PROSPECTUS'}]",PORTUGAL,,,PVI,Poids variable à intervalle,,€/Kg,,52.0,3682.0,https://driveimg1.intermarche.com/pt/Ressources/images/publication/8175.png,,Cabaz Compromisso,2024-05-29T23:59:59.999999999+01:00,PROSPECTUS,https://driveimg1.intermarche.com/pt/Content/images/boitmal/produit/zoom/C9E276B082B119EFEDC2A2B0E1BC737E.jpg,,,,1,16
251,2696001000000,251,2696001000000,1,400.0,99,Padaria,Baguete,400 g,0.69,1.73,1.73,,0,"[{'idPicto': 3682, 'idCategorie': 52, 'libelleCategorie': 'Cabaz Compromisso', 'image': 'https://driveimg1.intermarche.com/pt/Ressources/images/publication/8175.png', 'infoBulle': ''}]",400,400,0,0,True,False,"[{'dateFin': '2024-05-29T23:59:59.999999999+01:00', 'categorie': 'PROSPECTUS'}]",-,,,PUP,Pièce avec poids,kg,€/Kg,,52.0,3682.0,https://driveimg1.intermarche.com/pt/Ressources/images/publication/8175.png,,Cabaz Compromisso,2024-05-29T23:59:59.999999999+01:00,PROSPECTUS,https://driveimg1.intermarche.com/pt/Content/images/boitmal/produit/zoom/872B1FA740AE707B5EB206709F5F94A0.jpg,,,,1,16
12972,2892040000000,12972,2892040000000,250,1000.0,99,Fruta,Banana,1 un = 200 gr (aprox.),0.99,0.99,0.99,,0,"[{'idPicto': 3682, 'idCategorie': 52, 'libelleCategorie': 'Cabaz Compromisso', 'image': 'https://driveimg1.intermarche.com/pt/Ressources/images/publication/8175.png', 'infoBulle': ''}]",1000,1000,0,0,True,False,"[{'dateFin': '2024-05-29T23:59:59.999999999+01:00', 'categorie': 'PROSPECTUS'}]",ORIGEM: COSTA RICA,CAT: I,,PVI,Poids variable à intervalle,,€/Kg,,52.0,3682.0,https://driveimg1.intermarche.com/pt/Ressources/images/publication/8175.png,,Cabaz Compromisso,2024-05-29T23:59:59.999999999+01:00,PROSPECTUS,https://driveimg1.intermarche.com/pt/Content/images/boitmal/produit/zoom/C368220872795E9863F1F37C2230CCEA.jpg,,,,1,16
18595,8410500016012,18595,8410500016012,1,400.0,99,Danonino Danone,"Iogurte líquido danonino morango,  4 x 100 g",,1.79,4.48,4.48,0.0,0,[],400,400,0,0,False,False,"[{'dateFin': '2024-05-29T23:59:59.999999999+01:00', 'categorie': 'PROSPECTUS'}]",,,,PUP,Pièce avec poids,kg,€/Kg,,,,,,,2024-05-29T23:59:59.999999999+01:00,PROSPECTUS,https://driveimg1.intermarche.com/pt/Content/images/boitmal/produit/zoom/0E203361E14F23CD94ABD0BD721CC32D.jpg,,,,1,16
9293,5603722493942,9293,5603722493942,1,250.0,99,Primor,Manteiga pasteurizada com sal cuvet,Embalagem de 250g,1.99,7.96,7.96,0.0,0,[],250,250,0,0,False,False,"[{'dateFin': '2024-05-29T23:59:59.999999999+01:00', 'categorie': 'PROSPECTUS'}]",,,,PUP,Pièce avec poids,kg,€/Kg,,,,,,,2024-05-29T23:59:59.999999999+01:00,PROSPECTUS,https://driveimg1.intermarche.com/pt/Content/images/boitmal/produit/zoom/5B98CBCDF9DE77B1D84C2C6375C3439D.jpg,,,,1,16
18628,5601028002707,18628,5601028002707,1,,99,Renova,Rolo de Cozinha Multi,4 Rolos,1.49,1.49,1.49,0.0,0,[],0,0,0,0,False,False,"[{'dateFin': '2024-05-29T23:59:59.999999999+01:00', 'categorie': 'PROSPECTUS'}]",,,0.0,PU,Pièce unitaire,,€/Unidade,,,,,,,2024-05-29T23:59:59.999999999+01:00,PROSPECTUS,https://driveimg1.intermarche.com/pt/Content/images/boitmal/produit/zoom/EC28E7C70040AEF56E88826756B8374D.jpg,,,,1,16
23762,5600202948305,23762,5600202948305,1,750.0,99,Valleperro,Vinho doc douro reserva tinto,Garrafa de 0.75 l,4.49,5.99,5.99,0.0,0,"[{'idPicto': 3682, 'idCategorie': 52, 'libelleCategorie': 'Cabaz Compromisso', 'image': 'https://driveimg1.intermarche.com/pt/Ressources/images/publication/8175.png', 'infoBulle': ''}]",0,0,0,750,False,False,"[{'dateFin': '2024-05-29T23:59:59.999999999+01:00', 'categorie': 'PROSPECTUS'}]",,,,PUV,Pièce avec volume,L,€/L,,52.0,3682.0,https://driveimg1.intermarche.com/pt/Ressources/images/publication/8175.png,,Cabaz Compromisso,2024-05-29T23:59:59.999999999+01:00,PROSPECTUS,https://driveimg1.intermarche.com/pt/Content/images/boitmal/produit/zoom/A1EFDD4503301D6A933720FD863CF389.jpg,,,,1,16
15489,7613031884247,15489,7613031884247,1,4000.0,99,Friskies,"Ração para gato adulto com vaca, frango",Embalagem de 4kg,10.79,2.7,2.7,0.0,0,[],4000,4000,0,0,False,False,"[{'dateFin': '2024-05-29T23:59:59.999999999+01:00', 'categorie': 'PROSPECTUS'}]",,,,PUP,Pièce avec poids,kg,€/Kg,,,,,,,2024-05-29T23:59:59.999999999+01:00,PROSPECTUS,https://driveimg1.intermarche.com/pt/Content/images/boitmal/produit/zoom/3758935B87F55535F41EEF08B41E8342.jpg,,,,1,16
1188,5601119007970,1188,5601119007970,1,200.0,99,Nobre,Salsichas de porco,Lata de 200g,1.49,7.45,7.45,0.0,0,[],200,200,0,0,False,False,"[{'dateFin': '2024-05-29T23:59:59.999999999+01:00', 'categorie': 'PROSPECTUS'}]",,,,PUP,Pièce avec poids,kg,€/Kg,,,,,,,2024-05-29T23:59:59.999999999+01:00,PROSPECTUS,https://driveimg1.intermarche.com/pt/Content/images/boitmal/produit/zoom/01CF2549C0E08C23060DD310D0C9B5DD.jpg,,,,1,16
20918,5000116110964,20918,5000116110964,1,840.0,99,Capitão Iglo,30 douradinhos,Embalagem de 840g,7.99,9.51,9.51,0.0,0,"[{'idPicto': 69, 'idCategorie': 28, 'libelleCategorie': 'Tipo de stockagem', 'image': 'https://driveimg1.intermarche.com/pt/Ressources/images/publication/8136.png', 'infoBulle': ''}]",840,840,0,0,False,False,"[{'dateFin': '2024-05-29T23:59:59.999999999+01:00', 'categorie': 'PROSPECTUS'}]",,,,PUP,Pièce avec poids,kg,€/Kg,,28.0,69.0,https://driveimg1.intermarche.com/pt/Ressources/images/publication/8136.png,,Tipo de stockagem,2024-05-29T23:59:59.999999999+01:00,PROSPECTUS,https://driveimg1.intermarche.com/pt/Content/images/boitmal/produit/zoom/AEDD14052902A045272594F0C20ABD33.jpg,,,,1,16
50405,8445290489173,50405,8445290489173,1,900.0,99,Cerelac,Papa Infantil + 6 meses,Embalagem de 900g,6.29,6.99,6.99,0.0,0,"[{'idPicto': 3682, 'idCategorie': 52, 'libelleCategorie': 'Cabaz Compromisso', 'image': 'https://driveimg1.intermarche.com/pt/Ressources/images/publication/8175.png', 'infoBulle': ''}]",900,900,0,0,False,False,"[{'dateFin': '2024-05-29T23:59:59.999999999+01:00', 'categorie': 'PROSPECTUS'}]",,,,PUP,Pièce avec poids,kg,€/Kg,,52.0,3682.0,https://driveimg1.intermarche.com/pt/Ressources/images/publication/8175.png,,Cabaz Compromisso,2024-05-29T23:59:59.999999999+01:00,PROSPECTUS,https://driveimg1.intermarche.com/pt/Content/images/boitmal/produit/zoom/AC49BEE482A5844CB7C28462BEA4C70C.jpg,,,,1,16
30958,5449000957955,30958,5449000957955,1,3500.0,99,Coca-Cola,Coca-cola zero,pack 2 x 1.75 l,3.14,0.9,0.9,0.0,0,[],0,0,0,3500,False,False,"[{'dateFin': '2024-05-29T23:59:59.999999999+01:00', 'categorie': 'PROSPECTUS'}]",,,,PUV,Pièce avec volume,L,€/L,,,,,,,2024-05-29T23:59:59.999999999+01:00,PROSPECTUS,https://driveimg1.intermarche.com/pt/Content/images/boitmal/produit/zoom/9B5373624D44366A3ACEBCD7C73191EB.jpg,,,,1,16
13865,2891042000000,13865,2891042000000,500,1000.0,99,Porco,Costeletas do Cachaço,Vendido ao peso a partir de 1 kg,4.88,4.88,4.88,,0,[],1000,1000,0,0,True,False,"[{'dateFin': '2024-05-29T23:59:59.999999999+01:00', 'categorie': 'PROSPECTUS'}]",ORIGEM: PORTUGAL,,,PVI,Poids variable à intervalle,,€/Kg,,,,,,,2024-05-29T23:59:59.999999999+01:00,PROSPECTUS,https://driveimg1.intermarche.com/pt/Content/images/boitmal/produit/zoom/9CC30521C194F3CF0E71F32C6E004880.jpg,,,,1,16
17402,8412600027233,17402,8412600027233,1,700.0,99,Bimbo,Pão forma familiar normal,embalagem de 700 g,1.79,2.56,2.56,0.0,0,[],700,700,0,0,False,False,"[{'dateFin': '2024-05-29T23:59:59.999999999+01:00', 'categorie': 'PROSPECTUS'}]",,,,PUP,Pièce avec poids,kg,€/Kg,,,,,,,2024-05-29T23:59:59.999999999+01:00,PROSPECTUS,https://driveimg1.intermarche.com/pt/Content/images/boitmal/produit/zoom/DE8CCFFBC376CC9F4596A72F8ABC4CE5.jpg,,,,1,16
16003,5000116109630,16003,5000116109630,1,300.0,99,Capitão Iglo,12 douradinhos forníssimo,Embalagem de 300g,3.49,11.63,11.63,0.0,0,"[{'idPicto': 69, 'idCategorie': 28, 'libelleCategorie': 'Tipo de stockagem', 'image': 'https://driveimg1.intermarche.com/pt/Ressources/images/publication/8136.png', 'infoBulle': ''}]",300,300,0,0,False,False,"[{'dateFin': '2024-05-29T23:59:59.999999999+01:00', 'categorie': 'PROSPECTUS'}]",,,,PUP,Pièce avec poids,kg,€/Kg,,28.0,69.0,https://driveimg1.intermarche.com/pt/Ressources/images/publication/8136.png,,Tipo de stockagem,2024-05-29T23:59:59.999999999+01:00,PROSPECTUS,https://driveimg1.intermarche.com/pt/Content/images/boitmal/produit/zoom/233E9FC9471A71F1B4977B2D8B4AFE95.jpg,,,,1,16
13833,2892579000000,13833,2892579000000,300,300.0,99,Legumes,Pepino,1 un = 300 gr  (aprox.),0.3,0.99,0.99,,0,[],300,300,0,0,True,False,"[{'dateFin': '2024-05-29T23:59:59.999999999+01:00', 'categorie': 'PROSPECTUS'}]",ORIGEM: PORTUGAL,CAT II,,PVI,Poids variable à intervalle,,€/Kg,,,,,,,2024-05-29T23:59:59.999999999+01:00,PROSPECTUS,https://driveimg1.intermarche.com/pt/Content/images/boitmal/produit/zoom/81A5C57CCE1518487B68F04112010F92.jpg,,,,1,16
20221,8410500020071,20221,8410500020071,1,480.0,99,Danone,"Iogurte activia aveia nozes,  4 x 120 g",,2.29,4.77,4.77,0.0,0,[],480,480,0,0,False,False,"[{'dateFin': '2024-05-29T23:59:59.999999999+01:00', 'categorie': 'PROSPECTUS'}]",,,,PUP,Pièce avec poids,kg,€/Kg,,,,,,,2024-05-29T23:59:59.999999999+01:00,PROSPECTUS,https://driveimg1.intermarche.com/pt/Content/images/boitmal/produit/zoom/E3646F8812C5353023D3951FE268028D.jpg,,,,1,16
12230,7613034192264,12230,7613034192264,1,250.0,99,Cerelac,Papa infantil para preparar com leite +6 meses,Embalagem de 250g,1.86,7.44,7.44,0.0,0,[],250,250,0,0,False,False,"[{'dateFin': '2024-05-29T23:59:59.999999999+01:00', 'categorie': 'PROSPECTUS'}]",,,,PUP,Pièce avec poids,kg,€/Kg,,,,,,,2024-05-29T23:59:59.999999999+01:00,PROSPECTUS,https://driveimg1.intermarche.com/pt/Content/images/boitmal/produit/zoom/9FAA017CC3BC08A98F0EF54D61B67C5D.jpg,,,,1,16
38312,8410104702663,38312,8410104702663,1,250.0,99,Finish,Limpa máquinas de loiça limão,Embalagem com 250 ml,3.99,15.96,15.96,0.0,0,[],0,0,0,250,False,False,"[{'dateFin': '2024-05-29T23:59:59.999999999+01:00', 'categorie': 'PROSPECTUS'}]",,,,PUV,Pièce avec volume,L,€/L,,,,,,,2024-05-29T23:59:59.999999999+01:00,PROSPECTUS,https://driveimg1.intermarche.com/pt/Content/images/boitmal/produit/zoom/9D00E5B8A4B2948FDB414A41D501B929.jpg,,,,1,16
36374,5602154681477,36374,5602154681477,1,750.0,99,Castelo de Borba,Vinho branco DOC Região do Alentejo,Garrafa de 0.75 l,2.49,3.32,3.32,0.0,0,[],0,0,0,750,False,False,"[{'dateFin': '2024-05-29T23:59:59.999999999+01:00', 'categorie': 'PROSPECTUS'}]",,,,PUV,Pièce avec volume,L,€/L,,,,,,,2024-05-29T23:59:59.999999999+01:00,PROSPECTUS,https://driveimg1.intermarche.com/pt/Content/images/boitmal/produit/zoom/E5AE5DA772516EAE6CFF76A3C42BEE95.jpg,,,,1,16
2778,8410168399939,2778,8410168399939,1,4000.0,99,Friskies,Ração para gato adulto com coelho,Embalagem de 4 kg,10.79,2.7,2.7,0.0,0,[],4000,4000,0,0,False,False,"[{'dateFin': '2024-05-29T23:59:59.999999999+01:00', 'categorie': 'PROSPECTUS'}]",,,,PUP,Pièce avec poids,kg,€/Kg,,,,,,,2024-05-29T23:59:59.999999999+01:00,PROSPECTUS,https://driveimg1.intermarche.com/pt/Content/images/boitmal/produit/zoom/D77E234EEC231A513DCFB3E4E6B53BA0.jpg,,,,1,16
12909,2892005000000,12909,2892005000000,250,250.0,99,Fruta,Laranja Económica,1 un = 250 gr  (aprox.),0.27,1.09,1.09,,0,"[{'idPicto': 3682, 'idCategorie': 52, 'libelleCategorie': 'Cabaz Compromisso', 'image': 'https://driveimg1.intermarche.com/pt/Ressources/images/publication/8175.png', 'infoBulle': ''}]",250,250,0,0,True,False,"[{'dateFin': '2024-05-29T23:59:59.999999999+01:00', 'categorie': 'PROSPECTUS'}]",ORIGEM: PORTUGAL,CAT.: II,,PVI,Poids variable à intervalle,,€/Kg,,52.0,3682.0,https://driveimg1.intermarche.com/pt/Ressources/images/publication/8175.png,,Cabaz Compromisso,2024-05-29T23:59:59.999999999+01:00,PROSPECTUS,https://driveimg1.intermarche.com/pt/Content/images/boitmal/produit/zoom/E1EAB292C303D77FDC2FE941695C0092.jpg,,,,1,16
12994,2892524000000,12994,2892524000000,100,100.0,99,Legumes,Cenoura Granel,1 un = 100 gr (aprox.),0.09,0.85,0.85,,0,"[{'idPicto': 3682, 'idCategorie': 52, 'libelleCategorie': 'Cabaz Compromisso', 'image': 'https://driveimg1.intermarche.com/pt/Ressources/images/publication/8175.png', 'infoBulle': ''}]",100,100,0,0,True,False,"[{'dateFin': '2024-05-29T23:59:59.999999999+01:00', 'categorie': 'PROSPECTUS'}]",ORIGEM: PORTUGAL,CATEGORI,,PVI,Poids variable à intervalle,,€/Kg,,52.0,3682.0,https://driveimg1.intermarche.com/pt/Ressources/images/publication/8175.png,,Cabaz Compromisso,2024-05-29T23:59:59.999999999+01:00,PROSPECTUS,https://driveimg1.intermarche.com/pt/Content/images/boitmal/produit/zoom/6427FE21A79FA79A1E8CC03E5F3B3703.jpg,,,,1,16
29899,2696008000000,29899,2696008000000,1,,99,Padaria,Bola Rústica,85 g,0.22,0.22,0.22,,0,[],0,0,0,0,True,False,"[{'dateFin': '2024-05-29T23:59:59.999999999+01:00', 'categorie': 'PROSPECTUS'}]",-,,0.0,PU,Pièce unitaire,,€/Unidade,,,,,,,2024-05-29T23:59:59.999999999+01:00,PROSPECTUS,https://driveimg1.intermarche.com/pt/Content/images/boitmal/produit/zoom/DCA7C0FA6B23BAB7806B1D133929F516.jpg,,,,1,16
24921,5604260281855,24921,5604260281855,1,500.0,99,PorSi,Massas espirais tricolores,Embalagem 500G,0.89,1.78,1.78,0.0,0,[],500,500,0,0,False,False,"[{'dateFin': '2024-05-29T23:59:59.999999999+01:00', 'categorie': 'PROSPECTUS'}]",,,,PUP,Pièce avec poids,kg,€/Kg,,,,,,,2024-05-29T23:59:59.999999999+01:00,PROSPECTUS,https://driveimg1.intermarche.com/pt/Content/images/boitmal/produit/zoom/FB5B0AF1262C35DE07F8D76D99137808.jpg,,,,1,16
927,5601001180903,927,5601001180903,1,380.0,99,Nestlé,Cereais chocapic,Embalagem de 375 g,2.29,6.03,6.03,0.0,0,"[{'idPicto': 3682, 'idCategorie': 52, 'libelleCategorie': 'Cabaz Compromisso', 'image': 'https://driveimg1.intermarche.com/pt/Ressources/images/publication/8175.png', 'infoBulle': ''}]",380,380,0,0,False,False,"[{'dateFin': '2024-05-29T23:59:59.999999999+01:00', 'categorie': 'PROSPECTUS'}]",,,,PUP,Pièce avec poids,kg,€/Kg,,52.0,3682.0,https://driveimg1.intermarche.com/pt/Ressources/images/publication/8175.png,,Cabaz Compromisso,2024-05-29T23:59:59.999999999+01:00,PROSPECTUS,https://driveimg1.intermarche.com/pt/Content/images/boitmal/produit/zoom/6DE0110672BED70DCD1FFE94A66DEB48.jpg,,,,1,16
973,5601024105020,973,5601024105020,1,1000.0,6,Fula,Óleo alimentar,Embalagem 1L,1.89,1.89,1.89,0.0,0,[],0,0,0,1000,False,False,"[{'dateFin': '2024-05-29T23:59:59.999999999+01:00', 'categorie': 'PROSPECTUS'}]",,,,PUV,Pièce avec volume,L,€/L,,,,,,,2024-05-29T23:59:59.999999999+01:00,PROSPECTUS,https://driveimg1.intermarche.com/pt/Content/images/boitmal/produit/zoom/82D3E88293E42CC5B178C569AA9B57E6.jpg,,,,1,16
13892,2891041000000,13892,2891041000000,500,1000.0,99,Porco,Costeletas do Lombo,Vendido ao peso a partir de 1 kg,4.88,4.88,4.88,,0,[],1000,1000,0,0,True,False,"[{'dateFin': '2024-05-29T23:59:59.999999999+01:00', 'categorie': 'PROSPECTUS'}]",ORIGEM: PORTUGAL,,,PVI,Poids variable à intervalle,,€/Kg,,,,,,,2024-05-29T23:59:59.999999999+01:00,PROSPECTUS,https://driveimg1.intermarche.com/pt/Content/images/boitmal/produit/zoom/0CEDBCB04142A68CDED3690FB39820D0.jpg,,,,1,16
13894,2891044000000,13894,2891044000000,500,1000.0,99,Porco,Entremeada sem Entrecosto,Vendido ao peso a partir de 1 kg,4.78,4.78,4.78,,0,[],1000,1000,0,0,True,False,"[{'dateFin': '2024-05-29T23:59:59.999999999+01:00', 'categorie': 'PROSPECTUS'}]",ORIGEM: PORTUGAL,,,PVI,Poids variable à intervalle,,€/Kg,,,,,,,2024-05-29T23:59:59.999999999+01:00,PROSPECTUS,https://driveimg1.intermarche.com/pt/Content/images/boitmal/produit/zoom/C03EF63C56AFB4E4EA78E134436BF30C.jpg,,,,1,16
15432,2892261000000,15432,2892261000000,1000,1000.0,99,Fruta,Meloa Gália,1 un = 1 kg (aprox.),1.89,1.89,1.89,,0,[],1000,1000,0,0,True,False,"[{'dateFin': '2024-05-29T23:59:59.999999999+01:00', 'categorie': 'PROSPECTUS'}]",ORIGEM: MARROCOS,,,PVI,Poids variable à intervalle,,€/Kg,,,,,,,2024-05-29T23:59:59.999999999+01:00,PROSPECTUS,https://driveimg1.intermarche.com/pt/Content/images/boitmal/produit/zoom/57DEE2C457893F0BD3086DA63F043153.jpg,https://driveimg1.intermarche.com/pt/Content/images/boitmal/produit/zoom/1BEFE2C9741C070DC8FB94F036E807A8.jpg,,,1,16
1849,5604260036660,1849,5604260036660,1,500.0,99,PorSi,Corn flakes saco,Embalagem de 500g,1.75,3.5,3.5,0.0,0,[],500,500,0,0,False,False,"[{'dateFin': '2024-05-29T23:59:59.999999999+01:00', 'categorie': 'PROSPECTUS'}]",,,,PUP,Pièce avec poids,kg,€/Kg,,,,,,,2024-05-29T23:59:59.999999999+01:00,PROSPECTUS,https://driveimg1.intermarche.com/pt/Content/images/boitmal/produit/zoom/0340A79765A9F38F56F1538053F2FE7A.jpg,,,,1,16
31327,5601286260444,31327,5601286260444,1,500.0,99,Milaneza,Esparguete integral com aveia,Embalagem de 500g,1.39,2.78,2.78,0.0,0,[],500,500,0,0,False,False,"[{'dateFin': '2024-05-29T23:59:59.999999999+01:00', 'categorie': 'PROSPECTUS'}]",,,,PUP,Pièce avec poids,kg,€/Kg,,,,,,,2024-05-29T23:59:59.999999999+01:00,PROSPECTUS,https://driveimg1.intermarche.com/pt/Content/images/boitmal/produit/zoom/ED109D373D309526BEFD47862BA4E84B.jpg,,,,1,16
1291,5601151333457,1291,5601151333457,1,1000.0,99,Compal,Néctar clássico tutti-frutti,Embalagem de 1 l,1.09,1.09,1.09,0.0,0,[],0,0,0,1000,False,False,"[{'dateFin': '2024-05-29T23:59:59.999999999+01:00', 'categorie': 'PROSPECTUS'}]",,,,PUV,Pièce avec volume,L,€/L,,,,,,,2024-05-29T23:59:59.999999999+01:00,PROSPECTUS,https://driveimg1.intermarche.com/pt/Content/images/boitmal/produit/zoom/79A76D91E7F845844AA891429B75DB10.jpg,,,,1,16
27489,8434165466395,27489,8434165466395,1,168.0,99,Cuétara,Bolacha tosta rica choco guay,Embalagem de 170g,1.7,10.12,10.12,0.0,0,[],168,168,0,0,False,False,"[{'dateFin': '2024-05-29T23:59:59.999999999+01:00', 'categorie': 'PROSPECTUS'}]",,,,PUP,Pièce avec poids,kg,€/Kg,,,,,,,2024-05-29T23:59:59.999999999+01:00,PROSPECTUS,https://driveimg1.intermarche.com/pt/Content/images/boitmal/produit/zoom/DEDEA09A4AED851A280232AF3C2BFB2A.jpg,,,,1,16
11640,5601180000993,11640,5601180000993,1,1000.0,99,Vigor,Leite pasteurizado gordo,Garrafa de 1 l,0.98,0.98,0.98,0.0,0,[],0,0,0,1000,False,False,"[{'dateFin': '2024-05-29T23:59:59.999999999+01:00', 'categorie': 'PROSPECTUS'}]",,,,PUV,Pièce avec volume,L,€/L,,,,,,,2024-05-29T23:59:59.999999999+01:00,PROSPECTUS,https://driveimg1.intermarche.com/pt/Content/images/boitmal/produit/zoom/D35A2632D9FCF31B32BD4205099C2552.jpg,,,,1,16
11655,5601195101142,11655,5601195101142,1,1980.0,99,Pedras Salgadas,Água com gás natural pet,pack 6 x 0.33 l,2.59,1.31,1.31,0.0,0,[],0,0,0,1980,False,False,"[{'dateFin': '2024-05-29T23:59:59.999999999+01:00', 'categorie': 'PROSPECTUS'}]",,,,PUV,Pièce avec volume,L,€/L,,,,,,,2024-05-29T23:59:59.999999999+01:00,PROSPECTUS,https://driveimg1.intermarche.com/pt/Content/images/boitmal/produit/zoom/9B79053350A1A0385E8F9A623796CDE0.jpg,,,,1,16
11656,5601195510128,11656,5601195510128,1,1000.0,99,Pedras Salgadas,Água com gás limão,pack 4 x 0.25 l,2.19,2.19,2.19,0.0,0,[],0,0,0,1000,False,False,"[{'dateFin': '2024-05-29T23:59:59.999999999+01:00', 'categorie': 'PROSPECTUS'}]",,,,PUV,Pièce avec volume,L,€/L,,,,,,,2024-05-29T23:59:59.999999999+01:00,PROSPECTUS,https://driveimg1.intermarche.com/pt/Content/images/boitmal/produit/zoom/9870F7D10B9ED7376F5917B0306BAC76.jpg,,,,1,16
13126,2893105000000,13126,2893105000000,100,600.0,99,Peixaria,Dourada de Viveiro,de 600 a 800g,4.19,6.99,6.99,,0,[],600,600,0,0,True,False,"[{'dateFin': '2024-05-29T23:59:59.999999999+01:00', 'categorie': 'PROSPECTUS'}]",ORIGEM: AQUICULTURA-TURQUIA,A.P.: NA,,PVI,Poids variable à intervalle,,€/Kg,,,,,,,2024-05-29T23:59:59.999999999+01:00,PROSPECTUS,https://driveimg1.intermarche.com/pt/Content/images/boitmal/produit/zoom/029F52875DBC51F21511F40D4DB7EF92.jpg,,,,1,16
14075,2891270000000,14075,2891270000000,500,800.0,99,Bovino,Picanha,Vendido ao peso a partir de 800 g,9.99,12.49,12.49,,0,[],800,800,0,0,True,False,"[{'dateFin': '2024-05-29T23:59:59.999999999+01:00', 'categorie': 'PROSPECTUS'}]",HOLANDA,PT-R95-C,,PVI,Poids variable à intervalle,,€/Kg,,,,,,,2024-05-29T23:59:59.999999999+01:00,PROSPECTUS,https://driveimg1.intermarche.com/pt/Content/images/boitmal/produit/zoom/0D53841F7FAAB339706426EF33AAF920.jpg,,,,1,16
1471,5601286254788,1471,5601286254788,1,500.0,99,Milaneza,Massa macarronete grande,Embalagem de 500g,1.19,2.38,2.38,0.0,0,[],500,500,0,0,False,False,"[{'dateFin': '2024-05-29T23:59:59.999999999+01:00', 'categorie': 'PROSPECTUS'}]",,,,PUP,Pièce avec poids,kg,€/Kg,,,,,,,2024-05-29T23:59:59.999999999+01:00,PROSPECTUS,https://driveimg1.intermarche.com/pt/Content/images/boitmal/produit/zoom/ECCE0C4A0B77E8669302DA27C5B102B0.jpg,,,,1,16
14858,2696002000000,14858,2696002000000,1,250.0,99,PorSi,Baguete,250 g,0.44,1.76,1.76,,0,[],250,250,0,0,True,False,"[{'dateFin': '2024-05-29T23:59:59.999999999+01:00', 'categorie': 'PROSPECTUS'}]",-,,,PUP,Pièce avec poids,kg,€/Kg,,,,,,,2024-05-29T23:59:59.999999999+01:00,PROSPECTUS,https://driveimg1.intermarche.com/pt/Content/images/boitmal/produit/zoom/8311AC325D7D7C5FB5753C9B337353B0.jpg,,,,1,16
23206,8410063065991,23206,8410063065991,1,1000.0,99,Pescanova,"Pescada panada em forma de filete, 1 kg",,7.99,7.99,7.99,0.0,0,"[{'idPicto': 69, 'idCategorie': 28, 'libelleCategorie': 'Tipo de stockagem', 'image': 'https://driveimg1.intermarche.com/pt/Ressources/images/publication/8136.png', 'infoBulle': ''}]",1000,1000,0,0,False,False,"[{'dateFin': '2024-05-29T23:59:59.999999999+01:00', 'categorie': 'PROSPECTUS'}]",,,,PUP,Pièce avec poids,kg,€/Kg,,28.0,69.0,https://driveimg1.intermarche.com/pt/Ressources/images/publication/8136.png,,Tipo de stockagem,2024-05-29T23:59:59.999999999+01:00,PROSPECTUS,https://driveimg1.intermarche.com/pt/Content/images/boitmal/produit/zoom/46AEA5887528069260AF2BFEE22D8706.jpg,,,,1,16
24370,5601050033052,24370,5601050033052,1,620.0,99,Danone,"Iogurte líquido morango / framboesa corpos danone,  4 x 155 g",,1.69,2.73,2.73,0.0,0,[],620,620,0,0,False,False,"[{'dateFin': '2024-05-29T23:59:59.999999999+01:00', 'categorie': 'PROSPECTUS'}]",,,,PUP,Pièce avec poids,kg,€/Kg,,,,,,,2024-05-29T23:59:59.999999999+01:00,PROSPECTUS,https://driveimg1.intermarche.com/pt/Content/images/boitmal/produit/zoom/944714BB6E54D611AAE53F4C9C525265.jpg,,,,1,16
26772,5449000106186,26772,5449000106186,1,3500.0,99,Coca-Cola,Refrigerante c/ gás,pack 2 x 1.75 l,3.68,1.05,1.05,0.0,0,[],0,0,0,3500,False,False,"[{'dateFin': '2024-05-29T23:59:59.999999999+01:00', 'categorie': 'PROSPECTUS'}]",,,,PUV,Pièce avec volume,L,€/L,,,,,,,2024-05-29T23:59:59.999999999+01:00,PROSPECTUS,https://driveimg1.intermarche.com/pt/Content/images/boitmal/produit/zoom/1D4EC82F15980642AA3BE6E246545A05.jpg,,,,1,16
44701,5053990156009,44701,5053990156009,1,175.0,99,Pringles,Pringles original,Embalagem de 175g,2.29,13.09,13.09,0.0,0,[],175,175,0,0,False,False,"[{'dateFin': '2024-05-29T23:59:59.999999999+01:00', 'categorie': 'PROSPECTUS'}]",,,,PUP,Pièce avec poids,kg,€/Kg,,,,,,,2024-05-29T23:59:59.999999999+01:00,PROSPECTUS,https://driveimg1.intermarche.com/pt/Content/images/boitmal/produit/zoom/A4350F1969E3C38471802CC20C7A43A5.jpg,https://driveimg1.intermarche.com/pt/Content/images/boitmal/produit/zoom/843E1395B62C4B40E91467CF90852642.jpg,https://driveimg1.intermarche.com/pt/Content/images/boitmal/produit/zoom/843E1395B62C4B40E91467CF90852642.jpg,https://driveimg1.intermarche.com/pt/Content/images/boitmal/produit/zoom/843E1395B62C4B40E91467CF90852642.jpg,1,16
48248,8410104893101,48248,8410104893101,1,,99,Finish,Detergente Máquina Loiça Quantum,54 pastilhas,10.29,10.29,10.29,0.0,0,[],0,0,0,0,False,False,"[{'dateFin': '2024-05-29T23:59:59.999999999+01:00', 'categorie': 'PROSPECTUS'}]",,,0.0,PU,Pièce unitaire,,€/Unidade,,,,,,,2024-05-29T23:59:59.999999999+01:00,PROSPECTUS,https://driveimg1.intermarche.com/pt/Content/images/boitmal/produit/zoom/B0F8E82D3F133C5D927DEEEC7CDD44D5.jpg,,,,1,16
49216,5604260296187,49216,5604260296187,1,2000.0,99,PorSi,Gelado baunilha,Embalagem de 2 litros,2.69,1.35,1.35,0.0,0,"[{'idPicto': 69, 'idCategorie': 28, 'libelleCategorie': 'Tipo de stockagem', 'image': 'https://driveimg1.intermarche.com/pt/Ressources/images/publication/8136.png', 'infoBulle': ''}]",0,0,0,2000,False,False,"[{'dateFin': '2024-05-29T23:59:59.999999999+01:00', 'categorie': 'PROSPECTUS'}]",,,,PUV,Pièce avec volume,L,€/L,,28.0,69.0,https://driveimg1.intermarche.com/pt/Ressources/images/publication/8136.png,,Tipo de stockagem,2024-05-29T23:59:59.999999999+01:00,PROSPECTUS,https://driveimg1.intermarche.com/pt/Content/images/boitmal/produit/zoom/96BF25F881D0453C8953AE7462FDFDB4.jpg,https://driveimg1.intermarche.com/pt/Content/images/boitmal/produit/zoom/4F7476FE04D885EAAD823A3B68E382DF.jpg,,,1,16
49545,2706799000000,49545,2706799000000,1000,1100.0,99,PorSi,Frango aberto para churrasco,Embalagem com 1.1 kg (aprox.),3.5,3.18,3.18,,0,[],1100,1100,0,0,True,False,"[{'dateFin': '2024-05-29T23:59:59.999999999+01:00', 'categorie': 'PROSPECTUS'}]",-,,,PVI,Poids variable à intervalle,,€/Kg,,,,,,,2024-05-29T23:59:59.999999999+01:00,PROSPECTUS,https://driveimg1.intermarche.com/pt/Content/images/boitmal/produit/zoom/BCCABF33F3C7AE3F47F3E4B9833F6500.jpg,,,,1,16
8384,5601049133992,8384,5601049133992,1,1000.0,99,Mimosa,Leite uht magro,Embalagem de 1 litro,0.89,0.89,0.89,0.0,0,[],0,0,0,1000,False,False,"[{'dateFin': '2024-05-29T23:59:59.999999999+01:00', 'categorie': 'PROSPECTUS'}]",,,,PUV,Pièce avec volume,L,€/L,,,,,,,2024-05-29T23:59:59.999999999+01:00,PROSPECTUS,https://driveimg1.intermarche.com/pt/Content/images/boitmal/produit/zoom/F5320FAD88ED459A5E33FEB47EAEF410.jpg,https://driveimg1.intermarche.com/pt/Content/images/boitmal/produit/zoom/8C350978140C257D0AAD7365CD133F0C.jpg,https://driveimg1.intermarche.com/pt/Content/images/boitmal/produit/zoom/B9BED9F397071733FB4D36CBE39ECDBA.jpg,,1,16
11523,5601051410029,11523,5601051410029,1,250.0,99,Primor,"Manteiga com sal, 250g",,1.99,7.96,7.96,0.0,0,[],250,250,0,0,False,False,"[{'dateFin': '2024-05-29T23:59:59.999999999+01:00', 'categorie': 'PROSPECTUS'}]",,,,PUP,Pièce avec poids,kg,€/Kg,,,,,,,2024-05-29T23:59:59.999999999+01:00,PROSPECTUS,https://driveimg1.intermarche.com/pt/Content/images/boitmal/produit/zoom/5E7E0622B0F1F3C827A5445EBDA354EF.jpg,,,,1,16
11524,5601051420028,11524,5601051420028,1,250.0,99,Primor,Manteiga sem sal,Embalagem de 250g,1.99,7.96,7.96,0.0,0,[],250,250,0,0,False,False,"[{'dateFin': '2024-05-29T23:59:59.999999999+01:00', 'categorie': 'PROSPECTUS'}]",,,,PUP,Pièce avec poids,kg,€/Kg,,,,,,,2024-05-29T23:59:59.999999999+01:00,PROSPECTUS,https://driveimg1.intermarche.com/pt/Content/images/boitmal/produit/zoom/B2FFA6A89B700950590104B0F7BA500E.jpg,,,,1,16
11641,5601180001020,11641,5601180001020,1,1000.0,99,Vigor,Leite pasteurizado meio gordo,Garrafa de 1 l,0.98,0.98,0.98,0.0,0,[],0,0,0,1000,False,False,"[{'dateFin': '2024-05-29T23:59:59.999999999+01:00', 'categorie': 'PROSPECTUS'}]",,,,PUV,Pièce avec volume,L,€/L,,,,,,,2024-05-29T23:59:59.999999999+01:00,PROSPECTUS,https://driveimg1.intermarche.com/pt/Content/images/boitmal/produit/zoom/27E81D9C59177D8FE66A1E22F472A238.jpg,,,,1,16
1297,5601151543313,1297,5601151543313,1,1000.0,99,Compal,Néctar de pêssego,Embalagem de 1 l,1.09,1.09,1.09,0.0,0,[],0,0,0,1000,False,False,"[{'dateFin': '2024-05-29T23:59:59.999999999+01:00', 'categorie': 'PROSPECTUS'}]",,,,PUV,Pièce avec volume,L,€/L,,,,,,,2024-05-29T23:59:59.999999999+01:00,PROSPECTUS,https://driveimg1.intermarche.com/pt/Content/images/boitmal/produit/zoom/71BCFF0323E89D4F47EF3F4CA7F8AF50.jpg,,,,1,16
13567,2893562000000,13567,2893562000000,250,250.0,99,Marisco,Ameijoa Castanha Vietnamita Congelada,Venda ao Kilo,0.72,2.89,2.89,,0,"[{'idPicto': 3644, 'idCategorie': 7, 'libelleCategorie': 'Avantages !', 'image': 'https://driveimg1.intermarche.com/pt/Ressources/images/publication/8135.png', 'infoBulle': ''}]",250,250,0,0,True,False,"[{'dateFin': '2024-05-29T23:59:59.999999999+01:00', 'categorie': 'PROSPECTUS'}]",Z.C.: PACIFICO NOROESTE FAO61,CONG:05/,,PVI,Poids variable à intervalle,,€/Kg,,7.0,3644.0,https://driveimg1.intermarche.com/pt/Ressources/images/publication/8135.png,,Avantages !,2024-05-29T23:59:59.999999999+01:00,PROSPECTUS,https://driveimg1.intermarche.com/pt/Content/images/boitmal/produit/zoom/33CC3279E2741F227440A7AFDC3AEEF9.jpg,,,,1,16
13897,2891053000000,13897,2891053000000,500,1000.0,99,Porco,Lombo sem Osso,Vendido ao peso a partir de 1 kg,4.98,4.98,4.98,,0,[],1000,1000,0,0,True,False,"[{'dateFin': '2024-05-29T23:59:59.999999999+01:00', 'categorie': 'PROSPECTUS'}]",ORIGEM: PORTUGAL,,,PVI,Poids variable à intervalle,,€/Kg,,,,,,,2024-05-29T23:59:59.999999999+01:00,PROSPECTUS,https://driveimg1.intermarche.com/pt/Content/images/boitmal/produit/zoom/415564DA70574ED3C1D7475F1F28BDB6.jpg,,,,1,16
1456,5601286217639,1456,5601286217639,1,500.0,99,Milaneza,Massa farfalle tricolor,Embalagem de 500g,1.26,2.52,2.52,0.0,0,[],500,500,0,0,False,False,"[{'dateFin': '2024-05-29T23:59:59.999999999+01:00', 'categorie': 'PROSPECTUS'}]",,,,PUP,Pièce avec poids,kg,€/Kg,,,,,,,2024-05-29T23:59:59.999999999+01:00,PROSPECTUS,https://driveimg1.intermarche.com/pt/Content/images/boitmal/produit/zoom/2CB58ADA26EF1E83B0978C82005EFCEE.jpg,,,,1,16
1476,5601286290786,1476,5601286290786,1,500.0,99,Milaneza,Massa de laços,Embalagem de 500g,1.25,2.5,2.5,0.0,0,[],500,500,0,0,False,False,"[{'dateFin': '2024-05-29T23:59:59.999999999+01:00', 'categorie': 'PROSPECTUS'}]",,,,PUP,Pièce avec poids,kg,€/Kg,,,,,,,2024-05-29T23:59:59.999999999+01:00,PROSPECTUS,https://driveimg1.intermarche.com/pt/Content/images/boitmal/produit/zoom/D687B9FD61EA56CF807EB6EB67FC5ABA.jpg,,,,1,16
14854,2891117000000,14854,2891117000000,500,2350.0,99,PorSi,Pato inteiro com miúdos,1 un = 2.250 kg (aprox.),10.53,4.48,4.48,,0,[],2350,2350,0,0,True,False,"[{'dateFin': '2024-05-29T23:59:59.999999999+01:00', 'categorie': 'PROSPECTUS'}]",ORIGEM: PORTUGAL,,,PVI,Poids variable à intervalle,,€/Kg,,,,,,,2024-05-29T23:59:59.999999999+01:00,PROSPECTUS,https://driveimg1.intermarche.com/pt/Content/images/boitmal/produit/zoom/8590712CC932B136925D5328AF850637.jpg,,,,1,16
16022,5601146703609,16022,5601146703609,1,5000.0,99,Sagres,Cerveja Mini,20 x 0.25 l,9.99,2.0,2.0,0.0,0,"[{'idPicto': 3682, 'idCategorie': 52, 'libelleCategorie': 'Cabaz Compromisso', 'image': 'https://driveimg1.intermarche.com/pt/Ressources/images/publication/8175.png', 'infoBulle': ''}]",0,0,0,5000,False,False,"[{'dateFin': '2024-05-29T23:59:59.999999999+01:00', 'categorie': 'PROSPECTUS'}]",,,,PUV,Pièce avec volume,L,€/L,,52.0,3682.0,https://driveimg1.intermarche.com/pt/Ressources/images/publication/8175.png,,Cabaz Compromisso,2024-05-29T23:59:59.999999999+01:00,PROSPECTUS,https://driveimg1.intermarche.com/pt/Content/images/boitmal/produit/zoom/FF51CCF9441973386AEED91491E4E439.jpg,,,,1,16
17667,2894441000000,17667,2894441000000,100,100.0,99,Salsicharia Limiana,Chourição,1 un = 100 gr (aprox.),0.7,6.99,6.99,,0,[],100,100,0,0,True,False,"[{'dateFin': '2024-05-29T23:59:59.999999999+01:00', 'categorie': 'PROSPECTUS'}]",-,,,PVI,Poids variable à intervalle,,€/Kg,,,,,,,2024-05-29T23:59:59.999999999+01:00,PROSPECTUS,https://driveimg1.intermarche.com/pt/Content/images/boitmal/produit/zoom/5CBAE8286CA636C8895C6C56B7142118.jpg,,,,1,16
18596,8410500016029,18596,8410500016029,1,400.0,99,Danonino Danone,"Iogurte líquido danonino morango/banana,  4 x 100 g",,1.79,4.48,4.48,0.0,0,[],400,400,0,0,False,False,"[{'dateFin': '2024-05-29T23:59:59.999999999+01:00', 'categorie': 'PROSPECTUS'}]",,,,PUP,Pièce avec poids,kg,€/Kg,,,,,,,2024-05-29T23:59:59.999999999+01:00,PROSPECTUS,https://driveimg1.intermarche.com/pt/Content/images/boitmal/produit/zoom/418CA3EE44828DD39BFD6E2687E787F2.jpg,,,,1,16
2458,7613031423583,2458,7613031423583,1,625.0,99,Nestlé,Cereais nesquik,Embalagem de 625g,3.24,5.18,5.18,0.0,0,"[{'idPicto': 3682, 'idCategorie': 52, 'libelleCategorie': 'Cabaz Compromisso', 'image': 'https://driveimg1.intermarche.com/pt/Ressources/images/publication/8175.png', 'infoBulle': ''}]",625,625,0,0,False,False,"[{'dateFin': '2024-05-29T23:59:59.999999999+01:00', 'categorie': 'PROSPECTUS'}]",,,,PUP,Pièce avec poids,kg,€/Kg,,52.0,3682.0,https://driveimg1.intermarche.com/pt/Ressources/images/publication/8175.png,,Cabaz Compromisso,2024-05-29T23:59:59.999999999+01:00,PROSPECTUS,https://driveimg1.intermarche.com/pt/Content/images/boitmal/produit/zoom/3F494F3C149F2147A07872C278BEDBC9.jpg,,,,1,16
25517,5601195610040,25517,5601195610040,1,1000.0,99,Pedras Salgadas,Pedras limão,Garrafa de 1 l,1.49,1.49,1.49,0.0,0,[],0,0,0,1000,False,False,"[{'dateFin': '2024-05-29T23:59:59.999999999+01:00', 'categorie': 'PROSPECTUS'}]",,,,PUV,Pièce avec volume,L,€/L,,,,,,,2024-05-29T23:59:59.999999999+01:00,PROSPECTUS,https://driveimg1.intermarche.com/pt/Content/images/boitmal/produit/zoom/3E5348645AACE7FB3B22BE4DA60476CE.jpg,,,,1,16
2734,8410063005683,2734,8410063005683,1,400.0,99,Pescanova,Caprichos do mar s/ glúten,Embalagem de 400g,2.49,6.23,6.23,0.0,0,"[{'idPicto': 69, 'idCategorie': 28, 'libelleCategorie': 'Tipo de stockagem', 'image': 'https://driveimg1.intermarche.com/pt/Ressources/images/publication/8136.png', 'infoBulle': ''}]",400,400,0,0,False,False,"[{'dateFin': '2024-05-29T23:59:59.999999999+01:00', 'categorie': 'PROSPECTUS'}]",,,,PUP,Pièce avec poids,kg,€/Kg,,28.0,69.0,https://driveimg1.intermarche.com/pt/Ressources/images/publication/8136.png,,Tipo de stockagem,2024-05-29T23:59:59.999999999+01:00,PROSPECTUS,https://driveimg1.intermarche.com/pt/Content/images/boitmal/produit/zoom/737C8419743536AEFEAED7A1B1CAD3F9.jpg,,,,1,16
27891,3600523586387,27891,3600523586387,1,400.0,99,Elvive,Champô Reconstrutor Dream Long,Embalagem de 400 ml,3.65,9.13,9.13,0.0,0,[],0,0,0,400,False,False,"[{'dateFin': '2024-06-05T23:59:59.999999999+01:00', 'categorie': 'PROSPECTUS'}]",,,,PUV,Pièce avec volume,L,€/L,,,,,,,2024-06-05T23:59:59.999999999+01:00,PROSPECTUS,https://driveimg1.intermarche.com/pt/Content/images/boitmal/produit/zoom/84CC356C36067BE7C6654BA5E8036F86.jpg,,,,1,16
29355,8718951202795,29355,8718951202795,1,500.0,99,Palmolive,Gel de banho natural leite oliva,500 ml,2.69,5.38,5.38,0.0,0,[],0,0,0,500,False,False,"[{'dateFin': '2024-06-05T23:59:59.999999999+01:00', 'categorie': 'PROSPECTUS'}]",,,,PUV,Pièce avec volume,L,€/L,,,,,,,2024-06-05T23:59:59.999999999+01:00,PROSPECTUS,https://driveimg1.intermarche.com/pt/Content/images/boitmal/produit/zoom/77171253CA8BE22F47735182D75DE702.jpg,,,,1,16
37768,5604260296514,37768,5604260296514,1,400.0,99,PorSi,Lasanha à Bolonhesa,Embalagem de 400 g,2.19,5.48,5.48,0.0,0,[],400,400,0,0,False,False,"[{'dateFin': '2024-05-29T23:59:59.999999999+01:00', 'categorie': 'PROSPECTUS'}]",,,,PUP,Pièce avec poids,kg,€/Kg,,,,,,,2024-05-29T23:59:59.999999999+01:00,PROSPECTUS,https://driveimg1.intermarche.com/pt/Content/images/boitmal/produit/zoom/A77A4D8A2C5CECF507F8465C291A2AD6.jpg,,,,1,16
37814,5604260301089,37814,5604260301089,1,,99,PorSi,Fraldas premium T5 - 13 a 18 kg,42 unidades,7.69,7.69,7.69,0.0,0,[],0,0,0,0,False,False,"[{'dateFin': '2024-05-29T23:59:59.999999999+01:00', 'categorie': 'PROSPECTUS'}]",,,0.0,PU,Pièce unitaire,,€/Unidade,,,,,,,2024-05-29T23:59:59.999999999+01:00,PROSPECTUS,https://driveimg1.intermarche.com/pt/Content/images/boitmal/produit/zoom/89B429811F2EE6A996D75A01C0E4B22C.jpg,,,,1,16
37948,5601217132697,37948,5601217132697,1,500.0,99,Cillitbang,Spray limpeza casa de banho,Embalagem de 500 ml,2.24,4.48,4.48,0.0,0,"[{'idPicto': 3682, 'idCategorie': 52, 'libelleCategorie': 'Cabaz Compromisso', 'image': 'https://driveimg1.intermarche.com/pt/Ressources/images/publication/8175.png', 'infoBulle': ''}]",0,0,0,500,False,False,"[{'dateFin': '2024-05-29T23:59:59.999999999+01:00', 'categorie': 'PROSPECTUS'}]",,,,PUV,Pièce avec volume,L,€/L,,52.0,3682.0,https://driveimg1.intermarche.com/pt/Ressources/images/publication/8175.png,,Cabaz Compromisso,2024-05-29T23:59:59.999999999+01:00,PROSPECTUS,https://driveimg1.intermarche.com/pt/Content/images/boitmal/produit/zoom/62E5A8E0A6D5CF81B7A29AA6D1070117.jpg,,,,1,16
37989,8410063071206,37989,8410063071206,1,1000.0,99,Pescanova,Tiras do mar,Embalagem de 1 kg,7.49,7.49,7.49,0.0,0,"[{'idPicto': 69, 'idCategorie': 28, 'libelleCategorie': 'Tipo de stockagem', 'image': 'https://driveimg1.intermarche.com/pt/Ressources/images/publication/8136.png', 'infoBulle': ''}]",1000,1000,0,0,False,False,"[{'dateFin': '2024-05-29T23:59:59.999999999+01:00', 'categorie': 'PROSPECTUS'}]",,,,PUP,Pièce avec poids,kg,€/Kg,,28.0,69.0,https://driveimg1.intermarche.com/pt/Ressources/images/publication/8136.png,,Tipo de stockagem,2024-05-29T23:59:59.999999999+01:00,PROSPECTUS,https://driveimg1.intermarche.com/pt/Content/images/boitmal/produit/zoom/97461D5C2795A31BF48BD88908FC2105.jpg,,,,1,16
38006,8717163798300,38006,8717163798300,1,700.0,99,Vaseline,Gel de banho rosas e jasmim,Embalagem de 700 ml,2.99,4.27,4.27,0.0,0,[],0,0,0,700,False,False,"[{'dateFin': '2024-06-05T23:59:59.999999999+01:00', 'categorie': 'PROSPECTUS'}]",,,,PUV,Pièce avec volume,L,€/L,,,,,,,2024-06-05T23:59:59.999999999+01:00,PROSPECTUS,https://driveimg1.intermarche.com/pt/Content/images/boitmal/produit/zoom/93C46BD93221B0D0FD89033C832BBE24.jpg,,,,1,16
38118,5604260301997,38118,5604260301997,1,2000.0,99,PorSi,"Iogurte pedaços frutas variadas, 16 x 125 g",,4.34,2.17,2.17,0.0,0,[],2000,2000,0,0,False,False,"[{'dateFin': '2024-05-29T23:59:59.999999999+01:00', 'categorie': 'PROSPECTUS'}]",,,,PUP,Pièce avec poids,kg,€/Kg,,,,,,,2024-05-29T23:59:59.999999999+01:00,PROSPECTUS,https://driveimg1.intermarche.com/pt/Content/images/boitmal/produit/zoom/91E02C1B5085BE7A9E444A949622B617.jpg,,,,1,16
41297,5601050036534,41297,5601050036534,1,440.0,99,Danone,"Iogurte oikos pêssego,  4 x 110g",,1.99,4.52,4.52,0.0,0,[],440,440,0,0,False,False,"[{'dateFin': '2024-05-29T23:59:59.999999999+01:00', 'categorie': 'PROSPECTUS'}]",,,,PUP,Pièce avec poids,kg,€/Kg,,,,,,,2024-05-29T23:59:59.999999999+01:00,PROSPECTUS,https://driveimg1.intermarche.com/pt/Content/images/boitmal/produit/zoom/86E0EE086DC0214DA576A0DB5E10BF28.jpg,,,,1,16
41582,5601050036626,41582,5601050036626,1,440.0,99,Danone,"Iogurte grego café,  4 x 110 g",,1.99,4.52,4.52,0.0,0,[],440,440,0,0,False,False,"[{'dateFin': '2024-05-29T23:59:59.999999999+01:00', 'categorie': 'PROSPECTUS'}]",,,,PUP,Pièce avec poids,kg,€/Kg,,,,,,,2024-05-29T23:59:59.999999999+01:00,PROSPECTUS,https://driveimg1.intermarche.com/pt/Content/images/boitmal/produit/zoom/AA81C6F13D10195F1596F127A0BC3ACE.jpg,,,,1,16
43626,5604260302765,43626,5604260302765,1,500.0,99,PorSi,Creme vegetal líquido cozinha,Garrafa de 500 ml,1.49,2.98,2.98,0.0,0,[],0,0,0,500,False,False,"[{'dateFin': '2024-05-29T23:59:59.999999999+01:00', 'categorie': 'PROSPECTUS'}]",,,,PUV,Pièce avec volume,L,€/L,,,,,,,2024-05-29T23:59:59.999999999+01:00,PROSPECTUS,https://driveimg1.intermarche.com/pt/Content/images/boitmal/produit/zoom/BBE1C9EB8920840554505163DB998C43.jpg,,,,1,16
43979,5604260313587,43979,5604260313587,1,300.0,99,PorSi,Gomas tubarões,Embalagem de 300 g,1.69,5.63,5.63,0.0,0,[],300,300,0,0,False,False,"[{'dateFin': '2024-05-29T23:59:59.999999999+01:00', 'categorie': 'PROSPECTUS'}]",,,,PUP,Pièce avec poids,kg,€/Kg,,,,,,,2024-05-29T23:59:59.999999999+01:00,PROSPECTUS,https://driveimg1.intermarche.com/pt/Content/images/boitmal/produit/zoom/7FFC624E3AADBAEFA0C0852517893D79.jpg,,,,1,16
44702,5053990155354,44702,5053990155354,1,175.0,99,Pringles,Pringles sour cream & onion,Embalagem de 175g,2.29,13.09,13.09,0.0,0,[],175,175,0,0,False,False,"[{'dateFin': '2024-05-29T23:59:59.999999999+01:00', 'categorie': 'PROSPECTUS'}]",,,,PUP,Pièce avec poids,kg,€/Kg,,,,,,,2024-05-29T23:59:59.999999999+01:00,PROSPECTUS,https://driveimg1.intermarche.com/pt/Content/images/boitmal/produit/zoom/CAC75B605C8B7B46C574BB916C039D54.jpg,https://driveimg1.intermarche.com/pt/Content/images/boitmal/produit/zoom/3743B152C095FACA5BB155343DC8A7EE.jpg,https://driveimg1.intermarche.com/pt/Content/images/boitmal/produit/zoom/3743B152C095FACA5BB155343DC8A7EE.jpg,https://driveimg1.intermarche.com/pt/Content/images/boitmal/produit/zoom/3743B152C095FACA5BB155343DC8A7EE.jpg,1,16
44961,5054563098757,44961,5054563098757,1,75.0,99,Sensodyne,Pasta dentífrica repair & protect branqueadora,Embalagem de 75 ml,3.96,52.8,52.8,0.0,0,[],0,0,0,75,False,False,"[{'dateFin': '2024-06-05T23:59:59.999999999+01:00', 'categorie': 'PROSPECTUS'}]",,,,PUV,Pièce avec volume,L,€/L,,,,,,,2024-06-05T23:59:59.999999999+01:00,PROSPECTUS,https://driveimg1.intermarche.com/pt/Content/images/boitmal/produit/zoom/76A231629DE82CF5F10FCCF7E56C7754.jpg,,,,1,16
50033,5601050037593,50033,5601050037593,1,300.0,99,Yopro,"Iogurte Liquido Pêssego Maragujá,  300g",,1.99,6.63,6.63,0.0,0,[],300,300,0,0,False,False,"[{'dateFin': '2024-05-29T23:59:59.999999999+01:00', 'categorie': 'PROSPECTUS'}]",,,,PUP,Pièce avec poids,kg,€/Kg,,,,,,,2024-05-29T23:59:59.999999999+01:00,PROSPECTUS,https://driveimg1.intermarche.com/pt/Content/images/boitmal/produit/zoom/8DF1B41264F620D281B0BA1662B0D3D8.jpg,,,,1,16
5032,5601028009164,5032,5601028009164,1,,99,Renova,Papel Higiénico Super Folha Dupla,Embalagem 48 Unidades,9.99,9.99,9.99,0.0,0,[],0,0,0,0,False,False,"[{'dateFin': '2024-05-29T23:59:59.999999999+01:00', 'categorie': 'PROSPECTUS'}]",,,0.0,PU,Pièce unitaire,,€/Unidade,,,,,,,2024-05-29T23:59:59.999999999+01:00,PROSPECTUS,https://driveimg1.intermarche.com/pt/Content/images/boitmal/produit/zoom/26358506FB9A81B1DC12E852897A29A6.jpg,,,,1,16
52326,8720181384776,52326,8720181384776,1,,99,Skip,Detergente Máquina Roupa Líquido Active Clean,56 Doses,9.99,9.99,9.99,0.0,0,"[{'idPicto': 3682, 'idCategorie': 52, 'libelleCategorie': 'Cabaz Compromisso', 'image': 'https://driveimg1.intermarche.com/pt/Ressources/images/publication/8175.png', 'infoBulle': ''}]",0,0,0,0,False,False,"[{'dateFin': '2024-05-29T23:59:59.999999999+01:00', 'categorie': 'PROSPECTUS'}]",,,0.0,PU,Pièce unitaire,,€/Unidade,,52.0,3682.0,https://driveimg1.intermarche.com/pt/Ressources/images/publication/8175.png,,Cabaz Compromisso,2024-05-29T23:59:59.999999999+01:00,PROSPECTUS,https://driveimg1.intermarche.com/pt/Content/images/boitmal/produit/zoom/FB959F644F3F5B9BCC6B250AF56B6E18.jpg,,,,1,16
52831,5411188139386,52831,5411188139386,1,750.0,99,Alpro,"Bebida Soja Alto Teor Proteína, 750 ml",,1.89,2.52,2.52,0.0,0,[],0,0,0,750,False,False,"[{'dateFin': '2024-05-29T23:59:59.999999999+01:00', 'categorie': 'PROSPECTUS'}]",,,,PUV,Pièce avec volume,L,€/L,,,,,,,2024-05-29T23:59:59.999999999+01:00,PROSPECTUS,https://driveimg1.intermarche.com/pt/Content/images/boitmal/produit/zoom/A3AC0E87F36C2A77696E57308C8094AC.jpg,,,,1,16
53281,5053990162734,53281,5053990162734,1,175.0,99,Pringles,"Aperitivos de Paprika, 175g",,2.29,13.09,13.09,0.0,0,[],175,175,0,0,False,False,"[{'dateFin': '2024-05-29T23:59:59.999999999+01:00', 'categorie': 'PROSPECTUS'}]",,,,PUP,Pièce avec poids,kg,€/Kg,,,,,,,2024-05-29T23:59:59.999999999+01:00,PROSPECTUS,https://driveimg1.intermarche.com/pt/Content/images/boitmal/produit/zoom/C0057FF36BD4F63586C66EB26D1B7D1F.jpg,,,,1,16
5788,5604260033447,5788,5604260033447,1,200.0,99,PorSi,Chouriço corrente,Embalagem de 200 g,1.19,5.95,5.95,0.0,0,[],200,200,0,0,False,False,"[{'dateFin': '2024-05-29T23:59:59.999999999+01:00', 'categorie': 'PROSPECTUS'}]",,,,PUP,Pièce avec poids,kg,€/Kg,,,,,,,2024-05-29T23:59:59.999999999+01:00,PROSPECTUS,https://driveimg1.intermarche.com/pt/Content/images/boitmal/produit/zoom/6D1F24C972CEA3CB10523A1E14CFE37E.jpg,,,,1,16
5928,5604260256921,5928,5604260256921,1,2000.0,99,PorSi,"Lava Tudo Perfumado Montanha, 2 l",,0.89,0.45,0.45,0.0,0,[],0,0,0,2000,False,False,"[{'dateFin': '2024-05-29T23:59:59.999999999+01:00', 'categorie': 'PROSPECTUS'}]",,,,PUV,Pièce avec volume,L,€/L,,,,,,,2024-05-29T23:59:59.999999999+01:00,PROSPECTUS,https://driveimg1.intermarche.com/pt/Content/images/boitmal/produit/zoom/F0ECBCCAC8A5525ED7CCE8AC570498A6.jpg,,,,1,16
6717,8693495032964,6717,8693495032964,1,90.0,99,Palmolive,Sabonete de glicerina hidratante,Embalagem de 90 g,0.74,8.22,8.22,0.0,0,[],90,90,0,0,False,False,"[{'dateFin': '2024-06-05T23:59:59.999999999+01:00', 'categorie': 'PROSPECTUS'}]",,,,PUP,Pièce avec poids,kg,€/Kg,,,,,,,2024-06-05T23:59:59.999999999+01:00,PROSPECTUS,https://driveimg1.intermarche.com/pt/Content/images/boitmal/produit/zoom/B96C1E8B20B968B298B1880EBD9D79B2.jpg,,,,1,16
7827,8006540876039,7827,8006540876039,1,385.0,99,Pantene,Champô Classic,Embalagem de 385 ml,3.89,10.1,10.1,0.0,0,[],0,0,0,385,False,False,"[{'dateFin': '2024-06-05T23:59:59.999999999+01:00', 'categorie': 'PROSPECTUS'}]",,,,PUV,Pièce avec volume,L,€/L,,,,,,,2024-06-05T23:59:59.999999999+01:00,PROSPECTUS,https://driveimg1.intermarche.com/pt/Content/images/boitmal/produit/zoom/098EB270BD10DFDDE6327DD100D78985.jpg,,,,1,16
8068,5011417544679,8068,5011417544679,1,400.0,99,Finish,Abrilhantador p/ máquina de lavar loiça,Garrafa de 400 ml,4.99,12.48,12.48,0.0,0,[],0,0,0,400,False,False,"[{'dateFin': '2024-05-29T23:59:59.999999999+01:00', 'categorie': 'PROSPECTUS'}]",,,,PUV,Pièce avec volume,L,€/L,,,,,,,2024-05-29T23:59:59.999999999+01:00,PROSPECTUS,https://driveimg1.intermarche.com/pt/Content/images/boitmal/produit/zoom/5D045CC65EE222532216DB5B0BF2A582.jpg,,,,1,16
8391,5601049159992,8391,5601049159992,1,1000.0,99,Mimosa,Leite especial cálcio + vitamina d magro,Garrafa de 1 l,0.98,0.98,0.98,0.0,0,[],0,0,0,1000,False,False,"[{'dateFin': '2024-05-29T23:59:59.999999999+01:00', 'categorie': 'PROSPECTUS'}]",,,,PUV,Pièce avec volume,L,€/L,,,,,,,2024-05-29T23:59:59.999999999+01:00,PROSPECTUS,https://driveimg1.intermarche.com/pt/Content/images/boitmal/produit/zoom/9A4AD44FB60B5A45579B826AAB547587.jpg,,,,1,16
8752,5601217102065,8752,5601217102065,1,1000.0,99,Finish,Sal p/ máquina de lavar loiça,Embalagem de 1 kg,1.95,1.95,1.95,0.0,0,[],1000,1000,0,0,False,False,"[{'dateFin': '2024-05-29T23:59:59.999999999+01:00', 'categorie': 'PROSPECTUS'}]",,,,PUP,Pièce avec poids,kg,€/Kg,,,,,,,2024-05-29T23:59:59.999999999+01:00,PROSPECTUS,https://driveimg1.intermarche.com/pt/Content/images/boitmal/produit/zoom/8EBDC7AE1197593D3539E53F449D6E79.jpg,,,,1,16
8894,5601331001022,8894,5601331001022,1,60.0,99,Couto,Pasta dentífrica,Embalagem de 60 ml,2.39,39.83,39.83,0.0,0,[],0,0,0,60,False,False,"[{'dateFin': '2024-06-05T23:59:59.999999999+01:00', 'categorie': 'PROSPECTUS'}]",,,,PUV,Pièce avec volume,L,€/L,,,,,,,2024-06-05T23:59:59.999999999+01:00,PROSPECTUS,https://driveimg1.intermarche.com/pt/Content/images/boitmal/produit/zoom/200B1D3760C757B4411DE6735974CA4F.jpg,,,,1,16
10116,8410104702601,10116,8410104702601,1,,99,Finish,Limpa Máquina Loiça Regular,,3.99,3.99,3.99,0.0,0,[],0,0,0,0,False,False,"[{'dateFin': '2024-05-29T23:59:59.999999999+01:00', 'categorie': 'PROSPECTUS'}]",,,0.0,PU,Pièce unitaire,,€/Unidade,,,,,,,2024-05-29T23:59:59.999999999+01:00,PROSPECTUS,https://driveimg1.intermarche.com/pt/Content/images/boitmal/produit/zoom/48C07A9F37A8CDCBE24415AE46D3B576.jpg,,,,1,16
10401,8411660350107,10401,8411660350107,1,650.0,99,Lactovit,"Gel banho, nutritivo",Embalagem de 650 ml,4.34,6.68,6.68,0.0,0,[],0,0,0,650,False,False,"[{'dateFin': '2024-06-05T23:59:59.999999999+01:00', 'categorie': 'PROSPECTUS'}]",,,,PUV,Pièce avec volume,L,€/L,,,,,,,2024-06-05T23:59:59.999999999+01:00,PROSPECTUS,https://driveimg1.intermarche.com/pt/Content/images/boitmal/produit/zoom/915B0F357EAA142ED52FF60AE6A8AD48.jpg,,,,1,16
10666,8714789700472,10666,8714789700472,1,360.0,99,Palmolive,Sabonete leite & mel,Embalagem de 4x90 g,3.35,9.31,9.31,0.0,0,[],360,360,0,0,False,False,"[{'dateFin': '2024-06-05T23:59:59.999999999+01:00', 'categorie': 'PROSPECTUS'}]",,,,PUP,Pièce avec poids,kg,€/Kg,,,,,,,2024-06-05T23:59:59.999999999+01:00,PROSPECTUS,https://driveimg1.intermarche.com/pt/Content/images/boitmal/produit/zoom/07F2091900083D55D3DC5915985B2335.jpg,,,,1,16
10668,8714789703015,10668,8714789703015,1,360.0,99,Palmolive,Sabonete original,Embalagem de 4x90 g,3.35,9.31,9.31,0.0,0,[],360,360,0,0,False,False,"[{'dateFin': '2024-06-05T23:59:59.999999999+01:00', 'categorie': 'PROSPECTUS'}]",,,,PUP,Pièce avec poids,kg,€/Kg,,,,,,,2024-06-05T23:59:59.999999999+01:00,PROSPECTUS,https://driveimg1.intermarche.com/pt/Content/images/boitmal/produit/zoom/2BF63600D8781CE97B36FF89ED4BF41B.jpg,,,,1,16
11471,5601029004076,11471,5601029004076,1,120.0,99,Bom Petisco,Atum posta ao natural,Embalagem de 120 g,1.29,10.75,10.75,0.0,0,[],120,120,0,0,False,False,"[{'dateFin': '2024-05-29T23:59:59.999999999+01:00', 'categorie': 'PROSPECTUS'}]",,,,PUP,Pièce avec poids,kg,€/Kg,,,,,,,2024-05-29T23:59:59.999999999+01:00,PROSPECTUS,https://driveimg1.intermarche.com/pt/Content/images/boitmal/produit/zoom/3740C19A3967CA1D1D99F6625E0A4BA4.jpg,,,,1,16
11685,5601244202042,11685,5601244202042,1,150.0,99,Terra Nostra,"Queijo flamengo, ralado",Embalagem de 150g,1.49,9.93,9.93,0.0,0,[],150,150,0,0,False,False,"[{'dateFin': '2024-05-29T23:59:59.999999999+01:00', 'categorie': 'PROSPECTUS'}]",,,,PUP,Pièce avec poids,kg,€/Kg,,,,,,,2024-05-29T23:59:59.999999999+01:00,PROSPECTUS,https://driveimg1.intermarche.com/pt/Content/images/boitmal/produit/zoom/D57397560EC0A59BBB96B5304E9DEE30.jpg,,,,1,16
1187,5601119007963,1187,5601119007963,1,120.0,99,Nobre,6 Salsichas de porco,Lata de 120g,1.19,9.92,9.92,0.0,0,[],120,120,0,0,False,False,"[{'dateFin': '2024-05-29T23:59:59.999999999+01:00', 'categorie': 'PROSPECTUS'}]",,,,PUP,Pièce avec poids,kg,€/Kg,,,,,,,2024-05-29T23:59:59.999999999+01:00,PROSPECTUS,https://driveimg1.intermarche.com/pt/Content/images/boitmal/produit/zoom/120DC1535B1AFA150D13CE3A5CE70137.jpg,,,,2,16
1189,5601119007987,1189,5601119007987,1,250.0,99,Nobre,Salsichas de porco,Lata de 250g,1.79,7.16,7.16,0.0,0,[],250,250,0,0,False,False,"[{'dateFin': '2024-05-29T23:59:59.999999999+01:00', 'categorie': 'PROSPECTUS'}]",,,,PUP,Pièce avec poids,kg,€/Kg,,,,,,,2024-05-29T23:59:59.999999999+01:00,PROSPECTUS,https://driveimg1.intermarche.com/pt/Content/images/boitmal/produit/zoom/098AB25EB23B66D623E253A97FD15BDF.jpg,,,,2,16
11974,5603722508752,11974,5603722508752,1,200.0,99,Castelões,Queijo em fatias original,Embalagem de 200g,2.09,10.45,10.45,0.0,0,[],200,200,0,0,False,False,"[{'dateFin': '2024-05-29T23:59:59.999999999+01:00', 'categorie': 'PROSPECTUS'}]",,,,PUP,Pièce avec poids,kg,€/Kg,,,,,,,2024-05-29T23:59:59.999999999+01:00,PROSPECTUS,https://driveimg1.intermarche.com/pt/Content/images/boitmal/produit/zoom/9FEB09D8F116F09205434B0A49717030.jpg,,,,2,16
1287,5601151260753,1287,5601151260753,1,410.0,99,Compal,Grão de bico,Lata de 410 ml,0.99,2.41,2.41,0.0,0,[],0,0,0,410,False,False,"[{'dateFin': '2024-05-29T23:59:59.999999999+01:00', 'categorie': 'PROSPECTUS'}]",,,,PUV,Pièce avec volume,L,€/L,,,,,,,2024-05-29T23:59:59.999999999+01:00,PROSPECTUS,https://driveimg1.intermarche.com/pt/Content/images/boitmal/produit/zoom/64A11988E77915EAC2B803C89620197A.jpg,,,,2,16
13175,2893160000000,13175,2893160000000,300,300.0,99,Marisco,Mexilhão Médio Fresco,Vendido ao peso,0.6,1.99,1.99,,0,[],300,300,0,0,True,False,"[{'dateFin': '2024-05-29T23:59:59.999999999+01:00', 'categorie': 'PROSPECTUS'}]",AQUIC.PORTUGAL,,,PVI,Poids variable à intervalle,,€/Kg,,,,,,,2024-05-29T23:59:59.999999999+01:00,PROSPECTUS,https://driveimg1.intermarche.com/pt/Content/images/boitmal/produit/zoom/1B99F057F8C4C1BA9A19D558FEEB76B4.jpg,,,,2,16
13595,2893590000000,13595,2893590000000,50,300.0,99,Peixaria,Pescada Pequena da Argentina Congelada,1 un= 1kg (aprox.),1.14,3.79,3.79,,0,"[{'idPicto': 3644, 'idCategorie': 7, 'libelleCategorie': 'Avantages !', 'image': 'https://driveimg1.intermarche.com/pt/Ressources/images/publication/8135.png', 'infoBulle': ''}]",300,300,0,0,True,False,"[{'dateFin': '2024-05-29T23:59:59.999999999+01:00', 'categorie': 'PROSPECTUS'}]",Z.C.: ATL.SUDESTE FAO47,CONG:03/,,PVI,Poids variable à intervalle,,€/Kg,,7.0,3644.0,https://driveimg1.intermarche.com/pt/Ressources/images/publication/8135.png,,Avantages !,2024-05-29T23:59:59.999999999+01:00,PROSPECTUS,https://driveimg1.intermarche.com/pt/Content/images/boitmal/produit/zoom/55D0840C54B4509E0B02B8F93D8A0E14.jpg,,,,2,16
13673,2893668000000,13673,2893668000000,100,100.0,99,Peixaria,Verdinhos,1 un= 100 gr (aprox.),0.2,1.99,1.99,,0,[],100,100,0,0,True,False,"[{'dateFin': '2024-05-29T23:59:59.999999999+01:00', 'categorie': 'PROSPECTUS'}]",Z.C.: OCEANO ATLANTICO NORDESTE,A.P.: RE,,PVI,Poids variable à intervalle,,€/Kg,,,,,,,2024-05-29T23:59:59.999999999+01:00,PROSPECTUS,https://driveimg1.intermarche.com/pt/Content/images/boitmal/produit/zoom/8FA032CD02DE442A2FE95E0D7EBC90D3.jpg,,,,2,16
1437,5601260046101,1437,5601260046101,1,1000.0,99,Saludães,Arroz Carolino,Embalagem de 1 kg,1.39,1.39,1.39,0.0,0,[],1000,1000,0,0,False,False,"[{'dateFin': '2024-05-29T23:59:59.999999999+01:00', 'categorie': 'PROSPECTUS'}]",,,,PUP,Pièce avec poids,kg,€/Kg,,,,,,,2024-05-29T23:59:59.999999999+01:00,PROSPECTUS,https://driveimg1.intermarche.com/pt/Content/images/boitmal/produit/zoom/1AF2CC85F100279586424D4415352EF6.jpg,,,,2,16
14510,5411188116592,14510,5411188116592,1,1000.0,99,Alpro,Bebida Vegetal Coco,Embalagem de 1L,1.99,1.99,1.99,0.0,0,[],0,0,0,1000,False,False,"[{'dateFin': '2024-05-29T23:59:59.999999999+01:00', 'categorie': 'PROSPECTUS'}]",,,,PUV,Pièce avec volume,L,€/L,,,,,,,2024-05-29T23:59:59.999999999+01:00,PROSPECTUS,https://driveimg1.intermarche.com/pt/Content/images/boitmal/produit/zoom/1987CA16F4DDFE322033D82C2A376E65.jpg,,,,2,16
1453,5601286207579,1453,5601286207579,1,500.0,99,Milaneza,Massa para lasanha com ovo,Embalagem de 500g,1.93,3.86,3.86,0.0,0,[],500,500,0,0,False,False,"[{'dateFin': '2024-05-29T23:59:59.999999999+01:00', 'categorie': 'PROSPECTUS'}]",,,,PUP,Pièce avec poids,kg,€/Kg,,,,,,,2024-05-29T23:59:59.999999999+01:00,PROSPECTUS,https://driveimg1.intermarche.com/pt/Content/images/boitmal/produit/zoom/C99977C7BDC0B6A99195DC697FD6F8DE.jpg,,,,2,16
1458,5601286220783,1458,5601286220783,1,500.0,99,Milaneza,Massa de cotovelos grossos,Embalagem de 500g,1.09,2.18,2.18,0.0,0,[],500,500,0,0,False,False,"[{'dateFin': '2024-05-29T23:59:59.999999999+01:00', 'categorie': 'PROSPECTUS'}]",,,,PUP,Pièce avec poids,kg,€/Kg,,,,,,,2024-05-29T23:59:59.999999999+01:00,PROSPECTUS,https://driveimg1.intermarche.com/pt/Content/images/boitmal/produit/zoom/3227F59B4850D93351548A67BD46CA40.jpg,,,,2,16
1461,5601286223784,1461,5601286223784,1,500.0,99,Milaneza,Massa de cotovelos grandes riscados,Embalagem de 500g,1.19,2.38,2.38,0.0,0,[],500,500,0,0,False,False,"[{'dateFin': '2024-05-29T23:59:59.999999999+01:00', 'categorie': 'PROSPECTUS'}]",,,,PUP,Pièce avec poids,kg,€/Kg,,,,,,,2024-05-29T23:59:59.999999999+01:00,PROSPECTUS,https://driveimg1.intermarche.com/pt/Content/images/boitmal/produit/zoom/BE1B03BCD6BCED25C712B88921B09E09.jpg,,,,2,16
1462,5601286231772,1462,5601286231772,1,250.0,99,Milaneza,"Massa, estrelinhas",Embalagem de 250g,0.63,2.52,2.52,0.0,0,[],250,250,0,0,False,False,"[{'dateFin': '2024-05-29T23:59:59.999999999+01:00', 'categorie': 'PROSPECTUS'}]",,,,PUP,Pièce avec poids,kg,€/Kg,,,,,,,2024-05-29T23:59:59.999999999+01:00,PROSPECTUS,https://driveimg1.intermarche.com/pt/Content/images/boitmal/produit/zoom/E2F1A211F7D24F0BF020FA7DF88C2F67.jpg,,,,2,16
14646,8410063064062,14646,8410063064062,1,1200.0,99,Pescanova,Barrinhas de  pescada panada,Embalagem de 1.2K,8.35,6.96,6.96,0.0,0,"[{'idPicto': 69, 'idCategorie': 28, 'libelleCategorie': 'Tipo de stockagem', 'image': 'https://driveimg1.intermarche.com/pt/Ressources/images/publication/8136.png', 'infoBulle': ''}]",1200,1200,0,0,False,False,"[{'dateFin': '2024-05-29T23:59:59.999999999+01:00', 'categorie': 'PROSPECTUS'}]",,,,PUP,Pièce avec poids,kg,€/Kg,,28.0,69.0,https://driveimg1.intermarche.com/pt/Ressources/images/publication/8136.png,,Tipo de stockagem,2024-05-29T23:59:59.999999999+01:00,PROSPECTUS,https://driveimg1.intermarche.com/pt/Content/images/boitmal/produit/zoom/2ACC571D7129B78D73C116CA06B754D5.jpg,,,,2,16
14653,5601119225442,14653,5601119225442,1,110.0,99,Nobre,Fiambre da perna extra fatias finas cuida-t+,Embalagem de 110g,2.39,21.73,21.73,0.0,0,[],110,110,0,0,False,False,"[{'dateFin': '2024-05-29T23:59:59.999999999+01:00', 'categorie': 'PROSPECTUS'}]",,,,PUP,Pièce avec poids,kg,€/Kg,,,,,,,2024-05-29T23:59:59.999999999+01:00,PROSPECTUS,https://driveimg1.intermarche.com/pt/Content/images/boitmal/produit/zoom/D5E0C522AAF17703A5791C561676C67A.jpg,,,,2,16
1466,5601286235770,1466,5601286235770,1,250.0,99,Milaneza,Massa cuscus,Embalagem de 250g,0.63,2.52,2.52,0.0,0,[],250,250,0,0,False,False,"[{'dateFin': '2024-05-29T23:59:59.999999999+01:00', 'categorie': 'PROSPECTUS'}]",,,,PUP,Pièce avec poids,kg,€/Kg,,,,,,,2024-05-29T23:59:59.999999999+01:00,PROSPECTUS,https://driveimg1.intermarche.com/pt/Content/images/boitmal/produit/zoom/C88D2492C00ABAD0495ACF6CE8960CC4.jpg,,,,2,16
1469,5601286251787,1469,5601286251787,1,500.0,99,Milaneza,Massa de macarrão,Embalagem de 500g,1.04,2.08,2.08,0.0,0,[],500,500,0,0,False,False,"[{'dateFin': '2024-05-29T23:59:59.999999999+01:00', 'categorie': 'PROSPECTUS'}]",,,,PUP,Pièce avec poids,kg,€/Kg,,,,,,,2024-05-29T23:59:59.999999999+01:00,PROSPECTUS,https://driveimg1.intermarche.com/pt/Content/images/boitmal/produit/zoom/23F94F5EC15597A4AB9A1FC4C5526842.jpg,,,,2,16
15010,2892545000000,15010,2892545000000,1000,1000.0,99,Programa Origens,Couve Flor,1 un = 1 kg (aprox.),1.79,1.79,1.79,,0,[],1000,1000,0,0,True,False,"[{'dateFin': '2024-05-29T23:59:59.999999999+01:00', 'categorie': 'PROSPECTUS'}]",ORIGEM: PORTUGAL,CAT.II,,PVI,Poids variable à intervalle,,€/Kg,,,,,,,2024-05-29T23:59:59.999999999+01:00,PROSPECTUS,https://driveimg1.intermarche.com/pt/Content/images/boitmal/produit/zoom/73DF9B2986748054B9303F926F23B964.jpg,,,,2,16
15063,2892272000000,15063,2892272000000,250,250.0,99,Fruta,Nêspera,1 un = 250 gr  (aprox.),0.87,3.49,3.49,,0,[],250,250,0,0,True,False,"[{'dateFin': '2024-05-29T23:59:59.999999999+01:00', 'categorie': 'PROSPECTUS'}]",ORIGEM: ESPANHA,CAT: II,,PVI,Poids variable à intervalle,,€/Kg,,,,,,,2024-05-29T23:59:59.999999999+01:00,PROSPECTUS,https://driveimg1.intermarche.com/pt/Content/images/boitmal/produit/zoom/271B42FC0A8E9E652C409A06855364A7.jpg,,,,2,16
15463,8410436165648,15463,8410436165648,1,200.0,99,Gliss,Spray Condicionador Express Oil Nutrition,Embalagem de 200ml,3.79,18.95,18.95,0.0,0,[],0,0,0,200,False,False,"[{'dateFin': '2024-06-05T23:59:59.999999999+01:00', 'categorie': 'PROSPECTUS'}]",,,,PUV,Pièce avec volume,L,€/L,,,,,,,2024-06-05T23:59:59.999999999+01:00,PROSPECTUS,https://driveimg1.intermarche.com/pt/Content/images/boitmal/produit/zoom/C6055C979D66BD98C2995366630D7C78.jpg,,,,2,16
15797,7613034750419,15797,7613034750419,1,220.0,99,Buondi,Café moagem normal: intenso,Embalagem de 220g,3.14,14.27,14.27,0.0,0,[],220,220,0,0,False,False,"[{'dateFin': '2024-05-29T23:59:59.999999999+01:00', 'categorie': 'PROSPECTUS'}]",,,,PUP,Pièce avec poids,kg,€/Kg,,,,,,,2024-05-29T23:59:59.999999999+01:00,PROSPECTUS,https://driveimg1.intermarche.com/pt/Content/images/boitmal/produit/zoom/9C13C80E504CB58316C5B56E2336173D.jpg,,,,2,16
1611,5601736901293,1611,5601736901293,1,250.0,99,Mar Ibérica,Cubos de tamboril,Embalagem de 250 g,3.39,13.56,13.56,0.0,0,"[{'idPicto': 69, 'idCategorie': 28, 'libelleCategorie': 'Tipo de stockagem', 'image': 'https://driveimg1.intermarche.com/pt/Ressources/images/publication/8136.png', 'infoBulle': ''}]",250,250,0,0,False,False,"[{'dateFin': '2024-05-29T23:59:59.999999999+01:00', 'categorie': 'PROSPECTUS'}]",,,,PUP,Pièce avec poids,kg,€/Kg,,28.0,69.0,https://driveimg1.intermarche.com/pt/Ressources/images/publication/8136.png,,Tipo de stockagem,2024-05-29T23:59:59.999999999+01:00,PROSPECTUS,https://driveimg1.intermarche.com/pt/Content/images/boitmal/produit/zoom/ADE0A7308AF4F0968546D8E688F24A02.jpg,,,,2,16
16229,8712561587495,16229,8712561587495,1,4000.0,99,Comfort,"Amaciador de roupa, pure",Garrafa de 4 l,4.99,1.25,1.25,0.0,0,"[{'idPicto': 3682, 'idCategorie': 52, 'libelleCategorie': 'Cabaz Compromisso', 'image': 'https://driveimg1.intermarche.com/pt/Ressources/images/publication/8175.png', 'infoBulle': ''}]",0,0,0,4000,False,False,"[{'dateFin': '2024-05-29T23:59:59.999999999+01:00', 'categorie': 'PROSPECTUS'}]",,,,PUV,Pièce avec volume,L,€/L,,52.0,3682.0,https://driveimg1.intermarche.com/pt/Ressources/images/publication/8175.png,,Cabaz Compromisso,2024-05-29T23:59:59.999999999+01:00,PROSPECTUS,https://driveimg1.intermarche.com/pt/Content/images/boitmal/produit/zoom/AAE7E7461FE5C9CAA68CFDC37842673D.jpg,,,,2,16
16283,4005900100962,16283,4005900100962,1,,99,Nivea,Demaquilhante Dupla Ação,1 embalagem de 125g,3.74,3.74,3.74,0.0,0,[],0,0,0,0,False,False,"[{'dateFin': '2024-06-05T23:59:59.999999999+01:00', 'categorie': 'PROSPECTUS'}]",,,0.0,PU,Pièce unitaire,,€/Unidade,,,,,,,2024-06-05T23:59:59.999999999+01:00,PROSPECTUS,https://driveimg1.intermarche.com/pt/Content/images/boitmal/produit/zoom/1357091F139443F547C90D6EF3ECDE9D.jpg,,,,2,16
16675,8431890051971,16675,8431890051971,1,,99,Polident,Pastilhas de Limpeza Dentífrica Branqueadora,Embalagem com 30 unidades ,3.2,3.2,3.2,0.0,0,[],0,0,0,0,False,False,"[{'dateFin': '2024-06-05T23:59:59.999999999+01:00', 'categorie': 'PROSPECTUS'}]",,,0.0,PU,Pièce unitaire,,€/Unidade,,,,,,,2024-06-05T23:59:59.999999999+01:00,PROSPECTUS,https://driveimg1.intermarche.com/pt/Content/images/boitmal/produit/zoom/69DA46EF46373C26ED87E6C0E591CFB0.jpg,,,,2,16
16962,5601029004113,16962,5601029004113,1,390.0,99,Bom Petisco,Atum posta em azeite,Embalagem de 390g,5.66,14.51,14.51,0.0,0,[],390,390,0,0,False,False,"[{'dateFin': '2024-05-29T23:59:59.999999999+01:00', 'categorie': 'PROSPECTUS'}]",,,,PUP,Pièce avec poids,kg,€/Kg,,,,,,,2024-05-29T23:59:59.999999999+01:00,PROSPECTUS,https://driveimg1.intermarche.com/pt/Content/images/boitmal/produit/zoom/1B91710086B8F360AE5F50CD51D75118.jpg,,,,2,16
17114,5000116110148,17114,5000116110148,1,320.0,99,Capitão Iglo,4 hamburguers vaca s/ glúten,Embalagem de 320g,3.99,12.47,12.47,0.0,0,"[{'idPicto': 69, 'idCategorie': 28, 'libelleCategorie': 'Tipo de stockagem', 'image': 'https://driveimg1.intermarche.com/pt/Ressources/images/publication/8136.png', 'infoBulle': ''}]",320,320,0,0,False,False,"[{'dateFin': '2024-05-29T23:59:59.999999999+01:00', 'categorie': 'PROSPECTUS'}]",,,,PUP,Pièce avec poids,kg,€/Kg,,28.0,69.0,https://driveimg1.intermarche.com/pt/Ressources/images/publication/8136.png,,Tipo de stockagem,2024-05-29T23:59:59.999999999+01:00,PROSPECTUS,https://driveimg1.intermarche.com/pt/Content/images/boitmal/produit/zoom/8E7F8CBEF475C7DF0459EA1D70B35576.jpg,,,,2,16
17419,5601119243781,17419,5601119243781,1,110.0,99,Nobre,Peito de frango fatias finas,Embalagem de 110g,2.39,21.73,21.73,0.0,0,[],110,110,0,0,False,False,"[{'dateFin': '2024-05-29T23:59:59.999999999+01:00', 'categorie': 'PROSPECTUS'}]",,,,PUP,Pièce avec poids,kg,€/Kg,,,,,,,2024-05-29T23:59:59.999999999+01:00,PROSPECTUS,https://driveimg1.intermarche.com/pt/Content/images/boitmal/produit/zoom/4072E19884EA23783C2756624F40B76A.jpg,,,,2,16
17595,5411188115366,17595,5411188115366,1,1000.0,99,Alpro,Bebida Vegetal Aveia,Embalagem de 1 litro,1.99,1.99,1.99,0.0,0,[],0,0,0,1000,False,False,"[{'dateFin': '2024-05-29T23:59:59.999999999+01:00', 'categorie': 'PROSPECTUS'}]",,,,PUV,Pièce avec volume,L,€/L,,,,,,,2024-05-29T23:59:59.999999999+01:00,PROSPECTUS,https://driveimg1.intermarche.com/pt/Content/images/boitmal/produit/zoom/022F75688FDF46C20D85292C59BA5F61.jpg,,,,2,16
17665,8712100745591,17665,8712100745591,1,753.0,99,Calvé,Maionese XXL,Embalagem de 753 g,3.69,4.9,4.9,0.0,0,[],753,753,0,0,False,False,"[{'dateFin': '2024-05-29T23:59:59.999999999+01:00', 'categorie': 'PROSPECTUS'}]",,,,PUP,Pièce avec poids,kg,€/Kg,,,,,,,2024-05-29T23:59:59.999999999+01:00,PROSPECTUS,https://driveimg1.intermarche.com/pt/Content/images/boitmal/produit/zoom/69DD5C01FA6303DE3BD821864A539AC3.jpg,,,,2,16
17818,4005900262073,17818,4005900262073,1,15.0,99,Nivea,Creme Contorno Olhos Q10,Embalagem de 15 ml,9.74,649.33,649.33,0.0,0,[],0,0,0,15,False,False,"[{'dateFin': '2024-06-05T23:59:59.999999999+01:00', 'categorie': 'PROSPECTUS'}]",,,,PUV,Pièce avec volume,L,€/L,,,,,,,2024-06-05T23:59:59.999999999+01:00,PROSPECTUS,https://driveimg1.intermarche.com/pt/Content/images/boitmal/produit/zoom/A370FC5B61107E4F304E5E6B7AA85865.jpg,,,,2,16
18024,2696283000000,18024,2696283000000,1,250.0,99,Pastelaria,"Baguete Constance Cereais, 250 g",,0.99,3.96,3.96,,0,[],250,250,0,0,True,False,"[{'dateFin': '2024-05-29T23:59:59.999999999+01:00', 'categorie': 'PROSPECTUS'}]",-,,,PUP,Pièce avec poids,kg,€/Kg,,,,,,,2024-05-29T23:59:59.999999999+01:00,PROSPECTUS,https://driveimg1.intermarche.com/pt/Content/images/boitmal/produit/zoom/685E2D57DF9ABD650B27DD54077FB84E.jpg,,,,2,16
18139,8712100323140,18139,8712100323140,1,650.0,99,Olá,Gelado viennetta morango,Embalagem de 650 ml,2.59,3.98,3.98,0.0,0,"[{'idPicto': 69, 'idCategorie': 28, 'libelleCategorie': 'Tipo de stockagem', 'image': 'https://driveimg1.intermarche.com/pt/Ressources/images/publication/8136.png', 'infoBulle': ''}]",0,0,0,650,False,False,"[{'dateFin': '2024-05-29T23:59:59.999999999+01:00', 'categorie': 'PROSPECTUS'}]",,,,PUV,Pièce avec volume,L,€/L,,28.0,69.0,https://driveimg1.intermarche.com/pt/Ressources/images/publication/8136.png,,Tipo de stockagem,2024-05-29T23:59:59.999999999+01:00,PROSPECTUS,https://driveimg1.intermarche.com/pt/Content/images/boitmal/produit/zoom/11CA9DAD34E257210E9E141CF573C3C1.jpg,,,,2,16
19517,8410436212045,19517,8410436212045,1,100.0,99,Sonasol,Bloco Sanitário Sólido Poder Activo Pinho,Embalagem de 2x50 g,2.99,29.9,29.9,0.0,0,[],100,100,0,0,False,False,"[{'dateFin': '2024-05-29T23:59:59.999999999+01:00', 'categorie': 'PROSPECTUS'}]",,,,PUP,Pièce avec poids,kg,€/Kg,,,,,,,2024-05-29T23:59:59.999999999+01:00,PROSPECTUS,https://driveimg1.intermarche.com/pt/Content/images/boitmal/produit/zoom/B4916DFCD2D0AA985B144B5382CBE6AB.jpg,,,,2,16
20537,4005900118431,20537,4005900118431,1,200.0,99,Nivea Sun,Protetor Solar Spray para Criança Pure & Sensitive FP50+,Embalagem de 200 ml,11.69,58.45,58.45,0.0,0,[],0,0,0,200,False,False,"[{'dateFin': '2024-06-05T23:59:59.999999999+01:00', 'categorie': 'PROSPECTUS'}]",,,,PUV,Pièce avec volume,L,€/L,,,,,,,2024-06-05T23:59:59.999999999+01:00,PROSPECTUS,https://driveimg1.intermarche.com/pt/Content/images/boitmal/produit/zoom/3C78506952BC0D3E5AD2978AA82ABB0A.jpg,,,,2,16
20591,4005900288479,20591,4005900288479,1,50.0,99,Nivea,Creme de Rosto Antirrugas Q10 Plus SPF30,Embalagem de 50 ml,10.94,218.8,218.8,0.0,0,[],0,0,0,50,False,False,"[{'dateFin': '2024-06-05T23:59:59.999999999+01:00', 'categorie': 'PROSPECTUS'}]",,,,PUV,Pièce avec volume,L,€/L,,,,,,,2024-06-05T23:59:59.999999999+01:00,PROSPECTUS,https://driveimg1.intermarche.com/pt/Content/images/boitmal/produit/zoom/8BC2CBB3B1C31D5C37FF9D0947BE2CC5.jpg,,,,2,16
21745,7613035659728,21745,7613035659728,1,250.0,99,Cerelac,Papa infantil não láctea multicereais +6 meses,Embalagem de 250g,1.94,7.76,7.76,0.0,0,[],250,250,0,0,False,False,"[{'dateFin': '2024-05-29T23:59:59.999999999+01:00', 'categorie': 'PROSPECTUS'}]",,,,PUP,Pièce avec poids,kg,€/Kg,,,,,,,2024-05-29T23:59:59.999999999+01:00,PROSPECTUS,https://driveimg1.intermarche.com/pt/Content/images/boitmal/produit/zoom/4956638636F5ECFB6DD3614737E9527C.jpg,,,,2,16
21749,7613035766532,21749,7613035766532,1,250.0,99,Nestum,Nestum chocolate,Embalagem de 250g,2.16,8.64,8.64,0.0,0,[],250,250,0,0,False,False,"[{'dateFin': '2024-05-29T23:59:59.999999999+01:00', 'categorie': 'PROSPECTUS'}]",,,,PUP,Pièce avec poids,kg,€/Kg,,,,,,,2024-05-29T23:59:59.999999999+01:00,PROSPECTUS,https://driveimg1.intermarche.com/pt/Content/images/boitmal/produit/zoom/2985CAADA6D151AC0E20062A22E70429.jpg,,,,2,16
21766,7613035487840,21766,7613035487840,1,90.0,99,Nestlé,Fruta para bebé banana laranja bolacha +6 meses,Embalagem de 90g,0.72,8.0,8.0,0.0,0,[],90,90,0,0,False,False,"[{'dateFin': '2024-05-29T23:59:59.999999999+01:00', 'categorie': 'PROSPECTUS'}]",,,,PUP,Pièce avec poids,kg,€/Kg,,,,,,,2024-05-29T23:59:59.999999999+01:00,PROSPECTUS,https://driveimg1.intermarche.com/pt/Content/images/boitmal/produit/zoom/97B5DC278815B47BCD7E38EEC0455DC8.jpg,,,,2,16
23353,5000116112197,23353,5000116112197,1,375.0,99,Capitão Iglo,18 nuggets de frango,Embalagem de 380g,4.99,13.31,13.31,0.0,0,"[{'idPicto': 69, 'idCategorie': 28, 'libelleCategorie': 'Tipo de stockagem', 'image': 'https://driveimg1.intermarche.com/pt/Ressources/images/publication/8136.png', 'infoBulle': ''}]",375,375,0,0,False,False,"[{'dateFin': '2024-05-29T23:59:59.999999999+01:00', 'categorie': 'PROSPECTUS'}]",,,,PUP,Pièce avec poids,kg,€/Kg,,28.0,69.0,https://driveimg1.intermarche.com/pt/Ressources/images/publication/8136.png,,Tipo de stockagem,2024-05-29T23:59:59.999999999+01:00,PROSPECTUS,https://driveimg1.intermarche.com/pt/Content/images/boitmal/produit/zoom/9D484954D4D236D651A8F338A7717B74.jpg,,,,2,16
23469,8410500020453,23469,8410500020453,1,280.0,99,Danonino Danone,"Danonino para levar, polpa de morango,  4 x 70 g",,2.09,7.46,7.46,0.0,0,[],280,280,0,0,False,False,"[{'dateFin': '2024-05-29T23:59:59.999999999+01:00', 'categorie': 'PROSPECTUS'}]",,,,PUP,Pièce avec poids,kg,€/Kg,,,,,,,2024-05-29T23:59:59.999999999+01:00,PROSPECTUS,https://driveimg1.intermarche.com/pt/Content/images/boitmal/produit/zoom/BCB8B07B4A9632B9CA3C8436CD26979D.jpg,,,,2,16
24368,5601050033021,24368,5601050033021,1,620.0,99,Danone,"Iogurte líquido corpos danone,  4 x 155 g",,1.69,2.73,2.73,0.0,0,[],620,620,0,0,False,False,"[{'dateFin': '2024-05-29T23:59:59.999999999+01:00', 'categorie': 'PROSPECTUS'}]",,,,PUP,Pièce avec poids,kg,€/Kg,,,,,,,2024-05-29T23:59:59.999999999+01:00,PROSPECTUS,https://driveimg1.intermarche.com/pt/Content/images/boitmal/produit/zoom/5B929BA979DAF1031F335D50613B8384.jpg,,,,2,16
24371,5601050033014,24371,5601050033014,1,620.0,99,Danone,"Iogurte líquido pinacolada corpos danone,  4 x 155 g",,1.69,2.73,2.73,0.0,0,[],620,620,0,0,False,False,"[{'dateFin': '2024-05-29T23:59:59.999999999+01:00', 'categorie': 'PROSPECTUS'}]",,,,PUP,Pièce avec poids,kg,€/Kg,,,,,,,2024-05-29T23:59:59.999999999+01:00,PROSPECTUS,https://driveimg1.intermarche.com/pt/Content/images/boitmal/produit/zoom/BA062C78232ADE921CB0D8917CC39423.jpg,,,,2,16
24579,3600541946309,24579,3600541946309,1,400.0,99,Fructis,Champô força e brilho,Embalagem com 400 ml,3.89,9.73,9.73,0.0,0,[],0,0,0,400,False,False,"[{'dateFin': '2024-06-05T23:59:59.999999999+01:00', 'categorie': 'PROSPECTUS'}]",,,,PUV,Pièce avec volume,L,€/L,,,,,,,2024-06-05T23:59:59.999999999+01:00,PROSPECTUS,https://driveimg1.intermarche.com/pt/Content/images/boitmal/produit/zoom/889DD4760AF67C7030DF4A37769866C1.jpg,,,,2,16
24583,3600541946262,24583,3600541946262,1,400.0,99,Fructis,Champô hidra caracóis,Embalagem de 400 ml,3.89,9.73,9.73,0.0,0,[],0,0,0,400,False,False,"[{'dateFin': '2024-06-05T23:59:59.999999999+01:00', 'categorie': 'PROSPECTUS'}]",,,,PUV,Pièce avec volume,L,€/L,,,,,,,2024-06-05T23:59:59.999999999+01:00,PROSPECTUS,https://driveimg1.intermarche.com/pt/Content/images/boitmal/produit/zoom/23FB1A9BD2556C983C108B149D937211.jpg,,,,2,16
24586,3600541946293,24586,3600541946293,1,400.0,99,Ultra Suave,Condicionador abacate,Embalagem de 400 ml,3.79,9.48,9.48,0.0,0,[],0,0,0,400,False,False,"[{'dateFin': '2024-06-05T23:59:59.999999999+01:00', 'categorie': 'PROSPECTUS'}]",,,,PUV,Pièce avec volume,L,€/L,,,,,,,2024-06-05T23:59:59.999999999+01:00,PROSPECTUS,https://driveimg1.intermarche.com/pt/Content/images/boitmal/produit/zoom/C5EB58C1545FD8E4BAD494C97A04FE68.jpg,,,,2,16
2466,7613032142599,2466,7613032142599,1,500.0,99,Cerelac,Farinha láctea cerelac,Embalagem de 500g,3.74,7.48,7.48,0.0,0,[],500,500,0,0,False,False,"[{'dateFin': '2024-05-29T23:59:59.999999999+01:00', 'categorie': 'PROSPECTUS'}]",,,,PUP,Pièce avec poids,kg,€/Kg,,,,,,,2024-05-29T23:59:59.999999999+01:00,PROSPECTUS,https://driveimg1.intermarche.com/pt/Content/images/boitmal/produit/zoom/FAE48F9FC8C51C77AD6C82F23613A30C.jpg,,,,2,16
25329,3600523493654,25329,3600523493654,1,400.0,99,Elvive,Champô Óleo Extraordinário Coco,Embalagem de 400 ml,3.65,9.13,9.13,0.0,0,[],0,0,0,400,False,False,"[{'dateFin': '2024-06-05T23:59:59.999999999+01:00', 'categorie': 'PROSPECTUS'}]",,,,PUV,Pièce avec volume,L,€/L,,,,,,,2024-06-05T23:59:59.999999999+01:00,PROSPECTUS,https://driveimg1.intermarche.com/pt/Content/images/boitmal/produit/zoom/86FC06DD0D7EE3332EF69255626438B0.jpg,,,,2,16
25338,3600542075350,25338,3600542075350,1,400.0,99,Ultra Suave,Condicionador Leite de Coco e Macadâmia,Embalagem de 400 ml,3.79,9.48,9.48,0.0,0,[],0,0,0,400,False,False,"[{'dateFin': '2024-06-05T23:59:59.999999999+01:00', 'categorie': 'PROSPECTUS'}]",,,,PUV,Pièce avec volume,L,€/L,,,,,,,2024-06-05T23:59:59.999999999+01:00,PROSPECTUS,https://driveimg1.intermarche.com/pt/Content/images/boitmal/produit/zoom/5E8E5BE7843BC84D401EC87981F1391B.jpg,,,,2,16
25400,5601286260390,25400,5601286260390,1,250.0,99,Milaneza,"Massa noodles wok, 250g",,1.39,5.56,5.56,0.0,0,[],250,250,0,0,False,False,"[{'dateFin': '2024-05-29T23:59:59.999999999+01:00', 'categorie': 'PROSPECTUS'}]",,,,PUP,Pièce avec poids,kg,€/Kg,,,,,,,2024-05-29T23:59:59.999999999+01:00,PROSPECTUS,https://driveimg1.intermarche.com/pt/Content/images/boitmal/produit/zoom/B48858958F5BC638FD91C0CA5AC8E45C.jpg,,,,2,16
25404,8410175059611,25404,8410175059611,1,100.0,99,Hero Baby,Pacote maçã e banana,Embalagem de 100g,0.74,7.4,7.4,0.0,0,[],100,100,0,0,False,False,"[{'dateFin': '2024-05-29T23:59:59.999999999+01:00', 'categorie': 'PROSPECTUS'}]",,,,PUP,Pièce avec poids,kg,€/Kg,,,,,,,2024-05-29T23:59:59.999999999+01:00,PROSPECTUS,https://driveimg1.intermarche.com/pt/Content/images/boitmal/produit/zoom/281BF99F56F43798BEA003F83F84C96C.jpg,,,,2,16
25433,8410175059635,25433,8410175059635,1,100.0,99,Hero Baby,Pacote multifrutas c/ bolacha,Embalagem de 100g,0.74,7.4,7.4,0.0,0,[],100,100,0,0,False,False,"[{'dateFin': '2024-05-29T23:59:59.999999999+01:00', 'categorie': 'PROSPECTUS'}]",,,,PUP,Pièce avec poids,kg,€/Kg,,,,,,,2024-05-29T23:59:59.999999999+01:00,PROSPECTUS,https://driveimg1.intermarche.com/pt/Content/images/boitmal/produit/zoom/6E0D615E3DE28FEB599BFE00C2BBD8F7.jpg,,,,2,16
26047,8412600070994,26047,8412600070994,1,650.0,99,Bimbo,Pão de forma s/ côdea,Embalagem de 650 g,1.79,2.75,2.75,0.0,0,[],650,650,0,0,False,False,"[{'dateFin': '2024-05-29T23:59:59.999999999+01:00', 'categorie': 'PROSPECTUS'}]",,,,PUP,Pièce avec poids,kg,€/Kg,,,,,,,2024-05-29T23:59:59.999999999+01:00,PROSPECTUS,https://driveimg1.intermarche.com/pt/Content/images/boitmal/produit/zoom/998967574B383CCF8D49F03316F06108.jpg,,,,2,16
26300,4000388177000,26300,4000388177000,1,250.0,99,Dove,"Sabonete Líquido Original, 250 ml",,2.39,9.56,9.56,0.0,0,[],0,0,0,250,False,False,"[{'dateFin': '2024-06-05T23:59:59.999999999+01:00', 'categorie': 'PROSPECTUS'}]",,,,PUV,Pièce avec volume,L,€/L,,,,,,,2024-06-05T23:59:59.999999999+01:00,PROSPECTUS,https://driveimg1.intermarche.com/pt/Content/images/boitmal/produit/zoom/4CDFFBE6127F9BD8A2946AFF52A0239A.jpg,,,,2,16
26301,8717163605776,26301,8717163605776,1,250.0,99,Dove,"Sabonete Líquido Silk, 250 ml",,2.39,9.56,9.56,0.0,0,[],0,0,0,250,False,False,"[{'dateFin': '2024-06-05T23:59:59.999999999+01:00', 'categorie': 'PROSPECTUS'}]",,,,PUV,Pièce avec volume,L,€/L,,,,,,,2024-06-05T23:59:59.999999999+01:00,PROSPECTUS,https://driveimg1.intermarche.com/pt/Content/images/boitmal/produit/zoom/B6D3615926889A91F1C16802CA9816FD.jpg,,,,2,16
26485,3600542034074,26485,3600542034074,1,400.0,99,Fructis,Champô Hidraliso,Embalagem de 400 ml,3.89,9.73,9.73,0.0,0,[],0,0,0,400,False,False,"[{'dateFin': '2024-06-05T23:59:59.999999999+01:00', 'categorie': 'PROSPECTUS'}]",,,,PUV,Pièce avec volume,L,€/L,,,,,,,2024-06-05T23:59:59.999999999+01:00,PROSPECTUS,https://driveimg1.intermarche.com/pt/Content/images/boitmal/produit/zoom/C2E0C40688CAB3AE7D5A72BCE5A3B761.jpg,,,,2,16
2738,8410063015927,2738,8410063015927,1,250.0,99,Pescanova,"Muslitos do mar, 250 g",,2.19,8.76,8.76,0.0,0,"[{'idPicto': 69, 'idCategorie': 28, 'libelleCategorie': 'Tipo de stockagem', 'image': 'https://driveimg1.intermarche.com/pt/Ressources/images/publication/8136.png', 'infoBulle': ''}]",250,250,0,0,False,False,"[{'dateFin': '2024-05-29T23:59:59.999999999+01:00', 'categorie': 'PROSPECTUS'}]",,,,PUP,Pièce avec poids,kg,€/Kg,,28.0,69.0,https://driveimg1.intermarche.com/pt/Ressources/images/publication/8136.png,,Tipo de stockagem,2024-05-29T23:59:59.999999999+01:00,PROSPECTUS,https://driveimg1.intermarche.com/pt/Content/images/boitmal/produit/zoom/86EB1198611F2075AEB55143E6235189.jpg,,,,2,16
2740,8410063016627,2740,8410063016627,1,400.0,99,Pescanova,4 filetes de pescada panados c/ limão,Embalagem de 400g,4.65,11.63,11.63,0.0,0,"[{'idPicto': 69, 'idCategorie': 28, 'libelleCategorie': 'Tipo de stockagem', 'image': 'https://driveimg1.intermarche.com/pt/Ressources/images/publication/8136.png', 'infoBulle': ''}]",400,400,0,0,False,False,"[{'dateFin': '2024-05-29T23:59:59.999999999+01:00', 'categorie': 'PROSPECTUS'}]",,,,PUP,Pièce avec poids,kg,€/Kg,,28.0,69.0,https://driveimg1.intermarche.com/pt/Ressources/images/publication/8136.png,,Tipo de stockagem,2024-05-29T23:59:59.999999999+01:00,PROSPECTUS,https://driveimg1.intermarche.com/pt/Content/images/boitmal/produit/zoom/3032EB7CA68A0B391F99FAEA119599B8.jpg,,,,2,16
28572,8434165484054,28572,8434165484054,1,240.0,99,Cuétara,Tosta rica mini go,Embalagem de 240g,2.09,8.71,8.71,0.0,0,[],240,240,0,0,False,False,"[{'dateFin': '2024-05-29T23:59:59.999999999+01:00', 'categorie': 'PROSPECTUS'}]",,,,PUP,Pièce avec poids,kg,€/Kg,,,,,,,2024-05-29T23:59:59.999999999+01:00,PROSPECTUS,https://driveimg1.intermarche.com/pt/Content/images/boitmal/produit/zoom/B539F8270E3228F66EDCA9CEE66CA0AD.jpg,,,,2,16
28583,8006540876213,28583,8006540876213,1,385.0,99,Pantene,Champô Caracóis Perfeitos,385 ml,3.89,10.1,10.1,0.0,0,[],0,0,0,385,False,False,"[{'dateFin': '2024-06-05T23:59:59.999999999+01:00', 'categorie': 'PROSPECTUS'}]",,,,PUV,Pièce avec volume,L,€/L,,,,,,,2024-06-05T23:59:59.999999999+01:00,PROSPECTUS,https://driveimg1.intermarche.com/pt/Content/images/boitmal/produit/zoom/0B37A3422C290D74458F14C6AA3B3486.jpg,,,,2,16
29126,8001090134257,29126,8001090134257,1,,99,Dodot,Toalhitas,4 x 64 un.,4.04,4.04,4.04,0.0,0,[],0,0,0,0,False,False,"[{'dateFin': '2024-05-29T23:59:59.999999999+01:00', 'categorie': 'PROSPECTUS'}]",,,0.0,PU,Pièce unitaire,,€/Unidade,,,,,,,2024-05-29T23:59:59.999999999+01:00,PROSPECTUS,https://driveimg1.intermarche.com/pt/Content/images/boitmal/produit/zoom/51A14648AD5FBD4B298A2BDC5A9D2E36.jpg,,,,2,16
29227,8000500227848,29227,8000500227848,1,132.0,99,Nutella,Bolachas Recheadas com Chocolate B-Ready,Embalagem de 132 g,2.24,16.97,16.97,0.0,0,[],132,132,0,0,False,False,"[{'dateFin': '2024-05-29T23:59:59.999999999+01:00', 'categorie': 'PROSPECTUS'}]",,,,PUP,Pièce avec poids,kg,€/Kg,,,,,,,2024-05-29T23:59:59.999999999+01:00,PROSPECTUS,https://driveimg1.intermarche.com/pt/Content/images/boitmal/produit/zoom/3AE33FDF752BFC54FB7A06813AFDB06D.jpg,,,,2,16
31326,5601286260437,31326,5601286260437,1,500.0,99,Milaneza,"Macarrão integral com aveia, 500g",,1.31,2.62,2.62,0.0,0,[],500,500,0,0,False,False,"[{'dateFin': '2024-05-29T23:59:59.999999999+01:00', 'categorie': 'PROSPECTUS'}]",,,,PUP,Pièce avec poids,kg,€/Kg,,,,,,,2024-05-29T23:59:59.999999999+01:00,PROSPECTUS,https://driveimg1.intermarche.com/pt/Content/images/boitmal/produit/zoom/687469F1412D2299A6CE181241DB8128.jpg,,,,2,16
33090,5411188112709,33090,5411188112709,1,1000.0,99,Alpro,Bebida Vegetal Amêndoa Sem Açúcar,Embalagem de 1 litro,1.99,1.99,1.99,0.0,0,[],0,0,0,1000,False,False,"[{'dateFin': '2024-05-29T23:59:59.999999999+01:00', 'categorie': 'PROSPECTUS'}]",,,,PUV,Pièce avec volume,L,€/L,,,,,,,2024-05-29T23:59:59.999999999+01:00,PROSPECTUS,https://driveimg1.intermarche.com/pt/Content/images/boitmal/produit/zoom/B38D6D806CDAB94AD756A0104DD1E4F1.jpg,,,,2,16
33631,5601217130631,33631,5601217130631,1,,99,Finish,Ambientador para a máquina da loiça de lima e limão,1 un.,3.49,3.49,3.49,0.0,0,[],0,0,0,0,False,False,"[{'dateFin': '2024-05-29T23:59:59.999999999+01:00', 'categorie': 'PROSPECTUS'}]",,,0.0,PU,Pièce unitaire,,€/Unidade,,,,,,,2024-05-29T23:59:59.999999999+01:00,PROSPECTUS,https://driveimg1.intermarche.com/pt/Content/images/boitmal/produit/zoom/722D6289DF5674022FB6CD00D38502F9.jpg,,,,2,16
34598,5600376210192,34598,5600376210192,1,250.0,99,Pasta do Dia,Folhas para Lasanha,Embalagem de 250g,1.9,7.6,7.6,0.0,0,[],250,250,0,0,False,False,"[{'dateFin': '2024-05-29T23:59:59.999999999+01:00', 'categorie': 'PROSPECTUS'}]",,,,PUP,Pièce avec poids,kg,€/Kg,,,,,,,2024-05-29T23:59:59.999999999+01:00,PROSPECTUS,https://driveimg1.intermarche.com/pt/Content/images/boitmal/produit/zoom/EBAC9FC3B3986A432A1014DAEBFBBBF2.jpg,,,,2,16
35462,8410500023652,35462,8410500023652,1,300.0,99,Yopro,"Iogurte liquido proteína yopro morango/framboesa, 300 g",,1.99,6.63,6.63,0.0,0,[],300,300,0,0,False,False,"[{'dateFin': '2024-05-29T23:59:59.999999999+01:00', 'categorie': 'PROSPECTUS'}]",,,,PUP,Pièce avec poids,kg,€/Kg,,,,,,,2024-05-29T23:59:59.999999999+01:00,PROSPECTUS,https://driveimg1.intermarche.com/pt/Content/images/boitmal/produit/zoom/9EC735F7DD0AFCA7D894FC734C5CF29F.jpg,,,,2,16
35622,8718951249950,35622,8718951249950,1,75.0,99,Colgate,Dentífrico max white charcoal,Embalagem de 75 ml,3.24,43.2,43.2,0.0,0,[],0,0,0,75,False,False,"[{'dateFin': '2024-06-05T23:59:59.999999999+01:00', 'categorie': 'PROSPECTUS'}]",,,,PUV,Pièce avec volume,L,€/L,,,,,,,2024-06-05T23:59:59.999999999+01:00,PROSPECTUS,https://driveimg1.intermarche.com/pt/Content/images/boitmal/produit/zoom/0E6AFB0010BEF050321DC31465014E7A.jpg,,,,2,16
35704,3021768203639,35704,3021768203639,1,360.0,99,GoGo Squeez,Conjunto de Saquetas de Fruta Maçã e Banana,Embalagem de 4 x 90g,2.88,8.0,8.0,0.0,0,[],360,360,0,0,False,False,"[{'dateFin': '2024-05-29T23:59:59.999999999+01:00', 'categorie': 'PROSPECTUS'}]",,,,PUP,Pièce avec poids,kg,€/Kg,,,,,,,2024-05-29T23:59:59.999999999+01:00,PROSPECTUS,https://driveimg1.intermarche.com/pt/Content/images/boitmal/produit/zoom/5FD12CF17A06164EE105D015DB4EE80A.jpg,,,,2,16
35754,3574661435367,35754,3574661435367,1,500.0,99,Johnson's Baby,Gel de banho para bebé cuidado completo,Embalagem de 500 ml,4.49,8.98,8.98,0.0,0,[],0,0,0,500,False,False,"[{'dateFin': '2024-05-29T23:59:59.999999999+01:00', 'categorie': 'PROSPECTUS'}]",,,,PUV,Pièce avec volume,L,€/L,,,,,,,2024-05-29T23:59:59.999999999+01:00,PROSPECTUS,https://driveimg1.intermarche.com/pt/Content/images/boitmal/produit/zoom/6A94AFA801375F9764DB74204698DC8D.jpg,,,,2,16
36657,5601217132673,36657,5601217132673,1,500.0,99,Cillitbang,Spray lixívia e higiene,Garrafa de 500 ml,2.24,4.48,4.48,0.0,0,"[{'idPicto': 3682, 'idCategorie': 52, 'libelleCategorie': 'Cabaz Compromisso', 'image': 'https://driveimg1.intermarche.com/pt/Ressources/images/publication/8175.png', 'infoBulle': ''}]",0,0,0,500,False,False,"[{'dateFin': '2024-05-29T23:59:59.999999999+01:00', 'categorie': 'PROSPECTUS'}]",,,,PUV,Pièce avec volume,L,€/L,,52.0,3682.0,https://driveimg1.intermarche.com/pt/Ressources/images/publication/8175.png,,Cabaz Compromisso,2024-05-29T23:59:59.999999999+01:00,PROSPECTUS,https://driveimg1.intermarche.com/pt/Content/images/boitmal/produit/zoom/B883369E3F8FD2106485DC8F041B61F8.jpg,,,,2,16
36658,5601217132680,36658,5601217132680,1,500.0,99,Cillitbang,"Spray tira gorduras, garrafa de 500 ml",,2.24,4.48,4.48,0.0,0,[],0,0,0,500,False,False,"[{'dateFin': '2024-05-29T23:59:59.999999999+01:00', 'categorie': 'PROSPECTUS'}]",,,,PUV,Pièce avec volume,L,€/L,,,,,,,2024-05-29T23:59:59.999999999+01:00,PROSPECTUS,https://driveimg1.intermarche.com/pt/Content/images/boitmal/produit/zoom/7660AADAF7761EC831B6178C67240B97.jpg,,,,2,16
372,8711200532391,372,8711200532391,1,260.0,99,Calvé,Molho Big Burguer,Embalagem de 260g,1.94,7.46,7.46,0.0,0,[],260,260,0,0,False,False,"[{'dateFin': '2024-05-29T23:59:59.999999999+01:00', 'categorie': 'PROSPECTUS'}]",,,,PUP,Pièce avec poids,kg,€/Kg,,,,,,,2024-05-29T23:59:59.999999999+01:00,PROSPECTUS,https://driveimg1.intermarche.com/pt/Content/images/boitmal/produit/zoom/A750CF91D157F1A24339167BD14309C2.jpg,https://driveimg1.intermarche.com/pt/Content/images/boitmal/produit/zoom/122719564EBC4BB4D52F039A6C0EDAF1.jpg,,,2,16
37443,7613037040869,37443,7613037040869,1,250.0,99,Nestum,Nestum zero espelta/aveia,Embalagem de 250 g,2.16,8.64,8.64,0.0,0,[],250,250,0,0,False,False,"[{'dateFin': '2024-05-29T23:59:59.999999999+01:00', 'categorie': 'PROSPECTUS'}]",,,,PUP,Pièce avec poids,kg,€/Kg,,,,,,,2024-05-29T23:59:59.999999999+01:00,PROSPECTUS,https://driveimg1.intermarche.com/pt/Content/images/boitmal/produit/zoom/BF80E2BF1A95765256612BEC5A65D8DD.jpg,,,,2,16
37990,8410063036175,37990,8410063036175,1,1000.0,99,Pescanova,Caprichos do mar sem glúten,Embalagem de 1 kg,6.39,6.39,6.39,0.0,0,"[{'idPicto': 69, 'idCategorie': 28, 'libelleCategorie': 'Tipo de stockagem', 'image': 'https://driveimg1.intermarche.com/pt/Ressources/images/publication/8136.png', 'infoBulle': ''}]",1000,1000,0,0,False,False,"[{'dateFin': '2024-05-29T23:59:59.999999999+01:00', 'categorie': 'PROSPECTUS'}]",,,,PUP,Pièce avec poids,kg,€/Kg,,28.0,69.0,https://driveimg1.intermarche.com/pt/Ressources/images/publication/8136.png,,Tipo de stockagem,2024-05-29T23:59:59.999999999+01:00,PROSPECTUS,https://driveimg1.intermarche.com/pt/Content/images/boitmal/produit/zoom/C821049F2FB4EBE63582B0B82BB259C5.jpg,,,,2,16
38278,4005900676054,38278,4005900676054,1,50.0,99,Nivea,Creme Q10 Anti-Rugas de Noite,50 ml,9.74,194.8,194.8,0.0,0,[],0,0,0,50,False,False,"[{'dateFin': '2024-06-05T23:59:59.999999999+01:00', 'categorie': 'PROSPECTUS'}]",,,,PUV,Pièce avec volume,L,€/L,,,,,,,2024-06-05T23:59:59.999999999+01:00,PROSPECTUS,https://driveimg1.intermarche.com/pt/Content/images/boitmal/produit/zoom/5A02542CB83F734B7AA3C746DE00D053.jpg,,,,2,16
38555,5601019012807,38555,5601019012807,1,500.0,99,Guloso,Polpa de Tomate com Manjericão e Oregãos,Embalagem de 500g,1.49,2.98,2.98,0.0,0,[],500,500,0,0,False,False,"[{'dateFin': '2024-05-29T23:59:59.999999999+01:00', 'categorie': 'PROSPECTUS'}]",,,,PUP,Pièce avec poids,kg,€/Kg,,,,,,,2024-05-29T23:59:59.999999999+01:00,PROSPECTUS,https://driveimg1.intermarche.com/pt/Content/images/boitmal/produit/zoom/91BED76549C4236F11A5CB6F37BF70E1.jpg,,,,2,16
39305,5601195640122,39305,5601195640122,1,1000.0,99,Pedras Salgadas,Pedras maracujá,Pack 4 x 25 cl,2.19,2.19,2.19,0.0,0,[],0,0,0,1000,False,False,"[{'dateFin': '2024-05-29T23:59:59.999999999+01:00', 'categorie': 'PROSPECTUS'}]",,,,PUV,Pièce avec volume,L,€/L,,,,,,,2024-05-29T23:59:59.999999999+01:00,PROSPECTUS,https://driveimg1.intermarche.com/pt/Content/images/boitmal/produit/zoom/4C945380FED2FA4017377501F2ADC0B7.jpg,,,,2,16
40494,5604260296132,40494,5604260296132,1,,99,PorSi,Sacos do lixo jardim 130 litros,10 sacos,3.29,3.29,3.29,0.0,0,[],0,0,0,0,False,False,"[{'dateFin': '2024-06-12T23:59:59.999999999+01:00', 'categorie': 'PROSPECTUS'}]",,,0.0,PU,Pièce unitaire,,€/Unidade,,,,,,,2024-06-12T23:59:59.999999999+01:00,PROSPECTUS,https://driveimg1.intermarche.com/pt/Content/images/boitmal/produit/zoom/B4C6F3A74837E5BA52247294641B245E.jpg,,,,2,16
40778,8001841536873,40778,8001841536873,1,,99,Tampax,Tampões Compak Pearl Regular Com Aplicador,16 unidades,2.97,2.97,2.97,0.0,0,[],0,0,0,0,False,False,"[{'dateFin': '2024-05-29T23:59:59.999999999+01:00', 'categorie': 'PROSPECTUS'}]",,,0.0,PU,Pièce unitaire,,€/Unidade,,,,,,,2024-05-29T23:59:59.999999999+01:00,PROSPECTUS,https://driveimg1.intermarche.com/pt/Content/images/boitmal/produit/zoom/CE97C70396B50BC6797016F6D5C86320.jpg,,,,2,16
40780,8001841536934,40780,8001841536934,1,,99,Tampax,Tampões Super Plus Compak Pearl,16 unidades,3.2,3.2,3.2,0.0,0,[],0,0,0,0,False,False,"[{'dateFin': '2024-05-29T23:59:59.999999999+01:00', 'categorie': 'PROSPECTUS'}]",,,0.0,PU,Pièce unitaire,,€/Unidade,,,,,,,2024-05-29T23:59:59.999999999+01:00,PROSPECTUS,https://driveimg1.intermarche.com/pt/Content/images/boitmal/produit/zoom/D89F2F129F1561D03B8C1F1C41E53A77.jpg,,,,2,16
41147,8710522571460,41147,8710522571460,1,225.0,99,Linic,Champô para homem anti-queda,embalagem de 225 ml,3.34,14.84,14.84,0.0,0,[],0,0,0,225,False,False,"[{'dateFin': '2024-06-05T23:59:59.999999999+01:00', 'categorie': 'PROSPECTUS'}]",,,,PUV,Pièce avec volume,L,€/L,,,,,,,2024-06-05T23:59:59.999999999+01:00,PROSPECTUS,https://driveimg1.intermarche.com/pt/Content/images/boitmal/produit/zoom/1B0F25631C9C9722142761B2BE9AB692.jpg,,,,2,16
41148,8710522571453,41148,8710522571453,1,225.0,99,Linic,Champô para homem sport mentol,embalagem de 225 ml,3.34,14.84,14.84,0.0,0,[],0,0,0,225,False,False,"[{'dateFin': '2024-06-05T23:59:59.999999999+01:00', 'categorie': 'PROSPECTUS'}]",,,,PUV,Pièce avec volume,L,€/L,,,,,,,2024-06-05T23:59:59.999999999+01:00,PROSPECTUS,https://driveimg1.intermarche.com/pt/Content/images/boitmal/produit/zoom/A7258739EDD0A14439EE6F5C49789E9D.jpg,,,,2,16
41235,0000042397311,41235,0000042397311,1,50.0,99,Nivea Men,Desodorizante homem black&white,50 ml,2.69,53.8,53.8,0.0,0,[],0,0,0,50,False,False,"[{'dateFin': '2024-06-05T23:59:59.999999999+01:00', 'categorie': 'PROSPECTUS'}]",,,,PUV,Pièce avec volume,L,€/L,,,,,,,2024-06-05T23:59:59.999999999+01:00,PROSPECTUS,https://driveimg1.intermarche.com/pt/Content/images/boitmal/produit/zoom/60AA59C9DD85EF5FF814A33207B84B1A.jpg,,,,2,16
41298,5601050036541,41298,5601050036541,1,440.0,99,Danone,"Iogurte oikos natural,  4 x 110g",,1.99,4.52,4.52,0.0,0,[],440,440,0,0,False,False,"[{'dateFin': '2024-05-29T23:59:59.999999999+01:00', 'categorie': 'PROSPECTUS'}]",,,,PUP,Pièce avec poids,kg,€/Kg,,,,,,,2024-05-29T23:59:59.999999999+01:00,PROSPECTUS,https://driveimg1.intermarche.com/pt/Content/images/boitmal/produit/zoom/1E39B56DE0869E56503E420B563E33DD.jpg,,,,2,16
41343,8720181359125,41343,8720181359125,1,720.0,99,Dove,"Gel Banho Deeply Nourishing, 720 ml",,4.79,6.65,6.65,0.0,0,[],0,0,0,720,False,False,"[{'dateFin': '2024-06-05T23:59:59.999999999+01:00', 'categorie': 'PROSPECTUS'}]",,,,PUV,Pièce avec volume,L,€/L,,,,,,,2024-06-05T23:59:59.999999999+01:00,PROSPECTUS,https://driveimg1.intermarche.com/pt/Content/images/boitmal/produit/zoom/34753F95C0C7A52D3F4EF6A0FD2F0C1E.jpg,,,,2,16
41384,5601050036602,41384,5601050036602,1,440.0,99,Danone,"Iogurte grego oikos stracciatella,  4 x 110 g",,1.99,4.52,4.52,0.0,0,[],440,440,0,0,False,False,"[{'dateFin': '2024-05-29T23:59:59.999999999+01:00', 'categorie': 'PROSPECTUS'}]",,,,PUP,Pièce avec poids,kg,€/Kg,,,,,,,2024-05-29T23:59:59.999999999+01:00,PROSPECTUS,https://driveimg1.intermarche.com/pt/Content/images/boitmal/produit/zoom/A0A6F59B7D5832D67ED1CDB718D78849.jpg,,,,2,16
41895,5000116125784,41895,5000116125784,1,220.0,99,Capitão Iglo,12 nuggets frango polme americano,Embalagem de 220g,2.99,13.59,13.59,0.0,0,"[{'idPicto': 69, 'idCategorie': 28, 'libelleCategorie': 'Tipo de stockagem', 'image': 'https://driveimg1.intermarche.com/pt/Ressources/images/publication/8136.png', 'infoBulle': ''}]",220,220,0,0,False,False,"[{'dateFin': '2024-05-29T23:59:59.999999999+01:00', 'categorie': 'PROSPECTUS'}]",,,,PUP,Pièce avec poids,kg,€/Kg,,28.0,69.0,https://driveimg1.intermarche.com/pt/Ressources/images/publication/8136.png,,Tipo de stockagem,2024-05-29T23:59:59.999999999+01:00,PROSPECTUS,https://driveimg1.intermarche.com/pt/Content/images/boitmal/produit/zoom/4A36D918CE859C1F06A618542B06F111.jpg,,,,2,16
41901,7613037677591,41901,7613037677591,1,250.0,99,Cerelac,Farinha láctea menos 40% açúcar,Embalagem de 250g,2.24,8.96,8.96,0.0,0,[],250,250,0,0,False,False,"[{'dateFin': '2024-05-29T23:59:59.999999999+01:00', 'categorie': 'PROSPECTUS'}]",,,,PUP,Pièce avec poids,kg,€/Kg,,,,,,,2024-05-29T23:59:59.999999999+01:00,PROSPECTUS,https://driveimg1.intermarche.com/pt/Content/images/boitmal/produit/zoom/687BCC1B8BE836CF748B8DD683218C66.jpg,,,,2,16
4236,3600521519479,4236,3600521519479,1,400.0,99,Elvive,Champô color-vive,Embalagem de 400 ml,3.65,9.13,9.13,0.0,0,[],0,0,0,400,False,False,"[{'dateFin': '2024-06-05T23:59:59.999999999+01:00', 'categorie': 'PROSPECTUS'}]",,,,PUV,Pièce avec volume,L,€/L,,,,,,,2024-06-05T23:59:59.999999999+01:00,PROSPECTUS,https://driveimg1.intermarche.com/pt/Content/images/boitmal/produit/zoom/9488D59592F5790FC0E9B4078309C960.jpg,,,,2,16
42960,5054563051363,42960,5054563051363,1,500.0,99,Parodontax,Elixir fresh mint,Embalagem de 500 ml,5.59,11.18,11.18,0.0,0,[],0,0,0,500,False,False,"[{'dateFin': '2024-06-05T23:59:59.999999999+01:00', 'categorie': 'PROSPECTUS'}]",,,,PUV,Pièce avec volume,L,€/L,,,,,,,2024-06-05T23:59:59.999999999+01:00,PROSPECTUS,https://driveimg1.intermarche.com/pt/Content/images/boitmal/produit/zoom/0BFB6F10263CE48E5B3FC450A9198BA9.jpg,,,,2,16
43215,5603722519802,43215,5603722519802,1,300.0,99,Castelões,"Queijo curado fatias sem lactose, 2x150g",,3.49,11.63,11.63,0.0,0,[],300,300,0,0,False,False,"[{'dateFin': '2024-05-29T23:59:59.999999999+01:00', 'categorie': 'PROSPECTUS'}]",,,,PUP,Pièce avec poids,kg,€/Kg,,,,,,,2024-05-29T23:59:59.999999999+01:00,PROSPECTUS,https://driveimg1.intermarche.com/pt/Content/images/boitmal/produit/zoom/A38E906AD622F9771DCC5D3D281D8943.jpg,,,,2,16
43365,5604260309894,43365,5604260309894,1,250.0,99,PorSi,Bacalhau à Brás,Embalagem de 250g,3.49,13.96,13.96,0.0,0,[],250,250,0,0,False,False,"[{'dateFin': '2024-05-29T23:59:59.999999999+01:00', 'categorie': 'PROSPECTUS'}]",,,,PUP,Pièce avec poids,kg,€/Kg,,,,,,,2024-05-29T23:59:59.999999999+01:00,PROSPECTUS,https://driveimg1.intermarche.com/pt/Content/images/boitmal/produit/zoom/2882AADD006C22A3A035D04D75BA1FA9.jpg,,,,2,16
4362,3600541221147,4362,3600541221147,1,200.0,99,Fructis,Creme tratamento hydra caracóis,Embalagem de 200 ml,3.49,17.45,17.45,0.0,0,[],0,0,0,200,False,False,"[{'dateFin': '2024-06-05T23:59:59.999999999+01:00', 'categorie': 'PROSPECTUS'}]",,,,PUV,Pièce avec volume,L,€/L,,,,,,,2024-06-05T23:59:59.999999999+01:00,PROSPECTUS,https://driveimg1.intermarche.com/pt/Content/images/boitmal/produit/zoom/59FB44C70A2D4B31EB680FFB011F9AB1.jpg,,,,2,16
43975,5604260313600,43975,5604260313600,1,300.0,99,PorSi,Gomas bananas,Embalagem de 300 g,1.69,5.63,5.63,0.0,0,[],300,300,0,0,False,False,"[{'dateFin': '2024-05-29T23:59:59.999999999+01:00', 'categorie': 'PROSPECTUS'}]",,,,PUP,Pièce avec poids,kg,€/Kg,,,,,,,2024-05-29T23:59:59.999999999+01:00,PROSPECTUS,https://driveimg1.intermarche.com/pt/Content/images/boitmal/produit/zoom/9D7F2581665D08C7908CE89759530DDC.jpg,,,,2,16
44234,8710522854815,44234,8710522854815,1,257.0,99,Calvé,Mostarda,Embalagem de 257g,1.68,6.54,6.54,0.0,0,[],257,257,0,0,False,False,"[{'dateFin': '2024-05-29T23:59:59.999999999+01:00', 'categorie': 'PROSPECTUS'}]",,,,PUP,Pièce avec poids,kg,€/Kg,,,,,,,2024-05-29T23:59:59.999999999+01:00,PROSPECTUS,https://driveimg1.intermarche.com/pt/Content/images/boitmal/produit/zoom/7979D994594677C477DA08ADD5A2E9CB.jpg,,,,2,16
44704,5053990155941,44704,5053990155941,1,175.0,99,Pringles,Pringles hot & spicy,Embalagem de 175g,2.29,13.09,13.09,0.0,0,[],175,175,0,0,False,False,"[{'dateFin': '2024-05-29T23:59:59.999999999+01:00', 'categorie': 'PROSPECTUS'}]",,,,PUP,Pièce avec poids,kg,€/Kg,,,,,,,2024-05-29T23:59:59.999999999+01:00,PROSPECTUS,https://driveimg1.intermarche.com/pt/Content/images/boitmal/produit/zoom/4E274A9B899E3F171EF5DBCC6BAFC4CB.jpg,https://driveimg1.intermarche.com/pt/Content/images/boitmal/produit/zoom/6928ADB37A9D879D8A1130CADC9B4CD3.jpg,https://driveimg1.intermarche.com/pt/Content/images/boitmal/produit/zoom/6928ADB37A9D879D8A1130CADC9B4CD3.jpg,,2,16
448,8722700752943,448,8722700752943,1,2000.0,99,Lipton,Ice tea de manga,Garrafa de 2 l,2.39,1.2,1.2,0.0,0,[],0,0,0,2000,False,False,"[{'dateFin': '2024-05-29T23:59:59.999999999+01:00', 'categorie': 'PROSPECTUS'}]",,,,PUV,Pièce avec volume,L,€/L,,,,,,,2024-05-29T23:59:59.999999999+01:00,PROSPECTUS,https://driveimg1.intermarche.com/pt/Content/images/boitmal/produit/zoom/D8A7BBA271F5B46B5DC4031B0621A8E9.jpg,,,,2,16
45032,5054563098795,45032,5054563098795,1,75.0,99,Sensodyne,Pasta dentífrica repair&protect,Embalagem de 75 ml,3.96,52.8,52.8,0.0,0,[],0,0,0,75,False,False,"[{'dateFin': '2024-06-05T23:59:59.999999999+01:00', 'categorie': 'PROSPECTUS'}]",,,,PUV,Pièce avec volume,L,€/L,,,,,,,2024-06-05T23:59:59.999999999+01:00,PROSPECTUS,https://driveimg1.intermarche.com/pt/Content/images/boitmal/produit/zoom/BF42D0FD35725FE2948F08AA5EEEE27C.jpg,,,,2,16
4526,4005808247233,4526,4005808247233,1,250.0,99,Nivea,"Smoth milk, tripla acção, 250 ml",,3.79,15.16,15.16,0.0,0,[],0,0,0,250,False,False,"[{'dateFin': '2024-06-05T23:59:59.999999999+01:00', 'categorie': 'PROSPECTUS'}]",,,,PUV,Pièce avec volume,L,€/L,,,,,,,2024-06-05T23:59:59.999999999+01:00,PROSPECTUS,https://driveimg1.intermarche.com/pt/Content/images/boitmal/produit/zoom/ED23D3022E71FDD14FE8C56618FEBE1F.jpg,,,,2,16
45735,4005900782892,45735,4005900782892,1,40.0,99,Nivea,Creme Dia Anti Manchas FP50,40 ml,16.19,404.75,404.75,0.0,0,[],0,0,0,40,False,False,"[{'dateFin': '2024-06-05T23:59:59.999999999+01:00', 'categorie': 'PROSPECTUS'}]",,,,PUV,Pièce avec volume,L,€/L,,,,,,,2024-06-05T23:59:59.999999999+01:00,PROSPECTUS,https://driveimg1.intermarche.com/pt/Content/images/boitmal/produit/zoom/1CF1BD223B373C936ACDA9D6A38FA80E.jpg,,,,3,16
45874,4005900709004,45874,4005900709004,1,250.0,99,Nivea,"Loção corporal, refirmante Q10 + bronze",Embalagem de 250 ml,5.84,23.36,23.36,0.0,0,[],0,0,0,250,False,False,"[{'dateFin': '2024-06-05T23:59:59.999999999+01:00', 'categorie': 'PROSPECTUS'}]",,,,PUV,Pièce avec volume,L,€/L,,,,,,,2024-06-05T23:59:59.999999999+01:00,PROSPECTUS,https://driveimg1.intermarche.com/pt/Content/images/boitmal/produit/zoom/7A5693744D16D700EAB26CE398A5C37D.jpg,,,,3,16
46632,4005900868619,46632,4005900868619,1,625.0,99,Nivea,Loção Corporal Body Milk,Embalagem de 625 ml,7.49,11.98,11.98,0.0,0,[],0,0,0,625,False,False,"[{'dateFin': '2024-06-05T23:59:59.999999999+01:00', 'categorie': 'PROSPECTUS'}]",,,,PUV,Pièce avec volume,L,€/L,,,,,,,2024-06-05T23:59:59.999999999+01:00,PROSPECTUS,https://driveimg1.intermarche.com/pt/Content/images/boitmal/produit/zoom/94C388532E0FB9D1AC93FF442D670E62.jpg,,,,3,16
46721,5604260315482,46721,5604260315482,1,1000.0,99,PorSi,Sardinhas,embalagem com 1 kg,3.99,3.99,3.99,0.0,0,"[{'idPicto': 69, 'idCategorie': 28, 'libelleCategorie': 'Tipo de stockagem', 'image': 'https://driveimg1.intermarche.com/pt/Ressources/images/publication/8136.png', 'infoBulle': ''}]",1000,1000,0,0,False,False,"[{'dateFin': '2024-05-29T23:59:59.999999999+01:00', 'categorie': 'PROSPECTUS'}]",,,,PUP,Pièce avec poids,kg,€/Kg,,28.0,69.0,https://driveimg1.intermarche.com/pt/Ressources/images/publication/8136.png,,Tipo de stockagem,2024-05-29T23:59:59.999999999+01:00,PROSPECTUS,https://driveimg1.intermarche.com/pt/Content/images/boitmal/produit/zoom/AB9F3F4C4734FBC986AD959B91E884CC.jpg,,,,3,16
46729,5054563109743,46729,5054563109743,1,75.0,99,Sensodyne,Pasta Dentífrica Branqueadora Sensibilidade e Gengivas,Embalagem de 75 ml,3.96,52.8,52.8,0.0,0,[],0,0,0,75,False,False,"[{'dateFin': '2024-06-05T23:59:59.999999999+01:00', 'categorie': 'PROSPECTUS'}]",,,,PUV,Pièce avec volume,L,€/L,,,,,,,2024-06-05T23:59:59.999999999+01:00,PROSPECTUS,https://driveimg1.intermarche.com/pt/Content/images/boitmal/produit/zoom/22B2E4A410755F6C5D15CF968899E19C.jpg,,,,3,16
47945,3600551049113,47945,3600551049113,1,50.0,99,Narta men,Desodorizante roll-on invisível 0%,Embalagem de 50 ml,2.69,53.8,53.8,0.0,0,[],0,0,0,50,False,False,"[{'dateFin': '2024-06-05T23:59:59.999999999+01:00', 'categorie': 'PROSPECTUS'}]",,,,PUV,Pièce avec volume,L,€/L,,,,,,,2024-06-05T23:59:59.999999999+01:00,PROSPECTUS,https://driveimg1.intermarche.com/pt/Content/images/boitmal/produit/zoom/60792FCCE191B74596B96E1AE0CBE1BF.jpg,,,,3,16
48280,5604260323210,48280,5604260323210,1,,99,PorSi,Fraldas premium T6 - 17 a 28 kg,40 unidades,7.99,7.99,7.99,0.0,0,[],0,0,0,0,False,False,"[{'dateFin': '2024-05-29T23:59:59.999999999+01:00', 'categorie': 'PROSPECTUS'}]",,,0.0,PU,Pièce unitaire,,€/Unidade,,,,,,,2024-05-29T23:59:59.999999999+01:00,PROSPECTUS,https://driveimg1.intermarche.com/pt/Content/images/boitmal/produit/zoom/B950359F977599B745889D6912F1E08A.jpg,,,,3,16
48551,7613287300393,48551,7613287300393,1,209.0,99,Nescafé,Cápsulas Café Buondi Int. 8,Embalagem de 209g,7.99,38.23,38.23,0.0,0,"[{'idPicto': 3682, 'idCategorie': 52, 'libelleCategorie': 'Cabaz Compromisso', 'image': 'https://driveimg1.intermarche.com/pt/Ressources/images/publication/8175.png', 'infoBulle': ''}]",209,209,0,0,False,False,"[{'dateFin': '2024-05-29T23:59:59.999999999+01:00', 'categorie': 'PROSPECTUS'}]",,,,PUP,Pièce avec poids,kg,€/Kg,,52.0,3682.0,https://driveimg1.intermarche.com/pt/Ressources/images/publication/8175.png,,Cabaz Compromisso,2024-05-29T23:59:59.999999999+01:00,PROSPECTUS,https://driveimg1.intermarche.com/pt/Content/images/boitmal/produit/zoom/3C2972EF213A813C45BFB5F845259020.jpg,,,,3,16
49294,8436048962697,49294,8436048962697,1,128.0,99,Artiach,Filipinos chocolate leite,Embalagem de 128g,1.09,8.52,8.52,0.0,0,[],128,128,0,0,False,False,"[{'dateFin': '2024-05-29T23:59:59.999999999+01:00', 'categorie': 'PROSPECTUS'}]",,,,PUP,Pièce avec poids,kg,€/Kg,,,,,,,2024-05-29T23:59:59.999999999+01:00,PROSPECTUS,https://driveimg1.intermarche.com/pt/Content/images/boitmal/produit/zoom/05B47EDDF3D01B19917978DD3D0A3CDE.jpg,,,,3,16
49964,8719200238176,49964,8719200238176,1,225.0,99,Becel,Creme de Barrar,Embalagem de 225g,1.99,8.84,8.84,0.0,0,[],225,225,0,0,False,False,"[{'dateFin': '2024-05-29T23:59:59.999999999+01:00', 'categorie': 'PROSPECTUS'}]",,,,PUP,Pièce avec poids,kg,€/Kg,,,,,,,2024-05-29T23:59:59.999999999+01:00,PROSPECTUS,https://driveimg1.intermarche.com/pt/Content/images/boitmal/produit/zoom/382BF7BFAA9AE155413812F2C51A439C.jpg,,,,3,16
50427,8720181222634,50427,8720181222634,1,400.0,99,Dove,Gel Banho Coconut Care By Nature,400 ml,2.99,7.48,7.48,0.0,0,[],0,0,0,400,False,False,"[{'dateFin': '2024-06-05T23:59:59.999999999+01:00', 'categorie': 'PROSPECTUS'}]",,,,PUV,Pièce avec volume,L,€/L,,,,,,,2024-06-05T23:59:59.999999999+01:00,PROSPECTUS,https://driveimg1.intermarche.com/pt/Content/images/boitmal/produit/zoom/18F8580BC80F8FEDB25F0206AE152A99.jpg,,,,3,16
50520,8001841811888,50520,8001841811888,1,75.0,99,Oral B,Pasta de Dentes Pro-Expert Frescura Saudável,Embalagem de 75 ml,2.99,39.87,39.87,0.0,0,[],0,0,0,75,False,False,"[{'dateFin': '2024-06-05T23:59:59.999999999+01:00', 'categorie': 'PROSPECTUS'}]",,,,PUV,Pièce avec volume,L,€/L,,,,,,,2024-06-05T23:59:59.999999999+01:00,PROSPECTUS,https://driveimg1.intermarche.com/pt/Content/images/boitmal/produit/zoom/646285E351A01CF9ACC26486D4EEEF2D.jpg,,,,3,16
51102,4005900892829,51102,4005900892829,1,30.0,99,Nivea,"Sérum Rosto Noite Antirrugas Ultra Regenerador Q10, 30 ml",,12.59,419.67,419.67,0.0,0,[],0,0,0,30,False,False,"[{'dateFin': '2024-06-05T23:59:59.999999999+01:00', 'categorie': 'PROSPECTUS'}]",,,,PUV,Pièce avec volume,L,€/L,,,,,,,2024-06-05T23:59:59.999999999+01:00,PROSPECTUS,https://driveimg1.intermarche.com/pt/Content/images/boitmal/produit/zoom/1AF29F24F75A867D80C05C0C49ED587A.jpg,,,,3,16
51366,5602348109572,51366,5602348109572,1,220.0,99,Izidoro,Salsichas peru forno a lenha 5un frasco,Embalagem de 220g,3.04,13.82,13.82,0.0,0,[],220,220,0,0,False,False,"[{'dateFin': '2024-05-29T23:59:59.999999999+01:00', 'categorie': 'PROSPECTUS'}]",,,,PUP,Pièce avec poids,kg,€/Kg,,,,,,,2024-05-29T23:59:59.999999999+01:00,PROSPECTUS,https://driveimg1.intermarche.com/pt/Content/images/boitmal/produit/zoom/A7E170AB44509BAAC0A3FB963DFD0EED.jpg,,,,3,16
51370,5000116127085,51370,5000116127085,1,1080.0,99,Capitão Iglo,50 Nuggets de Frango Queijo,Embalagem de 1.08 kg,12.99,12.03,12.03,0.0,0,"[{'idPicto': 69, 'idCategorie': 28, 'libelleCategorie': 'Tipo de stockagem', 'image': 'https://driveimg1.intermarche.com/pt/Ressources/images/publication/8136.png', 'infoBulle': ''}]",1080,1080,0,0,False,False,"[{'dateFin': '2024-05-29T23:59:59.999999999+01:00', 'categorie': 'PROSPECTUS'}]",,,,PUP,Pièce avec poids,kg,€/Kg,,28.0,69.0,https://driveimg1.intermarche.com/pt/Ressources/images/publication/8136.png,,Tipo de stockagem,2024-05-29T23:59:59.999999999+01:00,PROSPECTUS,https://driveimg1.intermarche.com/pt/Content/images/boitmal/produit/zoom/67354933CE6BC52C4EBC009954CDE957.jpg,,,,3,16
51504,8006540346976,51504,8006540346976,1,200.0,99,Pantene,Espuma Caracóis Perfeitos,Embalagem de 200 ml,3.99,19.95,19.95,0.0,0,[],0,0,0,200,False,False,"[{'dateFin': '2024-06-05T23:59:59.999999999+01:00', 'categorie': 'PROSPECTUS'}]",,,,PUV,Pièce avec volume,L,€/L,,,,,,,2024-06-05T23:59:59.999999999+01:00,PROSPECTUS,https://driveimg1.intermarche.com/pt/Content/images/boitmal/produit/zoom/25BB7B1758CE71AF8E488B2CC7F521DF.jpg,,,,3,16
51505,8006540347058,51505,8006540347058,1,200.0,99,Pantene,Espuma Volume Perfeito,Embalagem de 200 ml,3.99,19.95,19.95,0.0,0,[],0,0,0,200,False,False,"[{'dateFin': '2024-06-05T23:59:59.999999999+01:00', 'categorie': 'PROSPECTUS'}]",,,,PUV,Pièce avec volume,L,€/L,,,,,,,2024-06-05T23:59:59.999999999+01:00,PROSPECTUS,https://driveimg1.intermarche.com/pt/Content/images/boitmal/produit/zoom/B8105F066A2EF8F54877704981FE9A80.jpg,,,,3,16
51519,3600524013547,51519,3600524013547,1,,99,L'oreal,Máscara Refrescante Contorno Olhos,,2.79,2.79,2.79,0.0,0,[],0,0,0,0,False,False,"[{'dateFin': '2024-06-05T23:59:59.999999999+01:00', 'categorie': 'PROSPECTUS'}]",,,0.0,PU,Pièce unitaire,,€/Unidade,,,,,,,2024-06-05T23:59:59.999999999+01:00,PROSPECTUS,https://driveimg1.intermarche.com/pt/Content/images/boitmal/produit/zoom/ADBE49E19A0B725981A31E8D0EA811F1.jpg,,,,3,16
52340,8720181392962,52340,8720181392962,1,,99,Comfort,Amaciador Roupa Concentrado Creations Madressilva e Sândalo,76 Doses,3.99,3.99,3.99,0.0,0,"[{'idPicto': 3682, 'idCategorie': 52, 'libelleCategorie': 'Cabaz Compromisso', 'image': 'https://driveimg1.intermarche.com/pt/Ressources/images/publication/8175.png', 'infoBulle': ''}]",0,0,0,0,False,False,"[{'dateFin': '2024-05-29T23:59:59.999999999+01:00', 'categorie': 'PROSPECTUS'}]",,,0.0,PU,Pièce unitaire,,€/Unidade,,52.0,3682.0,https://driveimg1.intermarche.com/pt/Ressources/images/publication/8175.png,,Cabaz Compromisso,2024-05-29T23:59:59.999999999+01:00,PROSPECTUS,https://driveimg1.intermarche.com/pt/Content/images/boitmal/produit/zoom/6B8F8DA9C5DF28DF49A227B125CD9AD5.jpg,,,,3,16
52805,5603722522475,52805,5603722522475,1,800.0,99,Vigor,"Leite Pasteurizado Caramelo Macchiato, 4x200ml",,2.2,2.75,2.75,0.0,0,[],0,0,0,800,False,False,"[{'dateFin': '2024-05-29T23:59:59.999999999+01:00', 'categorie': 'PROSPECTUS'}]",,,,PUV,Pièce avec volume,L,€/L,,,,,,,2024-05-29T23:59:59.999999999+01:00,PROSPECTUS,https://driveimg1.intermarche.com/pt/Content/images/boitmal/produit/zoom/A44369855107B2C5DA654B6FBE1AA3D5.jpg,,,,3,16
52880,8719200267794,52880,8719200267794,1,450.0,99,Becel,"Creme Vegetal de Barrar com Sabor a Manteiga, 450g",,2.99,6.64,6.64,0.0,0,[],450,450,0,0,False,False,"[{'dateFin': '2024-05-29T23:59:59.999999999+01:00', 'categorie': 'PROSPECTUS'}]",,,,PUP,Pièce avec poids,kg,€/Kg,,,,,,,2024-05-29T23:59:59.999999999+01:00,PROSPECTUS,https://driveimg1.intermarche.com/pt/Content/images/boitmal/produit/zoom/287D301C66C180312FAA8A3BAE7EA710.jpg,,,,3,16
52937,8410104914103,52937,8410104914103,1,,99,Finish,"Detergente Loiça Máquina Ultimate Limão, 44 unidades",,10.99,10.99,10.99,0.0,0,[],44,44,0,44,False,False,"[{'dateFin': '2024-05-29T23:59:59.999999999+01:00', 'categorie': 'PROSPECTUS'}]",,,1.0,PU,Pièce unitaire,,€/Unidade,,,,,,,2024-05-29T23:59:59.999999999+01:00,PROSPECTUS,https://driveimg1.intermarche.com/pt/Content/images/boitmal/produit/zoom/362A0E4E8C3D4E0B10CFC0DA1DA75F34.jpg,,,,3,16
53079,8711327591011,53079,8711327591011,1,650.0,99,Viennetta,"Gelado Caramelo Salgado, 650 ml",,2.59,3.98,3.98,0.0,0,"[{'idPicto': 69, 'idCategorie': 28, 'libelleCategorie': 'Tipo de stockagem', 'image': 'https://driveimg1.intermarche.com/pt/Ressources/images/publication/8136.png', 'infoBulle': ''}]",0,0,0,650,False,False,"[{'dateFin': '2024-05-29T23:59:59.999999999+01:00', 'categorie': 'PROSPECTUS'}]",,,,PUV,Pièce avec volume,L,€/L,,28.0,69.0,https://driveimg1.intermarche.com/pt/Ressources/images/publication/8136.png,,Tipo de stockagem,2024-05-29T23:59:59.999999999+01:00,PROSPECTUS,https://driveimg1.intermarche.com/pt/Content/images/boitmal/produit/zoom/96C8E669282C188787DB043E8B0F9711.jpg,,,,3,16
53096,4005900234520,53096,4005900234520,1,,99,Nivea,"Toalhitas de Limpeza Refrescantes, 40 unidades",,2.24,2.24,2.24,0.0,0,[],40,40,0,40,False,False,"[{'dateFin': '2024-06-05T23:59:59.999999999+01:00', 'categorie': 'PROSPECTUS'}]",,,1.0,PU,Pièce unitaire,,€/Unidade,,,,,,,2024-06-05T23:59:59.999999999+01:00,PROSPECTUS,https://driveimg1.intermarche.com/pt/Content/images/boitmal/produit/zoom/6054CFEB75F7067CA8A9F2371A791B42.jpg,,,,3,16
53102,8720182262806,53102,8720182262806,1,360.0,99,Dove,"Sabonete Sólido Manteiga Karité, 4 x 90g",,4.09,11.36,11.36,0.0,0,[],360,360,0,0,False,False,"[{'dateFin': '2024-06-05T23:59:59.999999999+01:00', 'categorie': 'PROSPECTUS'}]",,,,PUP,Pièce avec poids,kg,€/Kg,,,,,,,2024-06-05T23:59:59.999999999+01:00,PROSPECTUS,https://driveimg1.intermarche.com/pt/Content/images/boitmal/produit/zoom/6462983E8E24DBF706BCC74DCD60F809.jpg,,,,3,16
5363,5601233813006,5363,5601233813006,1,,99,Diprochama,Acendalhas Sólidas Brancas,,1.19,1.19,1.19,0.0,0,[],0,0,0,0,False,False,"[{'dateFin': '2024-06-12T23:59:59.999999999+01:00', 'categorie': 'PROSPECTUS'}]",,,32.0,PU,Pièce unitaire,,€/Unidade,,,,,,,2024-06-12T23:59:59.999999999+01:00,PROSPECTUS,https://driveimg1.intermarche.com/pt/Content/images/boitmal/produit/zoom/93BD9DA9A83EC68A6F893D2B95D0877A.jpg,,,,3,16
53651,4006000013664,53651,4006000013664,1,30.0,99,Nivea,Sérum Facial Cellular Luminous 630º Anti-idade e Antimanchas,Embalagem de 30ml,17.99,599.67,599.67,0.0,0,[],30,30,0,30,False,False,"[{'dateFin': '2024-06-05T23:59:59.999999999+01:00', 'categorie': 'PROSPECTUS'}]",,,,PUV,Pièce avec volume,L,€/L,,,,,,,2024-06-05T23:59:59.999999999+01:00,PROSPECTUS,https://driveimg1.intermarche.com/pt/Content/images/boitmal/produit/zoom/90E49908CB375CEA00D7B59DBD6EC405.jpg,,,,3,16
53652,4006000029986,53652,4006000029986,1,150.0,99,Nivea Men,Desodorizante Spray Homem Black & White Maximum Protection,Embalagem de 150ml,3.45,23.0,23.0,0.0,0,[],150,150,0,150,False,False,"[{'dateFin': '2024-06-05T23:59:59.999999999+01:00', 'categorie': 'PROSPECTUS'}]",,,,PUV,Pièce avec volume,L,€/L,,,,,,,2024-06-05T23:59:59.999999999+01:00,PROSPECTUS,https://driveimg1.intermarche.com/pt/Content/images/boitmal/produit/zoom/100C18A4FA1CA53FEB0E2C78262A21BD.jpg,,,,3,16
53670,5054563119827,53670,5054563119827,1,75.0,99,Sensodyne,Pasta de Dentes Branqueadora Nourish Branco Saudável,Embalagem de 75ml,3.36,44.8,44.8,0.0,0,[],75,75,0,75,False,False,"[{'dateFin': '2024-06-05T23:59:59.999999999+01:00', 'categorie': 'PROSPECTUS'}]",,,,PUV,Pièce avec volume,L,€/L,,,,,,,2024-06-05T23:59:59.999999999+01:00,PROSPECTUS,https://driveimg1.intermarche.com/pt/Content/images/boitmal/produit/zoom/E9A3BE851B4BFFD8866CC74997851983.jpg,,,,3,16
53672,5054563155535,53672,5054563155535,1,75.0,99,Parodontax,"Pasta de Dentes Gengivas, Sensibilidade, Hálito e Branqueadora",Embalagem de 75ml,5.19,69.2,69.2,0.0,0,[],75,75,0,75,False,False,"[{'dateFin': '2024-06-05T23:59:59.999999999+01:00', 'categorie': 'PROSPECTUS'}]",,,,PUV,Pièce avec volume,L,€/L,,,,,,,2024-06-05T23:59:59.999999999+01:00,PROSPECTUS,https://driveimg1.intermarche.com/pt/Content/images/boitmal/produit/zoom/45919E21211034CFC9DCF75D551CD73E.jpg,,,,3,16
53779,8718951561922,53779,8718951561922,1,300.0,99,Palmolive,Sabonete Líquido Sensitive Aloé Vera,Embalagem de 300ml,2.25,7.5,7.5,0.0,0,[],300,300,0,300,False,False,"[{'dateFin': '2024-06-05T23:59:59.999999999+01:00', 'categorie': 'PROSPECTUS'}]",,,,PUV,Pièce avec volume,L,€/L,,,,,,,2024-06-05T23:59:59.999999999+01:00,PROSPECTUS,https://driveimg1.intermarche.com/pt/Content/images/boitmal/produit/zoom/2992C8651969A7C20B61D30F41172BA2.jpg,,,,3,16
53870,8720573436342,53870,8720573436342,1,,99,Koopman,"3 Tubos Bolas Sabão, 60ml",,1.49,1.49,1.49,0.0,0,[],0,0,0,0,False,False,"[{'dateFin': '2024-06-12T23:59:59.999999999+01:00', 'categorie': 'PROSPECTUS'}]",,,0.0,PU,Pièce unitaire,,€/Unidade,,,,,,,2024-06-12T23:59:59.999999999+01:00,PROSPECTUS,https://driveimg1.intermarche.com/pt/Content/images/boitmal/produit/zoom/245EEC8A0B4467D1E051FDB33D385593.jpg,,,,3,16
53919,2696282000000,53919,2696282000000,1,250.0,99,Pastelaria,"Baguete Constance, 250 g",,0.79,3.16,3.16,,0,[],250,250,0,0,True,False,"[{'dateFin': '2024-05-29T23:59:59.999999999+01:00', 'categorie': 'PROSPECTUS'}]",-,,,PUP,Pièce avec poids,kg,€/Kg,,,,,,,2024-05-29T23:59:59.999999999+01:00,PROSPECTUS,https://driveimg1.intermarche.com/pt/Content/images/boitmal/produit/zoom/0BA49B9462EB8B9EAD281953127E99E8.jpg,,,,3,16
5405,5601286252784,5405,5601286252784,1,500.0,99,Milaneza,Massa de macarrão grande,Embalagem de 500g,1.19,2.38,2.38,0.0,0,[],500,500,0,0,False,False,"[{'dateFin': '2024-05-29T23:59:59.999999999+01:00', 'categorie': 'PROSPECTUS'}]",,,,PUP,Pièce avec poids,kg,€/Kg,,,,,,,2024-05-29T23:59:59.999999999+01:00,PROSPECTUS,https://driveimg1.intermarche.com/pt/Content/images/boitmal/produit/zoom/DB37979552F13AA27DC107DA08BA1C15.jpg,,,,3,16
5471,5601385502575,5471,5601385502575,1,75.0,99,Sensodyne,"Pasta dentífrica, pro-esmalte",Embalagem de 75 ml,3.96,52.8,52.8,0.0,0,[],0,0,0,75,False,False,"[{'dateFin': '2024-06-05T23:59:59.999999999+01:00', 'categorie': 'PROSPECTUS'}]",,,,PUV,Pièce avec volume,L,€/L,,,,,,,2024-06-05T23:59:59.999999999+01:00,PROSPECTUS,https://driveimg1.intermarche.com/pt/Content/images/boitmal/produit/zoom/946B5E5FB286F75DB6EE9EC3896D8154.jpg,,,,3,16
5901,5604260247523,5901,5604260247523,1,2000.0,99,PorSi,Gelado de morango,Embalagem de 2 l,2.69,1.35,1.35,0.0,0,"[{'idPicto': 69, 'idCategorie': 28, 'libelleCategorie': 'Tipo de stockagem', 'image': 'https://driveimg1.intermarche.com/pt/Ressources/images/publication/8136.png', 'infoBulle': ''}]",0,0,0,2000,False,False,"[{'dateFin': '2024-05-29T23:59:59.999999999+01:00', 'categorie': 'PROSPECTUS'}]",,,,PUV,Pièce avec volume,L,€/L,,28.0,69.0,https://driveimg1.intermarche.com/pt/Ressources/images/publication/8136.png,,Tipo de stockagem,2024-05-29T23:59:59.999999999+01:00,PROSPECTUS,https://driveimg1.intermarche.com/pt/Content/images/boitmal/produit/zoom/D82528BBD4537BCDAF3E65EDA0ADB1B7.jpg,,,,3,16
5927,5604260256914,5927,5604260256914,1,2000.0,99,PorSi,Lava Tudo Perfumado Herbal,Embalagem de 2 l,0.89,0.45,0.45,0.0,0,[],0,0,0,2000,False,False,"[{'dateFin': '2024-05-29T23:59:59.999999999+01:00', 'categorie': 'PROSPECTUS'}]",,,,PUV,Pièce avec volume,L,€/L,,,,,,,2024-05-29T23:59:59.999999999+01:00,PROSPECTUS,https://driveimg1.intermarche.com/pt/Content/images/boitmal/produit/zoom/57C001769BF6AA292D0BD7DFF4016930.jpg,,,,3,16
6179,8000920200025,6179,8000920200025,1,650.0,99,Olá,Viennetta baunilha,Embalagem de 650 ml,2.59,3.98,3.98,0.0,0,"[{'idPicto': 69, 'idCategorie': 28, 'libelleCategorie': 'Tipo de stockagem', 'image': 'https://driveimg1.intermarche.com/pt/Ressources/images/publication/8136.png', 'infoBulle': ''}]",0,0,0,650,False,False,"[{'dateFin': '2024-05-29T23:59:59.999999999+01:00', 'categorie': 'PROSPECTUS'}]",,,,PUV,Pièce avec volume,L,€/L,,28.0,69.0,https://driveimg1.intermarche.com/pt/Ressources/images/publication/8136.png,,Tipo de stockagem,2024-05-29T23:59:59.999999999+01:00,PROSPECTUS,https://driveimg1.intermarche.com/pt/Content/images/boitmal/produit/zoom/4D05F364E352C09AFD56EFBAEDD20270.jpg,,,,3,16
6222,8003520013187,6222,8003520013187,1,300.0,99,Palmolive,"Sabonete líquido leite & mel, recarga",Embalagem de 300 ml,1.79,5.97,5.97,0.0,0,[],0,0,0,300,False,False,"[{'dateFin': '2024-06-05T23:59:59.999999999+01:00', 'categorie': 'PROSPECTUS'}]",,,,PUV,Pièce avec volume,L,€/L,,,,,,,2024-06-05T23:59:59.999999999+01:00,PROSPECTUS,https://driveimg1.intermarche.com/pt/Content/images/boitmal/produit/zoom/66ACFD39D82751BEB3736C3B1AF67A97.jpg,,,,3,16
6317,8410063059297,6317,8410063059297,1,900.0,99,Pescanova,30 barrinhas pescada,Embalagem de 900 g,8.99,9.99,9.99,0.0,0,"[{'idPicto': 69, 'idCategorie': 28, 'libelleCategorie': 'Tipo de stockagem', 'image': 'https://driveimg1.intermarche.com/pt/Ressources/images/publication/8136.png', 'infoBulle': ''}]",900,900,0,0,False,False,"[{'dateFin': '2024-05-29T23:59:59.999999999+01:00', 'categorie': 'PROSPECTUS'}]",,,,PUP,Pièce avec poids,kg,€/Kg,,28.0,69.0,https://driveimg1.intermarche.com/pt/Ressources/images/publication/8136.png,,Tipo de stockagem,2024-05-29T23:59:59.999999999+01:00,PROSPECTUS,https://driveimg1.intermarche.com/pt/Content/images/boitmal/produit/zoom/6D81D2FDA916D8E47D0BCA80E983F4B0.jpg,,,,3,16
6404,8410376017113,6404,8410376017113,1,500.0,99,Gullón,Bolacha recheada mega duo chocolate,Embalagem de 500g,2.49,4.98,4.98,0.0,0,[],500,500,0,0,False,False,"[{'dateFin': '2024-05-29T23:59:59.999999999+01:00', 'categorie': 'PROSPECTUS'}]",,,,PUP,Pièce avec poids,kg,€/Kg,,,,,,,2024-05-29T23:59:59.999999999+01:00,PROSPECTUS,https://driveimg1.intermarche.com/pt/Content/images/boitmal/produit/zoom/8EB5AE64DF1A4B711D2A877A1A47FC57.jpg,,,,3,16
7709,4005808917204,7709,4005808917204,1,750.0,99,Nivea,Gel de Duche Creme Care,Embalagem de 750 ml,4.19,5.59,5.59,0.0,0,[],0,0,0,750,False,False,"[{'dateFin': '2024-06-05T23:59:59.999999999+01:00', 'categorie': 'PROSPECTUS'}]",,,,PUV,Pièce avec volume,L,€/L,,,,,,,2024-06-05T23:59:59.999999999+01:00,PROSPECTUS,https://driveimg1.intermarche.com/pt/Content/images/boitmal/produit/zoom/C9677BFFC40F94BB4665AF01FD7F3FF5.jpg,,,,3,16
8397,5601050016017,8397,5601050016017,1,600.0,99,Danone,"Danacol morango,  6 x 100 g",,2.89,4.82,4.82,0.0,0,[],600,600,0,0,False,False,"[{'dateFin': '2024-05-29T23:59:59.999999999+01:00', 'categorie': 'PROSPECTUS'}]",,,,PUP,Pièce avec poids,kg,€/Kg,,,,,,,2024-05-29T23:59:59.999999999+01:00,PROSPECTUS,https://driveimg1.intermarche.com/pt/Content/images/boitmal/produit/zoom/5124A44EE2066C8E1CF52CF325D9AAB2.jpg,,,,3,16
8801,5601244201960,8801,5601244201960,1,350.0,99,Terra Nostra,"Queijo flamengo, bola quartos",Embalagem de 350g,3.29,9.4,9.4,0.0,0,[],350,350,0,0,False,False,"[{'dateFin': '2024-05-29T23:59:59.999999999+01:00', 'categorie': 'PROSPECTUS'}]",,,,PUP,Pièce avec poids,kg,€/Kg,,,,,,,2024-05-29T23:59:59.999999999+01:00,PROSPECTUS,https://driveimg1.intermarche.com/pt/Content/images/boitmal/produit/zoom/EAFF5C0559AD2637C6F580877C4E36CF.jpg,,,,3,16
9078,5601883000351,9078,5601883000351,1,250.0,99,Nova Açores,Manteiga com sal,Embalagem de 250g,1.97,7.88,7.88,0.0,0,[],250,250,0,0,False,False,"[{'dateFin': '2024-05-29T23:59:59.999999999+01:00', 'categorie': 'PROSPECTUS'}]",,,,PUP,Pièce avec poids,kg,€/Kg,,,,,,,2024-05-29T23:59:59.999999999+01:00,PROSPECTUS,https://driveimg1.intermarche.com/pt/Content/images/boitmal/produit/zoom/B374003B4D850F2B18FB43590E1FCCC4.jpg,,,,3,16
9294,5603722494215,9294,5603722494215,1,1000.0,99,Mimosa,Leite Especial Crescimento 1-3 Anos,Garrafa de 1 l,1.49,1.49,1.49,0.0,0,[],0,0,0,1000,False,False,"[{'dateFin': '2024-05-29T23:59:59.999999999+01:00', 'categorie': 'PROSPECTUS'}]",,,,PUV,Pièce avec volume,L,€/L,,,,,,,2024-05-29T23:59:59.999999999+01:00,PROSPECTUS,https://driveimg1.intermarche.com/pt/Content/images/boitmal/produit/zoom/E8EAAB44B3166FE020B43F64B725D8EB.jpg,https://driveimg1.intermarche.com/pt/Content/images/boitmal/produit/zoom/B8D0BEE13E0FA7481A224732CB88CE29.jpg,https://driveimg1.intermarche.com/pt/Content/images/boitmal/produit/zoom/CF47B7EE63F34663DCC396F54F91507B.jpg,,3,16
931,5601001228100,931,5601001228100,1,300.0,99,Nestum,Nestum flocos de cereais com mel,Embalagem de 300g,2.24,7.47,7.47,0.0,0,[],300,300,0,0,False,False,"[{'dateFin': '2024-05-29T23:59:59.999999999+01:00', 'categorie': 'PROSPECTUS'}]",,,,PUP,Pièce avec poids,kg,€/Kg,,,,,,,2024-05-29T23:59:59.999999999+01:00,PROSPECTUS,https://driveimg1.intermarche.com/pt/Content/images/boitmal/produit/zoom/3533A13BC534891673C8C96375839B78.jpg,,,,3,16
944,5601001339301,944,5601001339301,1,200.0,99,Nestlé,Mistura solúvel mokambo,Embalagem de 200g,3.74,18.7,18.7,0.0,0,"[{'idPicto': 3682, 'idCategorie': 52, 'libelleCategorie': 'Cabaz Compromisso', 'image': 'https://driveimg1.intermarche.com/pt/Ressources/images/publication/8175.png', 'infoBulle': ''}]",200,200,0,0,False,False,"[{'dateFin': '2024-05-29T23:59:59.999999999+01:00', 'categorie': 'PROSPECTUS'}]",,,,PUP,Pièce avec poids,kg,€/Kg,,52.0,3682.0,https://driveimg1.intermarche.com/pt/Ressources/images/publication/8175.png,,Cabaz Compromisso,2024-05-29T23:59:59.999999999+01:00,PROSPECTUS,https://driveimg1.intermarche.com/pt/Content/images/boitmal/produit/zoom/A8F3A8EB08BBF4181F15A95334F151A2.jpg,,,,3,16
5926,5604260256907,5926,5604260256907,1,2000.0,99,PorSi,Lava Tudo Perfumado Lavanda,Embalagem de 2 l,0.89,0.45,0.45,0.0,0,[],0,0,0,2000,False,False,"[{'dateFin': '2024-05-29T23:59:59.999999999+01:00', 'categorie': 'PROSPECTUS'}]",,,,PUV,Pièce avec volume,L,€/L,,,,,,,2024-05-29T23:59:59.999999999+01:00,PROSPECTUS,https://driveimg1.intermarche.com/pt/Content/images/boitmal/produit/zoom/178A7D0C5D08F0A129C70A330BD657B3.jpg,,,,3,16
49463,8445290250322,49463,8445290250322,1,600.0,99,Nestum,Flocos Cereais Mel,Embalagem de 600g,3.79,6.32,6.32,0.0,0,"[{'idPicto': 3682, 'idCategorie': 52, 'libelleCategorie': 'Cabaz Compromisso', 'image': 'https://driveimg1.intermarche.com/pt/Ressources/images/publication/8175.png', 'infoBulle': ''}]",600,600,0,0,False,False,"[{'dateFin': '2024-05-29T23:59:59.999999999+01:00', 'categorie': 'PROSPECTUS'}]",,,,PUP,Pièce avec poids,kg,€/Kg,,52.0,3682.0,https://driveimg1.intermarche.com/pt/Ressources/images/publication/8175.png,,Cabaz Compromisso,2024-05-29T23:59:59.999999999+01:00,PROSPECTUS,https://driveimg1.intermarche.com/pt/Content/images/boitmal/produit/zoom/9F028579C623CFF4FC3FA9CCEB955938.jpg,,,,3,16
405,8712566410910,405,8712566410910,1,280.0,99,Calvé,Ketchup,Embalagem de 280g,1.84,6.57,6.57,0.0,0,[],280,280,0,0,False,False,"[{'dateFin': '2024-05-29T23:59:59.999999999+01:00', 'categorie': 'PROSPECTUS'}]",,,,PUP,Pièce avec poids,kg,€/Kg,,,,,,,2024-05-29T23:59:59.999999999+01:00,PROSPECTUS,https://driveimg1.intermarche.com/pt/Content/images/boitmal/produit/zoom/D7E099A6ABAECF4C5D06260734A2C975.jpg,https://driveimg1.intermarche.com/pt/Content/images/boitmal/produit/zoom/0D7B165FF00CA45BD8F6AC077E3CA1EC.jpg,https://driveimg1.intermarche.com/pt/Content/images/boitmal/produit/zoom/0D7B165FF00CA45BD8F6AC077E3CA1EC.jpg,,3,16
40925,8710522652138,40925,8710522652138,1,240.0,99,Calvé,Maionese,Embalagem de 240g,1.59,6.63,6.63,0.0,0,[],240,240,0,0,False,False,"[{'dateFin': '2024-05-29T23:59:59.999999999+01:00', 'categorie': 'PROSPECTUS'}]",,,,PUP,Pièce avec poids,kg,€/Kg,,,,,,,2024-05-29T23:59:59.999999999+01:00,PROSPECTUS,https://driveimg1.intermarche.com/pt/Content/images/boitmal/produit/zoom/BAE5DB5E204D247526D3D3D4E5D5A52E.jpg,https://driveimg1.intermarche.com/pt/Content/images/boitmal/produit/zoom/8E23B17512BCD2C444A6228885CC4217.jpg,https://driveimg1.intermarche.com/pt/Content/images/boitmal/produit/zoom/8E23B17512BCD2C444A6228885CC4217.jpg,,3,16
22335,5000116110940,22335,5000116110940,1,420.0,99,Capitão Iglo,15 douradinhos,Embalagem de 420g,4.99,11.88,11.88,0.0,0,"[{'idPicto': 69, 'idCategorie': 28, 'libelleCategorie': 'Tipo de stockagem', 'image': 'https://driveimg1.intermarche.com/pt/Ressources/images/publication/8136.png', 'infoBulle': ''}]",420,420,0,0,False,False,"[{'dateFin': '2024-05-29T23:59:59.999999999+01:00', 'categorie': 'PROSPECTUS'}]",,,,PUP,Pièce avec poids,kg,€/Kg,,28.0,69.0,https://driveimg1.intermarche.com/pt/Ressources/images/publication/8136.png,,Tipo de stockagem,2024-05-29T23:59:59.999999999+01:00,PROSPECTUS,https://driveimg1.intermarche.com/pt/Content/images/boitmal/produit/zoom/A875E63BB10AF2CF300666B64DC69107.jpg,,,,3,16
47780,5604260320240,47780,5604260320240,1,300.0,99,PorSi,Tiras de bacon fumado,Embalagem de 300g,2.99,9.97,9.97,0.0,0,[],300,300,0,0,False,False,"[{'dateFin': '2024-05-29T23:59:59.999999999+01:00', 'categorie': 'PROSPECTUS'}]",,,,PUP,Pièce avec poids,kg,€/Kg,,,,,,,2024-05-29T23:59:59.999999999+01:00,PROSPECTUS,https://driveimg1.intermarche.com/pt/Content/images/boitmal/produit/zoom/80CC41CC9F6FBD3532F6CC19AABCD569.jpg,,,,3,16
49763,5601050037579,49763,5601050037579,1,460.0,99,Danone,"Iogurte Activia Fibras Aveia & Frutos Secos, 4 x 120g",,2.29,4.98,4.98,0.0,0,[],460,460,0,0,False,False,"[{'dateFin': '2024-05-29T23:59:59.999999999+01:00', 'categorie': 'PROSPECTUS'}]",,,,PUP,Pièce avec poids,kg,€/Kg,,,,,,,2024-05-29T23:59:59.999999999+01:00,PROSPECTUS,https://driveimg1.intermarche.com/pt/Content/images/boitmal/produit/zoom/D3105D0A7021B60785802EF13F61AE8F.jpg,,,,3,16
40739,5604260302666,40739,5604260302666,1,2000.0,99,PorSi,Lava Tudo Perfumado flor de laranjeira,Embalagem de 2 l,0.89,0.45,0.45,0.0,0,[],0,0,0,2000,False,False,"[{'dateFin': '2024-05-29T23:59:59.999999999+01:00', 'categorie': 'PROSPECTUS'}]",,,,PUV,Pièce avec volume,L,€/L,,,,,,,2024-05-29T23:59:59.999999999+01:00,PROSPECTUS,https://driveimg1.intermarche.com/pt/Content/images/boitmal/produit/zoom/89DA08091234CE903CB3C3383C7EFE36.jpg,,,,3,16
9184,5602348062754,9184,5602348062754,1,70.0,99,Damatta,Presunto sabor português fatiado,Embalagem de 70 g,2.29,32.71,32.71,0.0,0,[],70,70,0,0,False,False,"[{'dateFin': '2024-05-29T23:59:59.999999999+01:00', 'categorie': 'PROSPECTUS'}]",,,,PUP,Pièce avec poids,kg,€/Kg,,,,,,,2024-05-29T23:59:59.999999999+01:00,PROSPECTUS,https://driveimg1.intermarche.com/pt/Content/images/boitmal/produit/zoom/0A14ED361A0023E1AFBFC3FC3C5833B1.jpg,,,,3,16
4110,3250393073519,4110,3250393073519,1,2500.0,99,Kings Bräu,Panaché,"Embalagem de 10x0,25 l",3.19,1.28,1.28,0.0,0,[],0,0,0,2500,False,False,"[{'dateFin': '2024-05-29T23:59:59.999999999+01:00', 'categorie': 'PROSPECTUS'}]",,,,PUV,Pièce avec volume,L,€/L,,,,,,,2024-05-29T23:59:59.999999999+01:00,PROSPECTUS,https://driveimg1.intermarche.com/pt/Content/images/boitmal/produit/zoom/3577F9C513F9B4EC2D2C843B989BE43F.jpg,,,,3,16
2520,7613033822827,2520,7613033822827,1,250.0,99,Nestum,Nestum flocos de cereais integrais,Embalagem de 250g,2.16,8.64,8.64,0.0,0,[],250,250,0,0,False,False,"[{'dateFin': '2024-05-29T23:59:59.999999999+01:00', 'categorie': 'PROSPECTUS'}]",,,,PUP,Pièce avec poids,kg,€/Kg,,,,,,,2024-05-29T23:59:59.999999999+01:00,PROSPECTUS,https://driveimg1.intermarche.com/pt/Content/images/boitmal/produit/zoom/C34EF83D0967AA6ED013672F2285D0CB.jpg,,,,3,16
46847,5604260316205,46847,5604260316205,1,500.0,99,PorSi,Laços tricolores,Embalagem de 500 g,1.23,2.46,2.46,0.0,0,[],500,500,0,0,False,False,"[{'dateFin': '2024-05-29T23:59:59.999999999+01:00', 'categorie': 'PROSPECTUS'}]",,,,PUP,Pièce avec poids,kg,€/Kg,,,,,,,2024-05-29T23:59:59.999999999+01:00,PROSPECTUS,https://driveimg1.intermarche.com/pt/Content/images/boitmal/produit/zoom/F231B7C26B70C546DDFEE19615809A82.jpg,,,,3,16
1467,5601286236784,1467,5601286236784,1,500.0,99,Milaneza,Massa de espirais,Embalagem de 500g,1.04,2.08,2.08,0.0,0,[],500,500,0,0,False,False,"[{'dateFin': '2024-05-29T23:59:59.999999999+01:00', 'categorie': 'PROSPECTUS'}]",,,,PUP,Pièce avec poids,kg,€/Kg,,,,,,,2024-05-29T23:59:59.999999999+01:00,PROSPECTUS,https://driveimg1.intermarche.com/pt/Content/images/boitmal/produit/zoom/75C555C38AA58E95CAD2174BF2E349D1.jpg,,,,3,16
5925,5604260256891,5925,5604260256891,1,2000.0,99,PorSi,Lava Tudo Perfumado Floral,Embalagem de 2 l,0.89,0.45,0.45,0.0,0,[],0,0,0,2000,False,False,"[{'dateFin': '2024-05-29T23:59:59.999999999+01:00', 'categorie': 'PROSPECTUS'}]",,,,PUV,Pièce avec volume,L,€/L,,,,,,,2024-05-29T23:59:59.999999999+01:00,PROSPECTUS,https://driveimg1.intermarche.com/pt/Content/images/boitmal/produit/zoom/65E03894578F8654DEF9BCBDF20EB7D2.jpg,,,,3,16
35542,7613036867405,35542,7613036867405,1,210.0,99,Nescafé,Café em cápsulas dolce gusto ristreto intenso,Embalagem de 210g,8.99,42.81,42.81,0.0,0,"[{'idPicto': 3682, 'idCategorie': 52, 'libelleCategorie': 'Cabaz Compromisso', 'image': 'https://driveimg1.intermarche.com/pt/Ressources/images/publication/8175.png', 'infoBulle': ''}]",210,210,0,0,False,False,"[{'dateFin': '2024-05-29T23:59:59.999999999+01:00', 'categorie': 'PROSPECTUS'}]",,,,PUP,Pièce avec poids,kg,€/Kg,,52.0,3682.0,https://driveimg1.intermarche.com/pt/Ressources/images/publication/8175.png,,Cabaz Compromisso,2024-05-29T23:59:59.999999999+01:00,PROSPECTUS,https://driveimg1.intermarche.com/pt/Content/images/boitmal/produit/zoom/267E125B7795F042AD3E2E89E4989A32.jpg,,,,3,16
49762,5601050037562,49762,5601050037562,1,460.0,99,Danone,"Iogurte com Cereais Activia, 4 x 120g",,2.29,4.98,4.98,0.0,0,[],460,460,0,0,False,False,"[{'dateFin': '2024-05-29T23:59:59.999999999+01:00', 'categorie': 'PROSPECTUS'}]",,,,PUP,Pièce avec poids,kg,€/Kg,,,,,,,2024-05-29T23:59:59.999999999+01:00,PROSPECTUS,https://driveimg1.intermarche.com/pt/Content/images/boitmal/produit/zoom/51EAF4A53D8366A31634F35574981BCB.jpg,,,,3,16
49293,8436048962680,49293,8436048962680,1,128.0,99,Artiach,Filipinos chocolate leite,Embalagem de 128g,1.09,8.52,8.52,0.0,0,[],128,128,0,0,False,False,"[{'dateFin': '2024-05-29T23:59:59.999999999+01:00', 'categorie': 'PROSPECTUS'}]",,,,PUP,Pièce avec poids,kg,€/Kg,,,,,,,2024-05-29T23:59:59.999999999+01:00,PROSPECTUS,https://driveimg1.intermarche.com/pt/Content/images/boitmal/produit/zoom/CBA0BC5160CAF060D67235F585601BD5.jpg,,,,3,16
1438,5601260047108,1438,5601260047108,1,1000.0,99,Saludães,Arroz agulha,Embalagem de 1kg,1.34,1.34,1.34,0.0,0,[],1000,1000,0,0,False,False,"[{'dateFin': '2024-05-29T23:59:59.999999999+01:00', 'categorie': 'PROSPECTUS'}]",,,,PUP,Pièce avec poids,kg,€/Kg,,,,,,,2024-05-29T23:59:59.999999999+01:00,PROSPECTUS,https://driveimg1.intermarche.com/pt/Content/images/boitmal/produit/zoom/A47E0478F621CD18819B801F7F6528A1.jpg,,,,3,16
31141,3073781094930,31141,3073781094930,1,140.0,99,A Vaca Que Ri,Queijo fundido vaca que ri palitos light 140g,Embalagem de 140g,1.99,14.21,14.21,0.0,0,[],140,140,0,0,False,False,"[{'dateFin': '2024-05-29T23:59:59.999999999+01:00', 'categorie': 'PROSPECTUS'}]",,,,PUP,Pièce avec poids,kg,€/Kg,,,,,,,2024-05-29T23:59:59.999999999+01:00,PROSPECTUS,https://driveimg1.intermarche.com/pt/Content/images/boitmal/produit/zoom/4BFD7554CB8C51365C2135BFB8F8E399.jpg,,,,3,16
52377,8720181385131,52377,8720181385131,1,,99,Skip,Detergente Máquina Roupa Líquido Sabão Natural,100 Doses,11.99,11.99,11.99,0.0,0,[],0,0,0,0,False,False,"[{'dateFin': '2024-05-29T23:59:59.999999999+01:00', 'categorie': 'PROSPECTUS'}]",,,0.0,PU,Pièce unitaire,,€/Unidade,,,,,,,2024-05-29T23:59:59.999999999+01:00,PROSPECTUS,https://driveimg1.intermarche.com/pt/Content/images/boitmal/produit/zoom/C8D069DB25783C2FC7889DE8456B0590.jpg,,,,3,16
5243,5601151170755,5243,5601151170755,1,410.0,99,Compal,Feijão preto,Lata de 410 ml,0.99,2.41,2.41,0.0,0,[],0,0,0,410,False,False,"[{'dateFin': '2024-05-29T23:59:59.999999999+01:00', 'categorie': 'PROSPECTUS'}]",,,,PUV,Pièce avec volume,L,€/L,,,,,,,2024-05-29T23:59:59.999999999+01:00,PROSPECTUS,https://driveimg1.intermarche.com/pt/Content/images/boitmal/produit/zoom/148292276E212E85BD820FA0193628A4.jpg,,,,3,16
13582,2893577000000,13582,2893577000000,100,800.0,99,Peixaria,Solha Congelada (200/400),Pescado no mar,3.99,4.99,4.99,,0,"[{'idPicto': 3644, 'idCategorie': 7, 'libelleCategorie': 'Avantages !', 'image': 'https://driveimg1.intermarche.com/pt/Ressources/images/publication/8135.png', 'infoBulle': ''}]",800,800,0,0,True,False,"[{'dateFin': '2024-05-29T23:59:59.999999999+01:00', 'categorie': 'PROSPECTUS'}]","Z.C. ATL.NORDESTE,MAR DE BARENTS FAO 27 II",CONG:01/,,PVI,Poids variable à intervalle,,€/Kg,,7.0,3644.0,https://driveimg1.intermarche.com/pt/Ressources/images/publication/8135.png,,Avantages !,2024-05-29T23:59:59.999999999+01:00,PROSPECTUS,https://driveimg1.intermarche.com/pt/Content/images/boitmal/produit/zoom/09CD29C77ECA15BC59D0A288B72C20B4.jpg,,,,3,16
12356,8410108122535,12356,8410108122535,1,,99,Dodot,Toalhitas Sensitive |Recarga,Pack: 4 x54 unidades,5.99,5.99,5.99,0.0,0,[],0,0,0,0,False,False,"[{'dateFin': '2024-05-29T23:59:59.999999999+01:00', 'categorie': 'PROSPECTUS'}]",,,216.0,PU,Pièce unitaire,,€/Unidade,,,,,,,2024-05-29T23:59:59.999999999+01:00,PROSPECTUS,https://driveimg1.intermarche.com/pt/Content/images/boitmal/produit/zoom/3AFCF785D12B8F0C41439CFF0CD8CB05.jpg,https://driveimg1.intermarche.com/pt/Content/images/boitmal/produit/zoom/47D40D02C955E98DB96B03E04432FF85.jpg,https://driveimg1.intermarche.com/pt/Content/images/boitmal/produit/zoom/47D40D02C955E98DB96B03E04432FF85.jpg,,3,16
19046,5000116110414,19046,5000116110414,1,480.0,99,Capitão Iglo,8 hamburguers s/ glúten frango,Embalagem de 480g,7.49,15.6,15.6,0.0,0,"[{'idPicto': 69, 'idCategorie': 28, 'libelleCategorie': 'Tipo de stockagem', 'image': 'https://driveimg1.intermarche.com/pt/Ressources/images/publication/8136.png', 'infoBulle': ''}]",480,480,0,0,False,False,"[{'dateFin': '2024-05-29T23:59:59.999999999+01:00', 'categorie': 'PROSPECTUS'}]",,,,PUP,Pièce avec poids,kg,€/Kg,,28.0,69.0,https://driveimg1.intermarche.com/pt/Ressources/images/publication/8136.png,,Tipo de stockagem,2024-05-29T23:59:59.999999999+01:00,PROSPECTUS,https://driveimg1.intermarche.com/pt/Content/images/boitmal/produit/zoom/1C35A366EB207E26898D1AC0CE188CE6.jpg,,,,3,16
43658,5604260312672,43658,5604260312672,1,275.0,99,PorSi,Perolas perfumadas fresh,Embalagem de 275 g,2.79,10.15,10.15,0.0,0,[],275,275,0,0,False,False,"[{'dateFin': '2024-05-29T23:59:59.999999999+01:00', 'categorie': 'PROSPECTUS'}]",,,,PUP,Pièce avec poids,kg,€/Kg,,,,,,,2024-05-29T23:59:59.999999999+01:00,PROSPECTUS,https://driveimg1.intermarche.com/pt/Content/images/boitmal/produit/zoom/4A41B4FACDA7EF6E3D263E1AEB934F2C.jpg,,,,3,16
47109,7613287218704,47109,7613287218704,1,110.0,99,Nestlé,Bolsitas de puré de 4 frutas,Embalagem de 110g,0.8,7.27,7.27,0.0,0,[],110,110,0,0,False,False,"[{'dateFin': '2024-05-29T23:59:59.999999999+01:00', 'categorie': 'PROSPECTUS'}]",,,,PUP,Pièce avec poids,kg,€/Kg,,,,,,,2024-05-29T23:59:59.999999999+01:00,PROSPECTUS,https://driveimg1.intermarche.com/pt/Content/images/boitmal/produit/zoom/AAE972318DF3C7B29E7A2F9B4E66DEFB.jpg,,,,3,16
49841,5601195106147,49841,5601195106147,1,6000.0,99,Pedras Salgadas,"Água com Gás, pack 6 x 1 litro",,4.97,0.83,0.83,0.0,0,[],0,0,0,6000,False,False,"[{'dateFin': '2024-05-29T23:59:59.999999999+01:00', 'categorie': 'PROSPECTUS'}]",,,,PUV,Pièce avec volume,L,€/L,,,,,,,2024-05-29T23:59:59.999999999+01:00,PROSPECTUS,https://driveimg1.intermarche.com/pt/Content/images/boitmal/produit/zoom/86431D29BDF4EFDD339EF8F631368971.jpg,,,,3,16
22254,3600542027533,22254,3600542027533,1,250.0,99,Ultra Suave,Champô Limão & Argila,Embalagem de 400 ml,3.79,15.16,15.16,0.0,0,[],0,0,0,250,False,False,"[{'dateFin': '2024-06-05T23:59:59.999999999+01:00', 'categorie': 'PROSPECTUS'}]",,,,PUV,Pièce avec volume,L,€/L,,,,,,,2024-06-05T23:59:59.999999999+01:00,PROSPECTUS,https://driveimg1.intermarche.com/pt/Content/images/boitmal/produit/zoom/E3CC3793DBEA441FB5E435D1445DE8F2.jpg,,,,3,16
43756,8410500026363,43756,8410500026363,1,480.0,99,Danone,"Iogurte Activia 0% aveia e linhaça,  4 x 120 g",,2.29,4.77,4.77,0.0,0,[],480,480,0,0,False,False,"[{'dateFin': '2024-05-29T23:59:59.999999999+01:00', 'categorie': 'PROSPECTUS'}]",,,,PUP,Pièce avec poids,kg,€/Kg,,,,,,,2024-05-29T23:59:59.999999999+01:00,PROSPECTUS,https://driveimg1.intermarche.com/pt/Content/images/boitmal/produit/zoom/E57678E975E0133AA749A66A9BC6FE48.jpg,,,,3,16
1274,5601151070758,1274,5601151070758,1,410.0,99,Compal,Feijão manteiga,Lata de 410 ml,0.99,2.41,2.41,0.0,0,[],0,0,0,410,False,False,"[{'dateFin': '2024-05-29T23:59:59.999999999+01:00', 'categorie': 'PROSPECTUS'}]",,,,PUV,Pièce avec volume,L,€/L,,,,,,,2024-05-29T23:59:59.999999999+01:00,PROSPECTUS,https://driveimg1.intermarche.com/pt/Content/images/boitmal/produit/zoom/F0994D6790474BD2BB5E91E2063CEE44.jpg,,,,3,16
1296,5601151543306,1296,5601151543306,1,1000.0,99,Compal,Néctar de pera,Embalagem de 1 l,1.09,1.09,1.09,0.0,0,[],0,0,0,1000,False,False,"[{'dateFin': '2024-05-29T23:59:59.999999999+01:00', 'categorie': 'PROSPECTUS'}]",,,,PUV,Pièce avec volume,L,€/L,,,,,,,2024-05-29T23:59:59.999999999+01:00,PROSPECTUS,https://driveimg1.intermarche.com/pt/Content/images/boitmal/produit/zoom/FF128F0B6279B1B088FCD71AE0426649.jpg,,,,3,16
1468,5601286250780,1468,5601286250780,1,500.0,99,Milaneza,Massa macarronete riscado,Embalagem de 500g,1.04,2.08,2.08,0.0,0,[],500,500,0,0,False,False,"[{'dateFin': '2024-05-29T23:59:59.999999999+01:00', 'categorie': 'PROSPECTUS'}]",,,,PUP,Pièce avec poids,kg,€/Kg,,,,,,,2024-05-29T23:59:59.999999999+01:00,PROSPECTUS,https://driveimg1.intermarche.com/pt/Content/images/boitmal/produit/zoom/E29625DD7DC1FE05A5F96FD16E9391E8.jpg,,,,3,16
30721,5601883270013,30721,5601883270013,1,150.0,99,Nova Açores,Queijo da ilha fatiado,Embalagem de 150g,1.99,13.27,13.27,0.0,0,[],150,150,0,0,False,False,"[{'dateFin': '2024-05-29T23:59:59.999999999+01:00', 'categorie': 'PROSPECTUS'}]",,,,PUP,Pièce avec poids,kg,€/Kg,,,,,,,2024-05-29T23:59:59.999999999+01:00,PROSPECTUS,https://driveimg1.intermarche.com/pt/Content/images/boitmal/produit/zoom/10D73E639C6863D311DF928EA5B5A457.jpg,,,,3,16
43981,5604260313563,43981,5604260313563,1,300.0,99,PorSi,Gomas ovinhos,Embalagem de 300 g,1.69,5.63,5.63,0.0,0,[],300,300,0,0,False,False,"[{'dateFin': '2024-05-29T23:59:59.999999999+01:00', 'categorie': 'PROSPECTUS'}]",,,,PUP,Pièce avec poids,kg,€/Kg,,,,,,,2024-05-29T23:59:59.999999999+01:00,PROSPECTUS,https://driveimg1.intermarche.com/pt/Content/images/boitmal/produit/zoom/1D1A1E244E30E76779D68C6B2C1368E1.jpg,,,,3,16
5403,5601286211781,5403,5601286211781,1,500.0,99,Milaneza,Massa linguine,Embalagem de 500g,1.25,2.5,2.5,0.0,0,[],500,500,0,0,False,False,"[{'dateFin': '2024-05-29T23:59:59.999999999+01:00', 'categorie': 'PROSPECTUS'}]",,,,PUP,Pièce avec poids,kg,€/Kg,,,,,,,2024-05-29T23:59:59.999999999+01:00,PROSPECTUS,https://driveimg1.intermarche.com/pt/Content/images/boitmal/produit/zoom/704F39F2EDF7458BC2C5C5750B9A7F1C.jpg,,,,3,16
9989,8000430133035,9989,8000430133035,1,125.0,99,Galbani,Queijo mozzarella fresca,Embalagem de 125 g,1.64,13.12,13.12,0.0,0,[],125,125,0,0,False,False,"[{'dateFin': '2024-05-29T23:59:59.999999999+01:00', 'categorie': 'PROSPECTUS'}]",,,,PUP,Pièce avec poids,kg,€/Kg,,,,,,,2024-05-29T23:59:59.999999999+01:00,PROSPECTUS,https://driveimg1.intermarche.com/pt/Content/images/boitmal/produit/zoom/605C9FB94611B32191667C7EDC36EC8E.jpg,,,,3,16
10823,2895063000000,10823,2895063000000,250,250.0,99,Castelões,Queijo Curado kg,1 un = 250 gr  (aprox.),2.75,10.99,10.99,,0,[],250,250,0,0,True,False,"[{'dateFin': '2024-05-29T23:59:59.999999999+01:00', 'categorie': 'PROSPECTUS'}]",Portugal,,,PVI,Poids variable à intervalle,,€/Kg,,,,,,,2024-05-29T23:59:59.999999999+01:00,PROSPECTUS,https://driveimg1.intermarche.com/pt/Content/images/boitmal/produit/zoom/75B6363D9B6BD363EA11623977BF1CB2.jpg,,,,3,16
11642,5601180002003,11642,5601180002003,1,1000.0,99,Vigor,Leite pasteurizado magro,Garrafa de 1 l,0.98,0.98,0.98,0.0,0,[],0,0,0,1000,False,False,"[{'dateFin': '2024-05-29T23:59:59.999999999+01:00', 'categorie': 'PROSPECTUS'}]",,,,PUV,Pièce avec volume,L,€/L,,,,,,,2024-05-29T23:59:59.999999999+01:00,PROSPECTUS,https://driveimg1.intermarche.com/pt/Content/images/boitmal/produit/zoom/4712850F57AD5A8BB3282BD0DF37AD78.jpg,,,,3,16
1455,5601286214782,1455,5601286214782,1,500.0,99,Milaneza,Aletria,Embalagem de 500g,1.25,2.5,2.5,0.0,0,[],500,500,0,0,False,False,"[{'dateFin': '2024-05-29T23:59:59.999999999+01:00', 'categorie': 'PROSPECTUS'}]",,,,PUP,Pièce avec poids,kg,€/Kg,,,,,,,2024-05-29T23:59:59.999999999+01:00,PROSPECTUS,https://driveimg1.intermarche.com/pt/Content/images/boitmal/produit/zoom/0C88DF23B70E89E63079C07076C9E33B.jpg,,,,3,16
1712,5604170000027,1712,5604170000027,1,500.0,99,Jorge v.f.,Mel em frasco de vidro,Embalagem de 500g,2.29,4.58,4.58,0.0,0,[],500,500,0,0,False,False,"[{'dateFin': '2024-05-29T23:59:59.999999999+01:00', 'categorie': 'PROSPECTUS'}]",,,,PUP,Pièce avec poids,kg,€/Kg,,,,,,,2024-05-29T23:59:59.999999999+01:00,PROSPECTUS,https://driveimg1.intermarche.com/pt/Content/images/boitmal/produit/zoom/6B68C57E6BC0FE58B0AB5AC488FC02CF.jpg,,,,3,16
21767,7613035487871,21767,7613035487871,1,90.0,99,Nestlé,Fruta para bebé multifrutas +4 meses,Embalagem de 90g,0.72,8.0,8.0,0.0,0,[],90,90,0,0,False,False,"[{'dateFin': '2024-05-29T23:59:59.999999999+01:00', 'categorie': 'PROSPECTUS'}]",,,,PUP,Pièce avec poids,kg,€/Kg,,,,,,,2024-05-29T23:59:59.999999999+01:00,PROSPECTUS,https://driveimg1.intermarche.com/pt/Content/images/boitmal/produit/zoom/59D3B6826D610DDEB0688A4041A5FB71.jpg,,,,3,16
26414,5000116110919,26414,5000116110919,1,1042.0,99,Capitão Iglo,50 nuggets de frango,Embalagem de 1042g,12.99,12.47,12.47,0.0,0,"[{'idPicto': 69, 'idCategorie': 28, 'libelleCategorie': 'Tipo de stockagem', 'image': 'https://driveimg1.intermarche.com/pt/Ressources/images/publication/8136.png', 'infoBulle': ''}]",1042,1042,0,0,False,False,"[{'dateFin': '2024-05-29T23:59:59.999999999+01:00', 'categorie': 'PROSPECTUS'}]",,,,PUP,Pièce avec poids,kg,€/Kg,,28.0,69.0,https://driveimg1.intermarche.com/pt/Ressources/images/publication/8136.png,,Tipo de stockagem,2024-05-29T23:59:59.999999999+01:00,PROSPECTUS,https://driveimg1.intermarche.com/pt/Content/images/boitmal/produit/zoom/EFDC76A0E2DA568466B2DD97096F0B41.jpg,,,,3,16
28062,5603722516764,28062,5603722516764,1,150.0,99,Castelões,"Queijo sem lactose fatiado, 150g",,1.79,11.93,11.93,0.0,0,[],150,150,0,0,False,False,"[{'dateFin': '2024-05-29T23:59:59.999999999+01:00', 'categorie': 'PROSPECTUS'}]",,,,PUP,Pièce avec poids,kg,€/Kg,,,,,,,2024-05-29T23:59:59.999999999+01:00,PROSPECTUS,https://driveimg1.intermarche.com/pt/Content/images/boitmal/produit/zoom/5F601B42C74F0F85211A2BAC0672F8FD.jpg,,,,3,16
43214,5603722519796,43214,5603722519796,1,400.0,99,Castelões,Queijo curado fatias,Embalagem de 2 x 200 g,3.89,9.73,9.73,0.0,0,[],400,400,0,0,False,False,"[{'dateFin': '2024-05-29T23:59:59.999999999+01:00', 'categorie': 'PROSPECTUS'}]",,,,PUP,Pièce avec poids,kg,€/Kg,,,,,,,2024-05-29T23:59:59.999999999+01:00,PROSPECTUS,https://driveimg1.intermarche.com/pt/Content/images/boitmal/produit/zoom/A8A0B279D13E0119B09B287F876CCAA6.jpg,,,,3,16
49505,8006540618578,49505,8006540618578,1,,99,Dodot,Fraldas Bebé Seco Extra T3+ 7-11kg,Embalagem c/ 66 un.,13.49,13.49,13.49,0.0,0,"[{'idPicto': 3682, 'idCategorie': 52, 'libelleCategorie': 'Cabaz Compromisso', 'image': 'https://driveimg1.intermarche.com/pt/Ressources/images/publication/8175.png', 'infoBulle': ''}]",0,0,0,0,False,False,"[{'dateFin': '2024-05-29T23:59:59.999999999+01:00', 'categorie': 'PROSPECTUS'}]",,,0.0,PU,Pièce unitaire,,€/Unidade,,52.0,3682.0,https://driveimg1.intermarche.com/pt/Ressources/images/publication/8175.png,,Cabaz Compromisso,2024-05-29T23:59:59.999999999+01:00,PROSPECTUS,https://driveimg1.intermarche.com/pt/Content/images/boitmal/produit/zoom/BEEC46C8A19C711256F037B8E4254626.jpg,,,,3,16
52338,8720181392931,52338,8720181392931,1,,99,Comfort,Amaciador Roupa Concentrado Creations Jasmim e Mirtilo,76 Doses,3.99,3.99,3.99,0.0,0,"[{'idPicto': 3682, 'idCategorie': 52, 'libelleCategorie': 'Cabaz Compromisso', 'image': 'https://driveimg1.intermarche.com/pt/Ressources/images/publication/8175.png', 'infoBulle': ''}]",0,0,0,0,False,False,"[{'dateFin': '2024-05-29T23:59:59.999999999+01:00', 'categorie': 'PROSPECTUS'}]",,,0.0,PU,Pièce unitaire,,€/Unidade,,52.0,3682.0,https://driveimg1.intermarche.com/pt/Ressources/images/publication/8175.png,,Cabaz Compromisso,2024-05-29T23:59:59.999999999+01:00,PROSPECTUS,https://driveimg1.intermarche.com/pt/Content/images/boitmal/produit/zoom/DED7323146382FF9F9D6D0F2196F9D63.jpg,,,,3,16
1304,5601151860755,1304,5601151860755,1,410.0,99,Compal,Feijão frade,Lata de 410 ml,0.99,2.41,2.41,0.0,0,[],0,0,0,410,False,False,"[{'dateFin': '2024-05-29T23:59:59.999999999+01:00', 'categorie': 'PROSPECTUS'}]",,,,PUV,Pièce avec volume,L,€/L,,,,,,,2024-05-29T23:59:59.999999999+01:00,PROSPECTUS,https://driveimg1.intermarche.com/pt/Content/images/boitmal/produit/zoom/066688CD8BF0590497712193ADD4FE5F.jpg,,,,3,16
1327,5601164115606,1327,5601164115606,1,1000.0,99,Super Bock,Cerveja com álcool,Garrafa de 1 l,1.69,1.69,1.69,0.0,0,[],0,0,0,1000,False,False,"[{'dateFin': '2024-05-29T23:59:59.999999999+01:00', 'categorie': 'PROSPECTUS'}]",,,,PUV,Pièce avec volume,L,€/L,,,,,,,2024-05-29T23:59:59.999999999+01:00,PROSPECTUS,https://driveimg1.intermarche.com/pt/Content/images/boitmal/produit/zoom/FC11CF1C46007F0CF2F97506679F884C.jpg,,,,3,16
25735,5000116112173,25735,5000116112173,1,208.0,99,Capitão Iglo,10 nuggets peito de frango e queijo,Embalagem de 210g,2.99,14.38,14.38,0.0,0,"[{'idPicto': 69, 'idCategorie': 28, 'libelleCategorie': 'Tipo de stockagem', 'image': 'https://driveimg1.intermarche.com/pt/Ressources/images/publication/8136.png', 'infoBulle': ''}]",208,208,0,0,False,False,"[{'dateFin': '2024-05-29T23:59:59.999999999+01:00', 'categorie': 'PROSPECTUS'}]",,,,PUP,Pièce avec poids,kg,€/Kg,,28.0,69.0,https://driveimg1.intermarche.com/pt/Ressources/images/publication/8136.png,,Tipo de stockagem,2024-05-29T23:59:59.999999999+01:00,PROSPECTUS,https://driveimg1.intermarche.com/pt/Content/images/boitmal/produit/zoom/E9A162F74796CC7150848F5AAF7336C9.jpg,,,,3,16
52339,8720181392924,52339,8720181392924,1,,99,Comfort,Amaciador Roupa Concentrado Creations Lírios e Morango,76 Doses,3.99,3.99,3.99,0.0,0,"[{'idPicto': 3682, 'idCategorie': 52, 'libelleCategorie': 'Cabaz Compromisso', 'image': 'https://driveimg1.intermarche.com/pt/Ressources/images/publication/8175.png', 'infoBulle': ''}]",0,0,0,0,False,False,"[{'dateFin': '2024-05-29T23:59:59.999999999+01:00', 'categorie': 'PROSPECTUS'}]",,,0.0,PU,Pièce unitaire,,€/Unidade,,52.0,3682.0,https://driveimg1.intermarche.com/pt/Ressources/images/publication/8175.png,,Cabaz Compromisso,2024-05-29T23:59:59.999999999+01:00,PROSPECTUS,https://driveimg1.intermarche.com/pt/Content/images/boitmal/produit/zoom/8F3E1CB8E1F41E507DB7FBA8EF126461.jpg,,,,3,16
1331,5601165006255,1331,5601165006255,1,260.0,99,Calvé,Molho de alho,Embalagem de 260g,1.94,7.46,7.46,0.0,0,[],260,260,0,0,False,False,"[{'dateFin': '2024-05-29T23:59:59.999999999+01:00', 'categorie': 'PROSPECTUS'}]",,,,PUP,Pièce avec poids,kg,€/Kg,,,,,,,2024-05-29T23:59:59.999999999+01:00,PROSPECTUS,https://driveimg1.intermarche.com/pt/Content/images/boitmal/produit/zoom/089B1CAB7287353404366CB7226AD30F.jpg,https://driveimg1.intermarche.com/pt/Content/images/boitmal/produit/zoom/5F13F0DF96776682A865C5AC21E8DB42.jpg,https://driveimg1.intermarche.com/pt/Content/images/boitmal/produit/zoom/5F13F0DF96776682A865C5AC21E8DB42.jpg,https://driveimg1.intermarche.com/pt/Content/images/boitmal/produit/zoom/5F13F0DF96776682A865C5AC21E8DB42.jpg,3,16
1337,5601165100786,1337,5601165100786,1,50.0,99,Calvé,Piri piri,Garrafa de 50 ml,1.68,33.6,33.6,0.0,0,[],0,0,0,50,False,False,"[{'dateFin': '2024-05-29T23:59:59.999999999+01:00', 'categorie': 'PROSPECTUS'}]",,,,PUV,Pièce avec volume,L,€/L,,,,,,,2024-05-29T23:59:59.999999999+01:00,PROSPECTUS,https://driveimg1.intermarche.com/pt/Content/images/boitmal/produit/zoom/008C8E9F15AC26570DA04227E6BC4B56.jpg,,,,3,16
