Product ID,Title,EAN,Family ID,Department ID,Packaging,Brand,Category,Price,Price Per Unit,Image URL,Promo End,Product URL
2309,Refrigerante de cola zero,5604260271801,10011,10009,Garrafa de 2 l,PorSi,,"0,40€/L","0,79€",https://cdn.intermarche.pt/pt/Content/images/boitmal/produit/zoom/F81DE832EC9948EA24FFE06A8CDD7EE9.jpg,2024-10-04T22:59:59.999Z,/product/refrigerante-de-cola-zero/5604260271801
2308,Refrigerante com gás cola,5604260271795,10011,10009,Garrafa de 2 l,PorSi,,"0,68€/L","1,35€",https://cdn.intermarche.pt/pt/Content/images/boitmal/produit/zoom/FAE084877CD5F49373EA9981F15AE891.jpg,2024-10-04T22:59:59.999Z,/product/refrigerante-com-gas-cola/5604260271795
44797,Pepsi max lima,5601151971444,10011,10009,Garrafa de 1 l,Pepsi,,"0,99€/L","0,99€",https://cdn.intermarche.pt/pt/Content/images/boitmal/produit/zoom/657B12F1DF1E65D0997328121D02B203.jpg,2024-10-04T22:59:59.999Z,/product/pepsi-max-lima/5601151971444
49480,Refrigerante com Gás Ananás Sem Açúcar,5601151969458,10011,10009,Garrafa de 1.75 l,Sumol,,"0,79€/L","1,39€",https://cdn.intermarche.pt/pt/Content/images/boitmal/produit/zoom/4A159117E2730F166C16E5A6DF517C87.jpg,2024-10-04T22:59:59.999Z,/product/refrigerante-com-gas-ananas-sem-acucar/5601151969458
4940,Refrigerante c/ gás zero,5449000008435,10011,10009,pack 4 x 1 l,Coca-Cola,,"1,07€/L","4,29€",https://cdn.intermarche.pt/pt/Content/images/boitmal/produit/zoom/33F2C9EB56024D40DAD7EC1E9D0325EB.jpg,2024-09-25T22:59:59.999Z,/product/refrigerante-c-ou-gas-zero/5449000008435
11418,Refrigerante  c/ gás regular,5449000020024,10011,10009,pack 4 x 1 l,Coca-Cola,,"1,24€/L","4,94€",https://cdn.intermarche.pt/pt/Content/images/boitmal/produit/zoom/2D87E5C0C9B50C36B31B6AAE2DD8ADBC.jpg,2024-09-25T22:59:59.999Z,/product/refrigerante-c-ou-gas-regular/5449000020024
49479,Refrigerante com Gás Laranja Sem Açúcar,5601151969465,10011,10009,Garrafa de 1.75 l,Sumol,,"0,79€/L","1,39€",https://cdn.intermarche.pt/pt/Content/images/boitmal/produit/zoom/B1A5F916FFA77C7E7F9A1CB0E85C459E.jpg,2024-10-04T22:59:59.999Z,/product/refrigerante-com-gas-laranja-sem-acucar/5601151969465
40596,Refrigerante com gás regular,5601151974018,10011,10009,Garrafa de 1.75 l,Pepsi,,"0,89€/L","1,55€",https://cdn.intermarche.pt/pt/Content/images/boitmal/produit/zoom/F52267090DF1996DA646836F5B1D9EDD.jpg,2024-10-04T22:59:59.999Z,/product/refrigerante-com-gas-regular/5601151974018
44795,Pepsi max,5601151971437,10011,10009,Garrafa de 1 l,Pepsi,,"0,99€/L","0,99€",https://cdn.intermarche.pt/pt/Content/images/boitmal/produit/zoom/2D41E70783394B937C5E8504D6A01EA4.jpg,2024-10-04T22:59:59.999Z,/product/pepsi-max/5601151971437
38648,Coca-cola zero zero pet tr individual unidad,5449000195906,10011,10009,Garrafa de 1 l,Coca-Cola,,"1,25€/L","1,25€",https://cdn.intermarche.pt/pt/Content/images/boitmal/produit/zoom/6299E846E54A04F17B4FFF1B9EDF66D2.jpg,2024-09-25T22:59:59.999Z,/product/coca-cola-zero-zero-pet-tr-individual-unidad/5449000195906
35558,Refrigerante com gás,5601151973721,10011,10009,Pack de 2 x 1.75 l,Pepsi,,"0,89€/L","3,10€",https://cdn.intermarche.pt/pt/Content/images/boitmal/produit/zoom/4591303E8886D5226C017EC0EFBDEC41.jpg,2024-10-04T22:59:59.999Z,/product/refrigerante-com-gas/5601151973721
30115,Coca-cola sem cafeína pet 1 ltr individual unidad,5449000016737,10011,10009,Garrafa de 1 l,Coca-Cola,,"1,45€/L","1,45€",https://cdn.intermarche.pt/pt/Content/images/boitmal/produit/zoom/596948955E9E7EDCB17BE561063F148F.jpg,2024-09-25T22:59:59.999Z,/product/coca-cola-sem-cafeina-pet-1-ltr-individual-unidad/5449000016737
35559,Refrigerante com gás max zero,5601151973738,10011,10009,Pack de 2 x 1.75 l,Pepsi,,"0,74€/L","2,58€",https://cdn.intermarche.pt/pt/Content/images/boitmal/produit/zoom/C4C79168F71B7B5145B8347211FA9783.jpg,2024-09-25T22:59:59.999Z,/product/refrigerante-com-gas-max-zero/5601151973738
46255,Refrigerante c/ Gás Laranjas do Algarve,5601151971154,10011,10009,Garrafa de 1.5 l,Sumol,,"0,93€/L","1,39€",https://cdn.intermarche.pt/pt/Content/images/boitmal/produit/zoom/7A4ACF4FE1B6EFB792CF350489A0DEEA.jpg,2024-09-25T22:59:59.999Z,/product/refrigerante-c-ou-gas-laranjas-do-algarve/5601151971154
52957,Refrigerante Lima C/ Gás Zero,5449000273666,10011,10009,Garrafa de 1 l,Coca-Cola,,"1,25€/L","1,25€",https://cdn.intermarche.pt/pt/Content/images/boitmal/produit/zoom/3EDDFFF905A664833A2724EDFA3DF928.jpg,2024-09-25T22:59:59.999Z,/product/refrigerante-lima-c-ou-gas-zero/5449000273666
30958,Coca-cola zero,5449000957955,10011,10009,pack 2 x 1.75 l,Coca-Cola,,"1,00€/L","3,49€",https://cdn.intermarche.pt/pt/Content/images/boitmal/produit/zoom/9B5373624D44366A3ACEBCD7C73191EB.jpg,,/product/coca-cola-zero/5449000957955
1309,"Refrigerante com gás, ananás",5601151979105,10011,10009,"Garrafa de 1,25 l",Sumol,,"0,87€/L","1,09€",https://cdn.intermarche.pt/pt/Content/images/boitmal/produit/zoom/BEECBA2128529C8FAEEDAE9896BFB132.jpg,,/product/refrigerante-com-gas-ananas/5601151979105
35889,Refrigerante de lima limão - free,5601151974070,10011,10009,Garrafa de 1.75 l ,Seven-up,,"1,08€/L","1,89€",https://cdn.intermarche.pt/pt/Content/images/boitmal/produit/zoom/72AD0374BF19555565AEB7078108FD9C.jpg,,/product/refrigerante-de-lima-limao-free/5601151974070
43864,Lima-limao zero,5604260310296,10011,10009,Garrafa de 1.5 l,PorSi,,"0,45€/L","0,67€",https://cdn.intermarche.pt/pt/Content/images/boitmal/produit/zoom/3EE12FE8221B8553E55E187FAB1AC7A0.jpg,,/product/lima-limao-zero/5604260310296
45424,Refrigerante com gás lima limão,5449000205551,10011,10009,Garrafa de 1.5 l,Sprite,,"0,93€/L","1,39€",https://cdn.intermarche.pt/pt/Content/images/boitmal/produit/zoom/435BA3924DACD7858B68099757279D0D.jpg,,/product/refrigerante-com-gas-lima-limao/5449000205551
1039,Refrigerante com gás guaraná,5601045300008,10011,10009,"Garrafa de 1,5 l",Antartica,,"1,46€/L","2,19€",https://cdn.intermarche.pt/pt/Content/images/boitmal/produit/zoom/64C776AD84D2A5827F90B22D811670FA.jpg,,/product/refrigerante-com-gas-guarana/5601045300008
18770,Refrigerante c/ gás de laranja zero,5449000138026,10011,10009,"Garrafa de 1,5 l",Fanta,,"1,13€/L","1,69€",https://cdn.intermarche.pt/pt/Content/images/boitmal/produit/zoom/42C12268B3BC23315C825D0012A62086.jpg,,/product/refrigerante-c-ou-gas-de-laranja-zero/5449000138026
18771,Refrigerante c/ gás de uva,5449000022646,10011,10009,"Garrafa de 1,5 l",Fanta,,"1,13€/L","1,69€",https://cdn.intermarche.pt/pt/Content/images/boitmal/produit/zoom/426C4CD2BDF4748C7D7AECCA8EEA510D.jpg,,/product/refrigerante-c-ou-gas-de-uva/5449000022646
20653,"Refrigerante com gás de ananás, garrafa de 1,5 l",5449000003751,10011,10009,,Fanta,,"1,13€/L","1,69€",https://cdn.intermarche.pt/pt/Content/images/boitmal/produit/zoom/E02106088F5A281D124D7D74DB00421E.jpg,,/product/refrigerante-com-gas-de-ananas-garrafa-de-15-l/5449000003751
25720,Refrigerante c/ gás lima-limão s/ açúcar,5601151976449,10011,10009,pack 6 x 0.33 l,Seven-up,,"2,02€/L","3,99€",https://cdn.intermarche.pt/pt/Content/images/boitmal/produit/zoom/46A1C70DA944EA1B1D2193C2B49E2AB0.jpg,,/product/refrigerante-c-ou-gas-lima-limao-s-ou-acucar/5601151976449
25883,Refrigerante c/ gás laranja,5449000008763,10011,10009,"Garrafa de 1,5 l",Fanta,,"0,99€/L","1,49€",https://cdn.intermarche.pt/pt/Content/images/boitmal/produit/zoom/F70B8C52CBA65C8253CA124EC0111F2A.jpg,,/product/refrigerante-c-ou-gas-laranja/5449000008763
35560,Refrigerante de lima e limão com gás regular,5601151973745,10011,10009,Pack de 2 x 1.75 l,Seven-up,,"1,14€/L","3,98€",https://cdn.intermarche.pt/pt/Content/images/boitmal/produit/zoom/EBF8C806B4FF0C4077BF489443451B3F.jpg,,/product/refrigerante-de-lima-e-limao-com-gas-regular/5601151973745
36924,Refrigerante lima-limão,5604260296651,10011,10009,Garrafa de 1.5 l,PorSi,,"0,53€/L","0,79€",https://cdn.intermarche.pt/pt/Content/images/boitmal/produit/zoom/A723EBDAF2F8F74F639F2F0E3296ECB1.jpg,,/product/refrigerante-lima-limao/5604260296651
41823,Água tonica,5604260304820,10011,10009,pack 6 x 0.2 l,PorSi,,"2,24€/L","2,69€",https://cdn.intermarche.pt/pt/Content/images/boitmal/produit/zoom/9964FCE2351B55515BB9D8EEB6CB97B8.jpg,,/product/agua-tonica/5604260304820
44315,Refrigerante c/ gás Guaraná,5449000296245,10011,10009,Lata de 330 ml,Fanta,,"2,27€/L","0,75€",https://cdn.intermarche.pt/pt/Content/images/boitmal/produit/zoom/A0290D76C2F58E5EDF15F9372987587B.jpg,,/product/refrigerante-c-ou-gas-guarana/5449000296245
45760,Refrigerante com gás cola,5604260316892,10011,10009,Lata de 330 ml,PorSi,,"1,36€/L","0,45€",https://cdn.intermarche.pt/pt/Content/images/boitmal/produit/zoom/F9BEB146374E9666727D5EBD2F021E64.jpg,,/product/refrigerante-com-gas-cola/5604260316892
46607,Refrigerante com gás lima-limão,5604260316946,10011,10009,lata de 330 ml,PorSi,,"1,67€/L","0,55€",https://cdn.intermarche.pt/pt/Content/images/boitmal/produit/zoom/9894589E229A8AED4F554AAFA80BB8DF.jpg,,/product/refrigerante-com-gas-lima-limao/5604260316946
569,Água tonica,5604260304813,10011,10009,"Garrafa de 1,5 l",PorSi,,"0,99€/L","1,49€",https://cdn.intermarche.pt/pt/Content/images/boitmal/produit/zoom/17B42B57200C49723394473D18AACE4E.jpg,,/product/agua-tonica/5604260304813
8225,"Refrigerante com gás cola, mini lata",5449000034229,10011,10009,pack 12 x 0.15 l,Coca-Cola,,"4,00€/L","7,20€",https://cdn.intermarche.pt/pt/Content/images/boitmal/produit/zoom/D1FFAED9E688F22948800E3E2ADA587A.jpg,,/product/refrigerante-com-gas-cola-mini-lata/5449000034229
8956,"Refrigerante com gás, guaraná",5601447164604,10011,10009,"Garrafa de 1,5 l",Brasil,,"1,33€/L","1,99€",https://cdn.intermarche.pt/pt/Content/images/boitmal/produit/zoom/DA88A948075D73F9DCE5ADDEE79023F7.jpg,,/product/refrigerante-com-gas-guarana/5601447164604
26772,Refrigerante c/ gás,5449000106186,10011,10009,pack 2 x 1.75 l,Coca-Cola,,"1,17€/L","4,09€",https://cdn.intermarche.pt/pt/Content/images/boitmal/produit/zoom/1D4EC82F15980642AA3BE6E246545A05.jpg,,/product/refrigerante-c-ou-gas/5449000106186
45761,Refrigerante de cola zero,5604260316908,10011,10009,Lata de 330 ml,PorSi,,"1,18€/L","0,39€",https://cdn.intermarche.pt/pt/Content/images/boitmal/produit/zoom/489C1FEB8A94BA504A83242E2F3AD9B3.jpg,,/product/refrigerante-de-cola-zero/5604260316908
30526,Fanta go laranja,5449000087775,10011,10009,pack 2 x 1.5 l,Fanta,,"0,99€/L","2,98€",https://cdn.intermarche.pt/pt/Content/images/boitmal/produit/zoom/593BAD71F5135741DD23AA781A57779F.jpg,,/product/fanta-go-laranja/5449000087775
35837,Refrigerante com gás de laranja,5604260295289,10011,10009,Garrafa de 1.5 l,PorSi,,"0,66€/L","0,99€",https://cdn.intermarche.pt/pt/Content/images/boitmal/produit/zoom/7340B94410405DF85CA874C09DC0A37A.jpg,,/product/refrigerante-com-gas-de-laranja/5604260295289
52174,Coca-cola zero açúcar,5000112519945,10011,10009,330ml lata,Coca-Cola,,"2,30€/L","0,76€",https://cdn.intermarche.pt/pt/Content/images/boitmal/produit/zoom/5C007C107B538E62D4C148CD0D9A7880.jpg,,/product/coca-cola-zero-acucar/5000112519945
448,Ice tea de manga,8722700752943,10325,10009,Garrafa de 2 l,Lipton,,"1,60€/L","3,19€",https://cdn.intermarche.pt/pt/Content/images/boitmal/produit/zoom/D8A7BBA271F5B46B5DC4031B0621A8E9.jpg,2024-09-25T22:59:59.999Z,/product/ice-tea-de-manga/8722700752943
44665,Ice Tea pêssego zero açúcar,8711327488069,10325,10009,Garrafa de 1 l,Lipton,,"1,39€/L","1,39€",https://cdn.intermarche.pt/pt/Content/images/boitmal/produit/zoom/9806A6502CAAC050A812F609EBBE29E2.jpg,2024-09-25T22:59:59.999Z,/product/ice-tea-pessego-zero-acucar/8711327488069
44664,Ice Tea limão zero açúcar,8711327488052,10325,10009,Garrafa de 1 l,Lipton,,"1,39€/L","1,39€",https://cdn.intermarche.pt/pt/Content/images/boitmal/produit/zoom/52579188A3342679BB6CE44E5B5F381A.jpg,2024-09-25T22:59:59.999Z,/product/ice-tea-limao-zero-acucar/8711327488052
45763,Ice tea de limão,5604260316922,10325,10009,Lata de 330 ml,PorSi,,"1,48€/L","0,49€",https://cdn.intermarche.pt/pt/Content/images/boitmal/produit/zoom/82D8A5DCC065C19FC431861972525375.jpg,2024-09-25T22:59:59.999Z,/product/ice-tea-de-limao/5604260316922
45764,"Ice tea de pêssego, lata de 330 ml",5604260316915,10325,10009,,PorSi,,"1,48€/L","0,49€",https://cdn.intermarche.pt/pt/Content/images/boitmal/produit/zoom/D63908E838BEC4F74A2B7F343ACE21A6.jpg,2024-09-25T22:59:59.999Z,/product/ice-tea-de-pessego-lata-de-330-ml/5604260316915
45765,Ice tea de manga,5604260316939,10325,10009,Lata de 330 ml,PorSi,,"1,48€/L","0,49€",https://cdn.intermarche.pt/pt/Content/images/boitmal/produit/zoom/D65978EB14DB663CF25A2BD17A173D29.jpg,2024-09-25T22:59:59.999Z,/product/ice-tea-de-manga/5604260316939
40974,Lipton limão zero pet,8711327407121,10325,10009,Garrafa de 2 l,Lipton,,"1,60€/L","3,19€",https://cdn.intermarche.pt/pt/Content/images/boitmal/produit/zoom/B234CDB9829553943528F8B0DFBD2C40.jpg,2024-09-25T22:59:59.999Z,/product/lipton-limao-zero-pet/8711327407121
40975,Lipton chá verde pessêgo branco pet,8710604795333,10325,10009,Garrafa de 1 l,Lipton,,"1,45€/L","1,45€",https://cdn.intermarche.pt/pt/Content/images/boitmal/produit/zoom/41F6BB66868942529F348AF6DC3DD65F.jpg,2024-09-25T22:59:59.999Z,/product/lipton-cha-verde-pessego-branco-pet/8710604795333
53206,"Refrigerante sem Gás Pêssego, 1l",8711327583122,10325,10009,,Lipton,,"1,49€/L","1,49€",https://cdn.intermarche.pt/pt/Content/images/boitmal/produit/zoom/668C4732C4D0CB9C4F8870C88958EF03.jpg,2024-09-25T22:59:59.999Z,/product/refrigerante-sem-gas-pessego-1l/8711327583122
53207,"Refrigerante sem Gás Limão, 1 l",8711327583092,10325,10009,,Lipton,,"1,49€/L","1,49€",https://cdn.intermarche.pt/pt/Content/images/boitmal/produit/zoom/1DDDEA2D11A4948B9958398A432D1905.jpg,2024-09-25T22:59:59.999Z,/product/refrigerante-sem-gas-limao-1-l/8711327583092
40514,Ice tea de pêssego,5604260302321,10325,10009,Garrafa de 2 l,PorSi,,"0,60€/L","1,19€",https://cdn.intermarche.pt/pt/Content/images/boitmal/produit/zoom/E5DA89712F5F3C16614DBB8402F10B1A.jpg,,/product/ice-tea-de-pessego/5604260302321
40605,Ice tea de limão,5604260302338,10325,10009,Embalagem de 2 l,PorSi,,"0,60€/L","1,19€",https://cdn.intermarche.pt/pt/Content/images/boitmal/produit/zoom/BFBACDE81A9413ED0DD8E69F16D25123.jpg,,/product/ice-tea-de-limao/5604260302338
40604,Ice tea de manga,5604260302314,10325,10009,Embalagem de 2 l,PorSi,,"0,60€/L","1,19€",https://cdn.intermarche.pt/pt/Content/images/boitmal/produit/zoom/FC5C14EBAD7F164332C97C731B56FC26.jpg,,/product/ice-tea-de-manga/5604260302314
12082,"Ice tea, pêssego",5604260259328,10325,10009,"Embalagem de 6x0,20 l",PorSi,,"0,99€/L","1,19€",https://cdn.intermarche.pt/pt/Content/images/boitmal/produit/zoom/BDF14FED78EE3B36A692869E60F78A23.jpg,,/product/ice-tea-pessego/5604260259328
12083,Ice tea de manga,5604260259335,10325,10009,"Embalagem de 6x0,20 l",PorSi,,"0,99€/L","1,19€",https://cdn.intermarche.pt/pt/Content/images/boitmal/produit/zoom/7E8E74D7FBBBBEFEBBE078389B62CE99.jpg,,/product/ice-tea-de-manga/5604260259335
1228,"Refrigerante sem gás, laranja",5601146230518,10325,10009,"Garrafa de 1,5 l",Joi,,"1,19€/L","1,79€",https://cdn.intermarche.pt/pt/Content/images/boitmal/produit/zoom/277ED8947CD78C9CC5A552FB0B1FDBC2.jpg,,/product/refrigerante-sem-gas-laranja/5601146230518
1230,"Refrigerante sem gás, maracujá e la",5601146232512,10325,10009,"Garrafa de 1,5 l",Joi,,"1,19€/L","1,79€",https://cdn.intermarche.pt/pt/Content/images/boitmal/produit/zoom/D23ED4125E0EF0BCF408343FFE16E2DF.jpg,,/product/refrigerante-sem-gas-maracuja-e-la/5601146232512
12445,Refrigerante s/ gás califórnia,8414100302742,10325,10009,"Garrafa de 1,25 l",Sunny Delight,,"1,99€/L","2,49€",https://cdn.intermarche.pt/pt/Content/images/boitmal/produit/zoom/3A53BFE5938DDF8D0C5815BDDDB8B87B.jpg,,/product/refrigerante-s-ou-gas-california/8414100302742
15727,Ice tea pessêgo,8712100743399,10325,10009,pack 6 x 0.25 l,Lipton,,"3,46€/L","5,19€",https://cdn.intermarche.pt/pt/Content/images/boitmal/produit/zoom/0BABF6C9912B914439DE1F7312F1C975.jpg,,/product/ice-tea-pessego/8712100743399
27742,Bebida Isotónica de Limão s/ Gás,5449000164957,10325,10009,"Garrafa de 1,5 l",Aquarius,,"1,53€/L","2,29€",https://cdn.intermarche.pt/pt/Content/images/boitmal/produit/zoom/8696920250929B93491F5F3269DD5C71.jpg,,/product/bebida-isotonica-de-limao-s-ou-gas/5449000164957
40552,Refrigerante sem gás de laranja e cenoura,5604260295364,10325,10009,Embalagem de 1.5 litros,PorSi,,"0,93€/L","1,39€",https://cdn.intermarche.pt/pt/Content/images/boitmal/produit/zoom/3B0DD717B2D281A7E370DE4ED2D01565.jpg,,/product/refrigerante-sem-gas-de-laranja-e-cenoura/5604260295364
42582,Ice tea limao zero,5604260302277,10325,10009,1.5 litros,PorSi,,"0,59€/L","0,89€",https://cdn.intermarche.pt/pt/Content/images/boitmal/produit/zoom/0D2D2B25108770A691CC4AF6E514C673.jpg,,/product/ice-tea-limao-zero/5604260302277
447,Ice tea de limão,8722700752929,10325,10009,Garrafa de 2 l,Lipton,,"1,60€/L","3,19€",https://cdn.intermarche.pt/pt/Content/images/boitmal/produit/zoom/3746776B4E5C3D785E797330E3DD3130.jpg,,/product/ice-tea-de-limao/8722700752929
2157,Ice tea de limão tetra,5604260327119,10325,10009,"Embalagem de 1,5 l",PorSi,,"0,73€/L","1,09€",https://cdn.intermarche.pt/pt/Content/images/boitmal/produit/zoom/FB3C7451B059F748F7FDA005F2AE0FB6.jpg,,/product/ice-tea-de-limao-tetra/5604260327119
12081,Ice tea de limão,5604260259311,10325,10009,"Embalagem de 6x0,20 l ",PorSi,,"0,99€/L","1,19€",https://cdn.intermarche.pt/pt/Content/images/boitmal/produit/zoom/A3E8F69230ED19B87297C6E8CF043E90.jpg,,/product/ice-tea-de-limao/5604260259311
1226,Refrigerante sem gás de manga/laran,5601146001507,10325,10009,"Garrafa de 1,5 l",Joi,,"1,19€/L","1,79€",https://cdn.intermarche.pt/pt/Content/images/boitmal/produit/zoom/1A97DFBCD44C528D834B0680C492C91A.jpg,,/product/refrigerante-sem-gas-de-manga-ou-laran/5601146001507
14641,Tisana de chá verde/limão light,5603722513879,10325,10009,"Garrafa de 1,5 l",Pleno,,"1,26€/L","1,89€",https://cdn.intermarche.pt/pt/Content/images/boitmal/produit/zoom/65377B3F78342A8BD02B4888BCEF8A2A.jpg,,/product/tisana-de-cha-verde-ou-limao-light/5603722513879
2158,Ice tea pessego,5604260327102,10325,10009,"Embalagem de 1,5 l",PorSi,,"0,73€/L","1,09€",https://cdn.intermarche.pt/pt/Content/images/boitmal/produit/zoom/7F0DDCB4586298B5CE4F32BBE4D4C7DD.jpg,,/product/ice-tea-pessego/5604260327102
36521,"Refrigerante sem gás, laranja",5604260295326,10325,10009,"Garrafa de 1,5 l",PorSi,,"0,66€/L","0,99€",https://cdn.intermarche.pt/pt/Content/images/boitmal/produit/zoom/710FC0C3623163613441F91E0FC55F8E.jpg,,/product/refrigerante-sem-gas-laranja/5604260295326
2156,Ice tea de pêssego zero tetra,5604260302260,10325,10009,"Embalagem de 1,5 l",PorSi,,"0,59€/L","0,89€",https://cdn.intermarche.pt/pt/Content/images/boitmal/produit/zoom/057145DE17265B155D82F0C84E4F13FF.jpg,,/product/ice-tea-de-pessego-zero-tetra/5604260302260
9300,Tisana chá verde/limão,5603722497261,10325,10009,"Garrafa de 1,5 l",Pleno,,"1,26€/L","1,89€",https://cdn.intermarche.pt/pt/Content/images/boitmal/produit/zoom/63B46E2B2042FC121A0C4D7D5A49ED19.jpg,,/product/tisana-cha-verde-ou-limao/5603722497261
20201,Tisana chá camomila e romã,5603722516221,10325,10009,"Garrafa de 1,5 l",Pleno,,"1,26€/L","1,89€",https://cdn.intermarche.pt/pt/Content/images/boitmal/produit/zoom/7D7CD25DE9A010F83E1BA590B1E838FC.jpg,,/product/tisana-cha-camomila-e-roma/5603722516221
9299,"Tisana Chá de Cidreira e Tília, garrafa de 1,5 l",5603722497254,10325,10009,,Pleno,,"1,26€/L","1,89€",https://cdn.intermarche.pt/pt/Content/images/boitmal/produit/zoom/E209EEA7F7A7AFC654DB8AF682E8C159.jpg,,/product/tisana-cha-de-cidreira-e-tilia-garrafa-de-15-l/5603722497254
46691,Ice Tea de pêssego,5449000030528,10325,10009,Garrafa de 1.5 l,Nestea,,"1,17€/L","1,75€",https://cdn.intermarche.pt/pt/Content/images/boitmal/produit/zoom/6E598965A9FD6A1A9244AC0A665F5801.jpg,,/product/ice-tea-de-pessego/5449000030528
2225,Refrigerante sem gás limão,5604260266463,10325,10009,"Garrafa de 1,5 l",PorSi,,"0,66€/L","0,99€",https://cdn.intermarche.pt/pt/Content/images/boitmal/produit/zoom/1A985C6841C9547C6617427B25B73F59.jpg,,/product/refrigerante-sem-gas-limao/5604260266463
14275,Refrigerante sem gás frutos tropicais,8411800376950,10325,10009,"Garrafa de 1,5 l",Trina,,"1,53€/L","2,29€",https://cdn.intermarche.pt/pt/Content/images/boitmal/produit/zoom/A2EF24E638786185FA4E5BE9EC56BB2E.jpg,,/product/refrigerante-sem-gas-frutos-tropicais/8411800376950
42838,Ice tea manga zero,5604260302253,10325,10009,Garrafa de 1.5 l,PorSi,,"0,59€/L","0,89€",https://cdn.intermarche.pt/pt/Content/images/boitmal/produit/zoom/1B27DE7155C6C2D2CED29760B5BA85D0.jpg,,/product/ice-tea-manga-zero/5604260302253
15873,Ice tea limão,8712100743337,10325,10009,pack 6 x 0.25 l,Lipton,,"3,46€/L","5,19€",https://cdn.intermarche.pt/pt/Content/images/boitmal/produit/zoom/2676596678792B3C71788D8BEC2CF976.jpg,,/product/ice-tea-limao/8712100743337
17394,Ice tea pêssego,8712100742996,10325,10009,Pack 3 x 200 ml,Lipton,,"3,30€/L","1,98€",https://cdn.intermarche.pt/pt/Content/images/boitmal/produit/zoom/ECE4CDAE4FF17013051FAEB02D1C2D38.jpg,,/product/ice-tea-pessego/8712100742996
2127,"Refrigerante sem gás de ananás, garrafa de 1,5 l",5604260252466,10325,10009,,PorSi,,"0,69€/L","1,04€",https://cdn.intermarche.pt/pt/Content/images/boitmal/produit/zoom/F532EDAF65342EB9BC79081C1A71A96C.jpg,,/product/refrigerante-sem-gas-de-ananas-garrafa-de-15-l/5604260252466
448,Ice tea de manga,8722700752943,10325,10009,Garrafa de 2 l,Lipton,,"1,60€/L","3,19€",https://cdn.intermarche.pt/pt/Content/images/boitmal/produit/zoom/D8A7BBA271F5B46B5DC4031B0621A8E9.jpg,2024-09-25T22:59:59.999Z,/product/ice-tea-de-manga/8722700752943
51883,"Bebida Probiótica Biológica, garrafa de 400 ml",5600787049046,11109,10009,,Kombucha,,"4,48€/L","1,79€",https://cdn.intermarche.pt/pt/Content/images/boitmal/produit/zoom/46DCE6BB7E01C0D8FB3EA6DA3C822896.jpg,2024-09-25T22:59:59.999Z,/product/bebida-probiotica-biologica-garrafa-de-400-ml/5600787049046
44665,Ice Tea pêssego zero açúcar,8711327488069,10325,10009,Garrafa de 1 l,Lipton,,"1,39€/L","1,39€",https://cdn.intermarche.pt/pt/Content/images/boitmal/produit/zoom/9806A6502CAAC050A812F609EBBE29E2.jpg,2024-09-25T22:59:59.999Z,/product/ice-tea-pessego-zero-acucar/8711327488069
51882,"Bebida Probiótica de Framboesa Biológica, garrafa de 400 ml",5600787049022,11109,10009,,Kombucha,,"4,48€/L","1,79€",https://cdn.intermarche.pt/pt/Content/images/boitmal/produit/zoom/16F9BD8425EFE288C7E9E6073015B789.jpg,2024-09-25T22:59:59.999Z,/product/bebida-probiotica-de-framboesa-biologica-garrafa-de-400-ml/5600787049022
44664,Ice Tea limão zero açúcar,8711327488052,10325,10009,Garrafa de 1 l,Lipton,,"1,39€/L","1,39€",https://cdn.intermarche.pt/pt/Content/images/boitmal/produit/zoom/52579188A3342679BB6CE44E5B5F381A.jpg,2024-09-25T22:59:59.999Z,/product/ice-tea-limao-zero-acucar/8711327488052
45763,Ice tea de limão,5604260316922,10325,10009,Lata de 330 ml,PorSi,,"1,48€/L","0,49€",https://cdn.intermarche.pt/pt/Content/images/boitmal/produit/zoom/82D8A5DCC065C19FC431861972525375.jpg,2024-09-25T22:59:59.999Z,/product/ice-tea-de-limao/5604260316922
45764,"Ice tea de pêssego, lata de 330 ml",5604260316915,10325,10009,,PorSi,,"1,48€/L","0,49€",https://cdn.intermarche.pt/pt/Content/images/boitmal/produit/zoom/D63908E838BEC4F74A2B7F343ACE21A6.jpg,2024-09-25T22:59:59.999Z,/product/ice-tea-de-pessego-lata-de-330-ml/5604260316915
45765,Ice tea de manga,5604260316939,10325,10009,Lata de 330 ml,PorSi,,"1,48€/L","0,49€",https://cdn.intermarche.pt/pt/Content/images/boitmal/produit/zoom/D65978EB14DB663CF25A2BD17A173D29.jpg,2024-09-25T22:59:59.999Z,/product/ice-tea-de-manga/5604260316939
51925,Ice Tea Manga Zero Açúcar,8711327587632,11109,10009,Garrafa de 2 l,Lipton,,"1,60€/L","3,19€",https://cdn.intermarche.pt/pt/Content/images/boitmal/produit/zoom/260EAD2F7E1F4D737985C732EC963755.jpg,2024-09-25T22:59:59.999Z,/product/ice-tea-manga-zero-acucar/8711327587632
51881,"Bebida Probiótica de Coco Biológica, garrafa de 400 ml",5600787049084,11109,10009,,Kombucha,,"2,48€/L","0,99€",https://cdn.intermarche.pt/pt/Content/images/boitmal/produit/zoom/CA08C5B46F83539DF0FC7028C0A65793.jpg,2024-09-25T22:59:59.999Z,/product/bebida-probiotica-de-coco-biologica-garrafa-de-400-ml/5600787049084
51837,Ice Tea Pêssego,8711327587205,11109,10009,Garrafa de 2 l,Lipton,,"1,60€/L","3,19€",https://cdn.intermarche.pt/pt/Content/images/boitmal/produit/zoom/CEC4B87682C01CD71571EE1F09612EAF.jpg,2024-09-25T22:59:59.999Z,/product/ice-tea-pessego/8711327587205
40514,Ice tea de pêssego,5604260302321,10325,10009,Garrafa de 2 l,PorSi,,"0,60€/L","1,19€",https://cdn.intermarche.pt/pt/Content/images/boitmal/produit/zoom/E5DA89712F5F3C16614DBB8402F10B1A.jpg,,/product/ice-tea-de-pessego/5604260302321
40605,Ice tea de limão,5604260302338,10325,10009,Embalagem de 2 l,PorSi,,"0,60€/L","1,19€",https://cdn.intermarche.pt/pt/Content/images/boitmal/produit/zoom/BFBACDE81A9413ED0DD8E69F16D25123.jpg,,/product/ice-tea-de-limao/5604260302338
40604,Ice tea de manga,5604260302314,10325,10009,Embalagem de 2 l,PorSi,,"0,60€/L","1,19€",https://cdn.intermarche.pt/pt/Content/images/boitmal/produit/zoom/FC5C14EBAD7F164332C97C731B56FC26.jpg,,/product/ice-tea-de-manga/5604260302314
12082,"Ice tea, pêssego",5604260259328,10325,10009,"Embalagem de 6x0,20 l",PorSi,,"0,99€/L","1,19€",https://cdn.intermarche.pt/pt/Content/images/boitmal/produit/zoom/BDF14FED78EE3B36A692869E60F78A23.jpg,,/product/ice-tea-pessego/5604260259328
12083,Ice tea de manga,5604260259335,10325,10009,"Embalagem de 6x0,20 l",PorSi,,"0,99€/L","1,19€",https://cdn.intermarche.pt/pt/Content/images/boitmal/produit/zoom/7E8E74D7FBBBBEFEBBE078389B62CE99.jpg,,/product/ice-tea-de-manga/5604260259335
15727,Ice tea pessêgo,8712100743399,10325,10009,pack 6 x 0.25 l,Lipton,,"3,46€/L","5,19€",https://cdn.intermarche.pt/pt/Content/images/boitmal/produit/zoom/0BABF6C9912B914439DE1F7312F1C975.jpg,,/product/ice-tea-pessego/8712100743399
42582,Ice tea limao zero,5604260302277,10325,10009,1.5 litros,PorSi,,"0,59€/L","0,89€",https://cdn.intermarche.pt/pt/Content/images/boitmal/produit/zoom/0D2D2B25108770A691CC4AF6E514C673.jpg,,/product/ice-tea-limao-zero/5604260302277
447,Ice tea de limão,8722700752929,10325,10009,Garrafa de 2 l,Lipton,,"1,60€/L","3,19€",https://cdn.intermarche.pt/pt/Content/images/boitmal/produit/zoom/3746776B4E5C3D785E797330E3DD3130.jpg,,/product/ice-tea-de-limao/8722700752929
2157,Ice tea de limão tetra,5604260327119,10325,10009,"Embalagem de 1,5 l",PorSi,,"0,73€/L","1,09€",https://cdn.intermarche.pt/pt/Content/images/boitmal/produit/zoom/FB3C7451B059F748F7FDA005F2AE0FB6.jpg,,/product/ice-tea-de-limao-tetra/5604260327119
12081,Ice tea de limão,5604260259311,10325,10009,"Embalagem de 6x0,20 l ",PorSi,,"0,99€/L","1,19€",https://cdn.intermarche.pt/pt/Content/images/boitmal/produit/zoom/A3E8F69230ED19B87297C6E8CF043E90.jpg,,/product/ice-tea-de-limao/5604260259311
14641,Tisana de chá verde/limão light,5603722513879,10325,10009,"Garrafa de 1,5 l",Pleno,,"1,26€/L","1,89€",https://cdn.intermarche.pt/pt/Content/images/boitmal/produit/zoom/65377B3F78342A8BD02B4888BCEF8A2A.jpg,,/product/tisana-de-cha-verde-ou-limao-light/5603722513879
2158,Ice tea pessego,5604260327102,10325,10009,"Embalagem de 1,5 l",PorSi,,"0,73€/L","1,09€",https://cdn.intermarche.pt/pt/Content/images/boitmal/produit/zoom/7F0DDCB4586298B5CE4F32BBE4D4C7DD.jpg,,/product/ice-tea-pessego/5604260327102
2156,Ice tea de pêssego zero tetra,5604260302260,10325,10009,"Embalagem de 1,5 l",PorSi,,"0,59€/L","0,89€",https://cdn.intermarche.pt/pt/Content/images/boitmal/produit/zoom/057145DE17265B155D82F0C84E4F13FF.jpg,,/product/ice-tea-de-pessego-zero-tetra/5604260302260
9300,Tisana chá verde/limão,5603722497261,10325,10009,"Garrafa de 1,5 l",Pleno,,"1,26€/L","1,89€",https://cdn.intermarche.pt/pt/Content/images/boitmal/produit/zoom/63B46E2B2042FC121A0C4D7D5A49ED19.jpg,,/product/tisana-cha-verde-ou-limao/5603722497261
20201,Tisana chá camomila e romã,5603722516221,10325,10009,"Garrafa de 1,5 l",Pleno,,"1,26€/L","1,89€",https://cdn.intermarche.pt/pt/Content/images/boitmal/produit/zoom/7D7CD25DE9A010F83E1BA590B1E838FC.jpg,,/product/tisana-cha-camomila-e-roma/5603722516221
9299,"Tisana Chá de Cidreira e Tília, garrafa de 1,5 l",5603722497254,10325,10009,,Pleno,,"1,26€/L","1,89€",https://cdn.intermarche.pt/pt/Content/images/boitmal/produit/zoom/E209EEA7F7A7AFC654DB8AF682E8C159.jpg,,/product/tisana-cha-de-cidreira-e-tilia-garrafa-de-15-l/5603722497254
46691,Ice Tea de pêssego,5449000030528,10325,10009,Garrafa de 1.5 l,Nestea,,"1,17€/L","1,75€",https://cdn.intermarche.pt/pt/Content/images/boitmal/produit/zoom/6E598965A9FD6A1A9244AC0A665F5801.jpg,,/product/ice-tea-de-pessego/5449000030528
42838,Ice tea manga zero,5604260302253,10325,10009,Garrafa de 1.5 l,PorSi,,"0,59€/L","0,89€",https://cdn.intermarche.pt/pt/Content/images/boitmal/produit/zoom/1B27DE7155C6C2D2CED29760B5BA85D0.jpg,,/product/ice-tea-manga-zero/5604260302253
15873,Ice tea limão,8712100743337,10325,10009,pack 6 x 0.25 l,Lipton,,"3,46€/L","5,19€",https://cdn.intermarche.pt/pt/Content/images/boitmal/produit/zoom/2676596678792B3C71788D8BEC2CF976.jpg,,/product/ice-tea-limao/8712100743337
17394,Ice tea pêssego,8712100742996,10325,10009,Pack 3 x 200 ml,Lipton,,"3,30€/L","1,98€",https://cdn.intermarche.pt/pt/Content/images/boitmal/produit/zoom/ECE4CDAE4FF17013051FAEB02D1C2D38.jpg,,/product/ice-tea-pessego/8712100742996
15874,Ice tea manga,8712100743535,10325,10009,pack 6 x 0.25 l,Lipton,,"3,46€/L","5,19€",https://cdn.intermarche.pt/pt/Content/images/boitmal/produit/zoom/F3A9E35445515384A82094B8183C06C5.jpg,,/product/ice-tea-manga/8712100743535
17392,Ice tea manga,8712100743207,10325,10009,Pack 3 x 200 ml,Lipton,,"3,30€/L","1,98€",https://cdn.intermarche.pt/pt/Content/images/boitmal/produit/zoom/FA6E45D60FA96CC6D47B1115F2651F2C.jpg,,/product/ice-tea-manga/8712100743207
52500,"Ice Tea Pêssego, 500 ml",5604260329687,10325,10009,,PorSi,,"1,58€/L","0,79€",https://cdn.intermarche.pt/pt/Content/images/boitmal/produit/zoom/BF5C39472444DB391E968001F2E41C83.jpg,,/product/ice-tea-pessego-500-ml/5604260329687
17393,Ice tea limão,8712100743054,10325,10009,Pack 3 x 200 ml,Lipton,,"3,30€/L","1,98€",https://cdn.intermarche.pt/pt/Content/images/boitmal/produit/zoom/D1EFD045EC77B535C4F0D006B71AE8A9.jpg,,/product/ice-tea-limao/8712100743054
46690,Ice Tea de Limão,5449000017376,10325,10009,Garrafa de 1.5 l,Nestea,,"1,17€/L","1,75€",https://cdn.intermarche.pt/pt/Content/images/boitmal/produit/zoom/98E3AB9CF1CF0022DBF3DB6E6B524F12.jpg,,/product/ice-tea-de-limao/5449000017376
52878,"Kombucha Chá Verde, garrafa de 330 ml",5603722522482,11109,10009,,Pleno,,"6,64€/L","2,19€",https://cdn.intermarche.pt/pt/Content/images/boitmal/produit/zoom/A6A928B2E75640A1A7002F9999FE2282.jpg,,/product/kombucha-cha-verde-garrafa-de-330-ml/5603722522482
2243,"Ice Tea Manga, 500 ml",5604260329670,10325,10009,,PorSi,,"1,58€/L","0,79€",https://cdn.intermarche.pt/pt/Content/images/boitmal/produit/zoom/5153967E01ACA2B161373D4EAEB7131D.jpg,,/product/ice-tea-manga-500-ml/5604260329670
52962,"Kombucha de Gengibre e Limão, garrafa de 330 ml",5603722522505,11109,10009,,Pleno,,"6,64€/L","2,19€",https://cdn.intermarche.pt/pt/Content/images/boitmal/produit/zoom/16C35338EF775AE4D2A2D9C646FCB516.jpg,,/product/kombucha-de-gengibre-e-limao-garrafa-de-330-ml/5603722522505
8682,Ice tea de manga tetra,5601165102643,10325,10009,Embalagem de 1L,Lipton,,"2,29€/L","2,29€",https://cdn.intermarche.pt/pt/Content/images/boitmal/produit/zoom/02CD10CCFBC7F165CBCECFB81DD93642.jpg,,/product/ice-tea-de-manga-tetra/5601165102643
11578,Sumo essencial manga,5601151216101,11754,10009,pack 3 x 0.11 l,Compal,,"5,12€/L","1,69€",https://cdn.intermarche.pt/pt/Content/images/boitmal/produit/zoom/5CFC6FCFAA37A97D0995C628F731E02F.jpg,2024-09-25T22:59:59.999Z,/product/sumo-essencial-manga/5601151216101
11584,Sumo essencial pera,5601151495100,11754,10009,pack 3 x 0.11 l,Compal,,"5,12€/L","1,69€",https://cdn.intermarche.pt/pt/Content/images/boitmal/produit/zoom/DA5EFECA71E13E851513D571891AFAE4.jpg,2024-09-25T22:59:59.999Z,/product/sumo-essencial-pera/5601151495100
11581,Sumo essencial de pêssego,5601151430200,11754,10009,pack 3 x 0.11 l,Compal,,"5,12€/L","1,69€",https://cdn.intermarche.pt/pt/Content/images/boitmal/produit/zoom/809642ABE0E0178F71A6EE6543789E6C.jpg,2024-09-25T22:59:59.999Z,/product/sumo-essencial-de-pessego/5601151430200
36191,Bebida essencial frutos vermelhos,5601151259207,11754,10009,Pack 3 x 0.11 l,Compal,,"5,12€/L","1,69€",https://cdn.intermarche.pt/pt/Content/images/boitmal/produit/zoom/330C1B9F4CCF3C7A9EBDDFDEC2C399BF.jpg,2024-09-25T22:59:59.999Z,/product/bebida-essencial-frutos-vermelhos/5601151259207
11598,"Doses de Fruta de Maçã, Banana e Laranja",5601151980170,11754,10009,Pack 3 x 0.11 l,Compal,,"5,12€/L","1,69€",https://cdn.intermarche.pt/pt/Content/images/boitmal/produit/zoom/508AD981B9B3FA3A330429EE7B6B046F.jpg,2024-09-25T22:59:59.999Z,/product/doses-de-fruta-de-maca-banana-e-laranja/5601151980170
8638,Sumo essencial maçã,5601151330203,11754,10009,pack 3 x 0.11 l,Compal,,"5,12€/L","1,69€",https://cdn.intermarche.pt/pt/Content/images/boitmal/produit/zoom/FCDC03DFAC8C2BDD918092EA050D8978.jpg,2024-09-25T22:59:59.999Z,/product/sumo-essencial-maca/5601151330203
15351,Néctar frutos vermelhos,5604260267187,11754,10009,Pack 3 x 200 ml,PorSi,,"1,57€/L","0,94€",https://cdn.intermarche.pt/pt/Content/images/boitmal/produit/zoom/BC8E345C0299C748D4E4E63ABBDFDBC3.jpg,,/product/nectar-frutos-vermelhos/5604260267187
25597,Néctar 8 frutos,5601151979303,11754,10009,Pack 6 x 200 ml,Bongo,,"1,83€/L","2,19€",https://cdn.intermarche.pt/pt/Content/images/boitmal/produit/zoom/8F7097498E407AAD3EBA218E9E0D2469.jpg,,/product/nectar-8-frutos/5601151979303
5967,Néctar de pêssego,5604260273287,11754,10009,Pack 3 x 200 ml,PorSi,,"1,57€/L","0,94€",https://cdn.intermarche.pt/pt/Content/images/boitmal/produit/zoom/225F3552357D9B54968EB2EA453EA71F.jpg,,/product/nectar-de-pessego/5604260273287
1279,Néctar de 8 frutos,5601151123362,11754,10009,Garrafa de 1 l,Bongo,,"1,09€/L","1,09€",https://cdn.intermarche.pt/pt/Content/images/boitmal/produit/zoom/A385521CD93D23B64326FFF286275FD6.jpg,,/product/nectar-de-8-frutos/5601151123362
15724,Néctar de tutti fruti,5604260273294,11754,10009,Pack 3 x 200 ml,PorSi,,"1,57€/L","0,94€",https://cdn.intermarche.pt/pt/Content/images/boitmal/produit/zoom/6499959FE629730710D041B5069E1F8D.jpg,,/product/nectar-de-tutti-fruti/5604260273294
2072,"Néctar pêssego, prisma",5604260193516,11754,10009,Embalagem de 1 l,PorSi,,"0,99€/L","0,99€",https://cdn.intermarche.pt/pt/Content/images/boitmal/produit/zoom/B29D4F2CB69685F48D5CAFE4294E327C.jpg,,/product/nectar-pessego-prisma/5604260193516
2074,Néctar pera,5604260193554,11754,10009,Embalagem de 1 l,PorSi,,"0,99€/L","0,99€",https://cdn.intermarche.pt/pt/Content/images/boitmal/produit/zoom/EC5D7235941CEBB11AB8301EBCF4E95C.jpg,,/product/nectar-pera/5604260193554
2237,"Néctar frutos vermelhos, prisma",5604260267200,11754,10009,Embalagem de 1 l,PorSi,,"1,09€/L","1,09€",https://cdn.intermarche.pt/pt/Content/images/boitmal/produit/zoom/6C3F491EA0BF0366BD5FF574EF1B374C.jpg,,/product/nectar-frutos-vermelhos-prisma/5604260267200
8641,Néctar vital de frutos vermelhos,5601151983171,11754,10009,Pack 3 x 200 ml,Compal,,"2,58€/L","1,55€",https://cdn.intermarche.pt/pt/Content/images/boitmal/produit/zoom/612A85B8691CFCC5F767477F18BDCEE0.jpg,,/product/nectar-vital-de-frutos-vermelhos/5601151983171
1297,Néctar de pêssego,5601151543313,11754,10009,Embalagem de 1 l,Compal,,"0,99€/L","0,99€",https://cdn.intermarche.pt/pt/Content/images/boitmal/produit/zoom/71BCFF0323E89D4F47EF3F4CA7F8AF50.jpg,,/product/nectar-de-pessego/5601151543313
1291,Néctar clássico tutti-frutti,5601151333457,11754,10009,Embalagem de 1 l,Compal,,"1,19€/L","1,19€",https://cdn.intermarche.pt/pt/Content/images/boitmal/produit/zoom/79A76D91E7F845844AA891429B75DB10.jpg,,/product/nectar-classico-tutti-frutti/5601151333457
1311,"Néctar laranja algarve, 1 l",5601151981245,11754,10009,,Compal,,"1,89€/L","1,89€",https://cdn.intermarche.pt/pt/Content/images/boitmal/produit/zoom/C8A71B56B3641AE6B0741C40BB45FB1D.jpg,,/product/nectar-laranja-algarve-1-l/5601151981245
11585,Néctar tutti-fruti,5601151540817,11754,10009,Pack 3 x 200 ml,Compal,,"2,58€/L","1,55€",https://cdn.intermarche.pt/pt/Content/images/boitmal/produit/zoom/46259AFD5876FC6CE2BE2E09C2B96495.jpg,,/product/nectar-tutti-fruti/5601151540817
2078,"Néctar manga, prisma",5604260193615,11754,10009,Embalagem de 1 l,PorSi,,"1,15€/L","1,15€",https://cdn.intermarche.pt/pt/Content/images/boitmal/produit/zoom/F91DC367BE2D1C7BD0334DCD21B43F7E.jpg,,/product/nectar-manga-prisma/5604260193615
1292,"Néctar vital equilibrio manga e laranja, 1 l",5601151354452,11754,10009,,Compal,,"1,49€/L","1,49€",https://cdn.intermarche.pt/pt/Content/images/boitmal/produit/zoom/30D2BA582C7246DE27BB90D053759BF5.jpg,,/product/nectar-vital-equilibrio-manga-e-laranja-1-l/5601151354452
2080,"Néctar de goiaba, prisma",5604260193660,11754,10009,Embalagem de 1 l,PorSi,,"1,39€/L","1,39€",https://cdn.intermarche.pt/pt/Content/images/boitmal/produit/zoom/6FA47677E7FDD2427974636ED78C99C1.jpg,,/product/nectar-de-goiaba-prisma/5604260193660
1277,Néctar clássico laranja,5601151122204,11754,10009,Embalagem de 1 l,Compal,,"1,69€/L","1,69€",https://cdn.intermarche.pt/pt/Content/images/boitmal/produit/zoom/3BFB21BBD9719EBBC98740FBB6E3BCF1.jpg,,/product/nectar-classico-laranja/5601151122204
2079,"Néctar ananás, prisma",5604260193646,11754,10009,Garrafa de 1 l,PorSi,,"0,99€/L","0,99€",https://cdn.intermarche.pt/pt/Content/images/boitmal/produit/zoom/10E9329F83000135085CDE8D45A5A26A.jpg,,/product/nectar-ananas-prisma/5604260193646
1281,Nectar vital equilibrio ananás/coco,5601151136140,11754,10009,Embalagem de 1 l,Compal,,"1,49€/L","1,49€",https://cdn.intermarche.pt/pt/Content/images/boitmal/produit/zoom/2353850FA900673F4C3B08C535F9375F.jpg,,/product/nectar-vital-equilibrio-ananas-ou-coco/5601151136140
15359,Néctar de manga,5604260273317,11754,10009,Pack 3 x 200 ml,PorSi,,"1,65€/L","0,99€",https://cdn.intermarche.pt/pt/Content/images/boitmal/produit/zoom/C029E47F92C2B8B61D7DC41A026C661E.jpg,,/product/nectar-de-manga/5604260273317
1271,Néctar vital equilibrio laranja/cenoura/manga,5601151043455,11754,10009,Embalagem de 1 l,Compal,,"1,69€/L","1,69€",https://cdn.intermarche.pt/pt/Content/images/boitmal/produit/zoom/3AF115231F2C0FD57C62006464E6A0F7.jpg,,/product/nectar-vital-equilibrio-laranja-ou-cenoura-ou-manga/5601151043455
2073,"Néctar alperce, prisma",5604260193547,11754,10009,Embalagem de 1 l,PorSi,,"1,29€/L","1,29€",https://cdn.intermarche.pt/pt/Content/images/boitmal/produit/zoom/A40E2A4C5896A18366393ECE9A460FF7.jpg,,/product/nectar-alperce-prisma/5604260193547
2076,Nectar tuttifruti,5604260193585,11754,10009,Embalagem de 1 l,PorSi,,"1,09€/L","1,09€",https://cdn.intermarche.pt/pt/Content/images/boitmal/produit/zoom/F71C24EE65BBACD19D0B795025D59BB2.jpg,,/product/nectar-tuttifruti/5604260193585
1296,Néctar de pera,5601151543306,11754,10009,Embalagem de 1 l,Compal,,"1,19€/L","1,19€",https://cdn.intermarche.pt/pt/Content/images/boitmal/produit/zoom/FF128F0B6279B1B088FCD71AE0426649.jpg,,/product/nectar-de-pera/5601151543306
8643,Néctar light de manga/laranja,5601151983218,11754,10009,Pack 3 x 200 ml,Compal,,"2,58€/L","1,55€",https://cdn.intermarche.pt/pt/Content/images/boitmal/produit/zoom/B08CFC781E806936068ED3A79ED224D1.jpg,,/product/nectar-light-de-manga-ou-laranja/5601151983218
11588,Néctar pêssego,5601151540909,11754,10009,Pack 3 x 200 ml,Compal,,"2,58€/L","1,55€",https://cdn.intermarche.pt/pt/Content/images/boitmal/produit/zoom/8E9F7F7C9C6F6F0F209D5A59713C2C1B.jpg,,/product/nectar-pessego/5601151540909
15748,Néctar ananás,5604260273324,11754,10009,Pack 3 x 200 ml,PorSi,,"1,65€/L","0,99€",https://cdn.intermarche.pt/pt/Content/images/boitmal/produit/zoom/44CE328FB7922B26B1E457A43EAE62F2.jpg,,/product/nectar-ananas/5604260273324
15725,Néctar de pera,5604260273300,11754,10009,Pack 3 x 200 ml,PorSi,,"1,57€/L","0,94€",https://cdn.intermarche.pt/pt/Content/images/boitmal/produit/zoom/0413BCDA8269D327CC22E2A02C8AB9D5.jpg,,/product/nectar-de-pera/5604260273300
8631,Néctar 8 frutos,5601151123355,11754,10009,Pack 3 x 200 ml,Bongo,,"2,65€/L","1,59€",https://cdn.intermarche.pt/pt/Content/images/boitmal/produit/zoom/8BAF12E62C24AA53D4D4C5A5073D4AC9.jpg,,/product/nectar-8-frutos/5601151123355
2083,Néctar light de laranja prisma,5604260193691,11754,10009,Embalagem de 1 l,PorSi,,"1,39€/L","1,39€",https://cdn.intermarche.pt/pt/Content/images/boitmal/produit/zoom/94946A0E09C855B0C6D3C935CB076C69.jpg,,/product/nectar-light-de-laranja-prisma/5604260193691
1295,Néctar clássico de manga,5601151533451,11754,10009,Embalagem de 1 l,Compal,,"1,19€/L","1,19€",https://cdn.intermarche.pt/pt/Content/images/boitmal/produit/zoom/74A17757EF21932BB8062B705CB36141.jpg,,/product/nectar-classico-de-manga/5601151533451
1276,Néctar vital equilibrio frutos vermelhos,5601151117101,11754,10009,Embalagem de 1 l,Compal,,"1,69€/L","1,69€",https://cdn.intermarche.pt/pt/Content/images/boitmal/produit/zoom/F0950B13CAACDCB597B5CA331A1F58B4.jpg,,/product/nectar-vital-equilibrio-frutos-vermelhos/5601151117101
40544,Néctar de laranja e cenoura light,5604260302031,11754,10009,Embalagem de 1 litro,PorSi,,"1,29€/L","1,29€",https://cdn.intermarche.pt/pt/Content/images/boitmal/produit/zoom/CCEF6CFEC2FC7BB2E5FEF16B0106721E.jpg,,/product/nectar-de-laranja-e-cenoura-light/5604260302031
40545,"Néctar de maracujá, maçã e manga",5604260302055,11754,10009,Embalagem de 1 litro,PorSi,,"1,09€/L","1,09€",https://cdn.intermarche.pt/pt/Content/images/boitmal/produit/zoom/74DB947964062AD5610A8167B38BD974.jpg,,/product/nectar-de-maracuja-maca-e-manga/5604260302055
16112,"Sumo 100%, laranja",5604260276615,11755,10009,"Embalagem de 1,5 l",PorSi,,"1,33€/L","1,99€",https://cdn.intermarche.pt/pt/Content/images/boitmal/produit/zoom/17ECC8AE41A7BF742CCD5FF49B598556.jpg,,/product/sumo-100%25-laranja/5604260276615
16113,"Sumo 100%, tutti-frutti",5604260276639,11755,10009,"Embalagem de 1,5 l",PorSi,,"1,19€/L","1,79€",https://cdn.intermarche.pt/pt/Content/images/boitmal/produit/zoom/C065DDC2C791A237A97F64817C7D76D5.jpg,,/product/sumo-100%25-tutti-frutti/5604260276639
40533,Sumo 100% ananás e uva,5604260302000,11755,10009,1.5 l,PorSi,,"1,06€/L","1,59€",https://cdn.intermarche.pt/pt/Content/images/boitmal/produit/zoom/2968E5A65D67351F63FA3A4715C3A218.jpg,,/product/sumo-100%25-ananas-e-uva/5604260302000
49307,Sumo 100% fruta multifrutos,5601151969656,11755,10009,1 litro,Compal,,"1,69€/L","1,69€",https://cdn.intermarche.pt/pt/Content/images/boitmal/produit/zoom/8424532B43AB37AC24D6326C5A80BA55.jpg,,/product/sumo-100%25-fruta-multifrutos/5601151969656
10907,Sumo 100% tomate,5604260302024,11755,10009,Embalagem de 1.5 l,PorSi,,"1,13€/L","1,69€",https://cdn.intermarche.pt/pt/Content/images/boitmal/produit/zoom/292B9C7529E75D2F3BC51889C81EE89D.jpg,,/product/sumo-100%25-tomate/5604260302024
15623,Sumo 100% ananás/uva,5604260273249,11755,10009,Pack 3 x 200 ml,PorSi,,"1,65€/L","0,99€",https://cdn.intermarche.pt/pt/Content/images/boitmal/produit/zoom/C08E6C464009627CDAF2D3B788E41597.jpg,,/product/sumo-100%25-ananas-ou-uva/5604260273249
15624,Sumo 100% laranja,5604260273263,11755,10009,Pack 3 x 200 ml,PorSi,,"1,98€/L","1,19€",https://cdn.intermarche.pt/pt/Content/images/boitmal/produit/zoom/65F17397AE996A8EF224286679EBD0E4.jpg,,/product/sumo-100%25-laranja/5604260273263
15726,Sumo 100% pêssego e uva,5604260273270,11755,10009,Pack 3 x 200 ml,PorSi,,"1,65€/L","0,99€",https://cdn.intermarche.pt/pt/Content/images/boitmal/produit/zoom/6D78432B4924E4F806DBDDFD038938F4.jpg,,/product/sumo-100%25-pessego-e-uva/5604260273270
28877,Sumo 100% maçã,5604260276622,11755,10009,"Embalagem de 1,5 l",PorSi,,"0,86€/L","1,29€",https://cdn.intermarche.pt/pt/Content/images/boitmal/produit/zoom/CD29872FAA0BB0B73E655C4D361E540C.jpg,,/product/sumo-100%25-maca/5604260276622
40587,"Sumo 100%, tutti-frutti",5604260303113,11755,10009,Embalagem de 3 x 200 ml,PorSi,,"1,65€/L","0,99€",https://cdn.intermarche.pt/pt/Content/images/boitmal/produit/zoom/73CE8346065B2BB4C9367B14030AD8BE.jpg,,/product/sumo-100%25-tutti-frutti/5604260303113
42148,Sumo 100% maçã,5604260303120,11755,10009,pack 3 x 200 ml,PorSi,,"1,42€/L","0,85€",https://cdn.intermarche.pt/pt/Content/images/boitmal/produit/zoom/162734A7F01C67C4B14E4DDF890C8E68.jpg,,/product/sumo-100%25-maca/5604260303120
49981,Conjunto de Saquetas de Fruta Multifrutos,3021761207269,11755,10009,Embalagem de 360g,GoGo Squeez,,"10,53€/Kg","3,79€",https://cdn.intermarche.pt/pt/Content/images/boitmal/produit/zoom/8660412D676501A77626C4E68F3A2E58.jpg,,/product/conjunto-de-saquetas-de-fruta-multifrutos/3021761207269
14169,Sumo 100% maçã,5601151734452,11755,10009,1 litro,Compal,,"1,69€/L","1,69€",https://cdn.intermarche.pt/pt/Content/images/boitmal/produit/zoom/735FEA93558F1E10BCABBD50D558E72B.jpg,,/product/sumo-100%25-maca/5601151734452
1298,Sumo 100% laranja,5601151543405,11755,10009,1 litro,Compal,,"1,99€/L","1,99€",https://cdn.intermarche.pt/pt/Content/images/boitmal/produit/zoom/45F2D2899569ABF2DC5A8467D1A8AD00.jpg,,/product/sumo-100%25-laranja/5601151543405
24456,Nectar clássico maracujá,5601151543450,11755,10009,Garrafa de 1 l,Compal,,"1,69€/L","1,69€",https://cdn.intermarche.pt/pt/Content/images/boitmal/produit/zoom/420B7354CEE7040D1EB865A636144F4C.jpg,,/product/nectar-classico-maracuja/5601151543450
49411,Sumo 100% Laranja Espremida,5601151969571,11755,10009,Pack 3 x 200 ml,Compal,,"2,98€/L","1,79€",https://cdn.intermarche.pt/pt/Content/images/boitmal/produit/zoom/BE6107A246758DDB948F9247FE27347E.jpg,,/product/sumo-100%25-laranja-espremida/5601151969571
40534,Sumo 100% pêssego e uva,5604260302017,11755,10009,1.5 l,PorSi,,"0,99€/L","1,49€",https://cdn.intermarche.pt/pt/Content/images/boitmal/produit/zoom/72EFE58B2E2E6067C7C0902B67EB89D8.jpg,,/product/sumo-100%25-pessego-e-uva/5604260302017
35704,Conjunto de Saquetas de Fruta Maçã e Banana,3021768203639,11755,10009,Embalagem de 4 x 90g,GoGo Squeez,,"10,53€/Kg","3,79€",https://cdn.intermarche.pt/pt/Content/images/boitmal/produit/zoom/5FD12CF17A06164EE105D015DB4EE80A.jpg,,/product/conjunto-de-saquetas-de-fruta-maca-e-banana/3021768203639
35705,Conjunto de Saquetas de Fruta Maçã e Morango,3021768203615,11755,10009,Embalagem de 4 x 90g,GoGo Squeez,,"10,53€/Kg","3,79€",https://cdn.intermarche.pt/pt/Content/images/boitmal/produit/zoom/842A4A936793A68E3BEB92BD80487C2F.jpg,,/product/conjunto-de-saquetas-de-fruta-maca-e-morango/3021768203615
49412,Sumo 100% Multifrutos,5601151969557,11755,10009,pack 3 x 200 ml,Compal,,"2,98€/L","1,79€",https://cdn.intermarche.pt/pt/Content/images/boitmal/produit/zoom/06CD2EB788C5BE5243BAD71B7ED2962F.jpg,,/product/sumo-100%25-multifrutos/5601151969557
49414,Sumo 100% Maçã,5601151969564,11755,10009,pack 3 x 200 ml,Compal,,"2,98€/L","1,79€",https://cdn.intermarche.pt/pt/Content/images/boitmal/produit/zoom/CD31AD4E2832462B8D930F1F9879C4D7.jpg,,/product/sumo-100%25-maca/5601151969564
35703,Conjunto de Saquetas de Fruta Maçã,3021768203608,11755,10009,Embalagem de 4 x 90g,GoGo Squeez,,"10,53€/Kg","3,79€",https://cdn.intermarche.pt/pt/Content/images/boitmal/produit/zoom/EFAD3B28A2AEC54F4385AF821FCB6551.jpg,,/product/conjunto-de-saquetas-de-fruta-maca/3021768203608
43102,Conjunto de Saquetas de Fruta Maçã e Pera,3021761207214,11755,10009,Embalagem de 4 x 90g,GoGo Squeez,,"9,69€/Kg","3,49€",https://cdn.intermarche.pt/pt/Content/images/boitmal/produit/zoom/CE4925BADBF21C4F7D4D7E83BC0A1EDF.jpg,,/product/conjunto-de-saquetas-de-fruta-maca-e-pera/3021761207214
47060,Frutapura maçã e pera,5900852054822,11755,10009,Embalagem de 85g,Blédina,,"11,65€/Kg","0,99€",https://cdn.intermarche.pt/pt/Content/images/boitmal/produit/zoom/AB68426139773BC1589E8CCC5EDAC43A.jpg,,/product/frutapura-maca-e-pera/5900852054822
39466,"Sumo natural de betarraba bio, garrafa de 750 ml",5604321037025,11287,10119,,Cemporcento,,"4,52€/L","3,39€",https://cdn.intermarche.pt/pt/Content/images/boitmal/produit/zoom/9C36B8CECBF52711B984C296D00A2F9A.jpg,,/product/sumo-natural-de-betarraba-bio-garrafa-de-750-ml/5604321037025
39468,"Sumo natural de mirtilo bio, garrafa de 200 ml",5604321037056,11287,10119,,Cemporcento,,"12,45€/L","2,49€",https://cdn.intermarche.pt/pt/Content/images/boitmal/produit/zoom/C06F24F7BCEDADD88CC3CF2EAC0FF4D3.jpg,,/product/sumo-natural-de-mirtilo-bio-garrafa-de-200-ml/5604321037056
39579,"Sumo natural de alperce bio, garrafa de 200 ml",5604321037032,11287,10119,,Cemporcento,,"5,45€/L","1,09€",https://cdn.intermarche.pt/pt/Content/images/boitmal/produit/zoom/3C81C375BA38CA7BDB6F2A3C722AD5D2.jpg,,/product/sumo-natural-de-alperce-bio-garrafa-de-200-ml/5604321037032
39580,"Sumo natural de cranberry bio, garrafa de 200 ml",5604321037063,11287,10119,,Cemporcento,,"12,45€/L","2,49€",https://cdn.intermarche.pt/pt/Content/images/boitmal/produit/zoom/9B5651AFE74A0AB2E729B31235AC6CB0.jpg,,/product/sumo-natural-de-cranberry-bio-garrafa-de-200-ml/5604321037063
39581,"Sumo natural de romã bio, garrafa de 200 ml",5604321037087,11287,10119,,Cemporcento,,"12,45€/L","2,49€",https://cdn.intermarche.pt/pt/Content/images/boitmal/produit/zoom/0044F5CDED95C8714B49C0A91299015E.jpg,,/product/sumo-natural-de-roma-bio-garrafa-de-200-ml/5604321037087
39590,"Sumo natural de pêssego bio, garrafa de 200 ml",5604321037797,11287,10119,,Cemporcento,,"5,45€/L","1,09€",https://cdn.intermarche.pt/pt/Content/images/boitmal/produit/zoom/AF08BF83E5400FD2674EFEA2357BF47E.jpg,,/product/sumo-natural-de-pessego-bio-garrafa-de-200-ml/5604321037797
46662,"Snacktoon rupy frutos variados, 100g",5900852054914,11755,10009,,Blédina,,"14,90€/Kg","1,49€",https://cdn.intermarche.pt/pt/Content/images/boitmal/produit/zoom/EEE70F765979DD4ADEB12AF4A28CDC46.jpg,,/product/snacktoon-rupy-frutos-variados-100g/5900852054914
46663,Bledina snacktoon molly maçã,5900852054907,11755,10009,Embalagem de 100g,Blédina,,"14,90€/Kg","1,49€",https://cdn.intermarche.pt/pt/Content/images/boitmal/produit/zoom/4A036EE06A4D8D5BA3B29BFF14D65BCB.jpg,,/product/bledina-snacktoon-molly-maca/5900852054907
47062,Frutapura Pouch Frutos Variados,5900852054846,11755,10009,Embalagem de 85g,Blédina,,"11,65€/Kg","0,99€",https://cdn.intermarche.pt/pt/Content/images/boitmal/produit/zoom/A5E657B4F24E3E47065A155BF934CD06.jpg,,/product/frutapura-pouch-frutos-variados/5900852054846
47064,Frutapura maçã manga laranja,5900852054884,11755,10009,Embalagem de 85g,Blédina,,"11,65€/Kg","0,99€",https://cdn.intermarche.pt/pt/Content/images/boitmal/produit/zoom/00C328E391A574AA61CBDF65215450F7.jpg,,/product/frutapura-maca-manga-laranja/5900852054884
50439,"Smoothie de maçã, kiwi e lima",5038862239660,11755,10009,Garrafa de 250 ml,Innocent,,"7,96€/L","1,99€",https://cdn.intermarche.pt/pt/Content/images/boitmal/produit/zoom/45164E7513D1A5114E49BA7BDF135608.jpg,,/product/smoothie-de-maca-kiwi-e-lima/5038862239660
9758,Sumo de laranja,5604802000098,11755,10009,Garrafa 3L,Lara,,"2,66€/L","7,99€",https://cdn.intermarche.pt/pt/Content/images/boitmal/produit/zoom/9994DB4D115BFACD019C51C63DC6D34B.jpg,,/product/sumo-de-laranja/5604802000098
45812,Sumo Natural 100% Maçã de Alcobaça e Pera Rocha do Oeste,5604260317035,11755,10009,1.5 litros,PorSi Select,,"2,19€/L","3,29€",https://cdn.intermarche.pt/pt/Content/images/boitmal/produit/zoom/ECCB2F7B38C4B3284E856D1F38001F89.jpg,,/product/sumo-natural-100%25-maca-de-alcobaca-e-pera-rocha-do-oeste/5604260317035
41897,Sumo de laranja,4000177024935,11755,10009,Embalagem de 4 x 200ml,Capri-Sun,,"3,10€/L","2,48€",https://cdn.intermarche.pt/pt/Content/images/boitmal/produit/zoom/C8488EDA59E8CEF60193E894C6356279.jpg,,/product/sumo-de-laranja/4000177024935
25275,Concentrado de laranja,5775345121578,11756,10009,Garrafa de 700 ml,Sunquick,,"7,41€/L","5,19€",https://cdn.intermarche.pt/pt/Content/images/boitmal/produit/zoom/8F6159314AFA9ACA4FB2EC88A7BBF04D.jpg,2024-09-25T22:59:59.999Z,/product/concentrado-de-laranja/5775345121578
25276,Concentrado de frutas tropicais,5775345121585,11756,10009,Garrafa de 700 ml,Sunquick,,"7,41€/L","5,19€",https://cdn.intermarche.pt/pt/Content/images/boitmal/produit/zoom/4BD6A03207C4644AA25F7ED6571B6B74.jpg,2024-09-25T22:59:59.999Z,/product/concentrado-de-frutas-tropicais/5775345121585
50027,Concentrado Laranja e Pêssego,5775345203373,11756,10009,Garrafa de 700 ml,Sunquick,,"7,41€/L","5,19€",https://cdn.intermarche.pt/pt/Content/images/boitmal/produit/zoom/0C66C20D7FFAE91A6E5B8A890E65B833.jpg,2024-09-25T22:59:59.999Z,/product/concentrado-laranja-e-pessego/5775345203373
50498,Concentrado Laranja e Manga,5775345202918,11756,10009,Garrafa de 700 ml,Sunquick,,"7,41€/L","5,19€",https://cdn.intermarche.pt/pt/Content/images/boitmal/produit/zoom/2A5487A92FEBBD8C4A9D852619EA55EB.jpg,2024-09-25T22:59:59.999Z,/product/concentrado-laranja-e-manga/5775345202918
53008,"Concentrado de Maracujá Mix, garrafa de 700 ml",5775345205384,11756,10009,,Sunquick,,"7,41€/L","5,19€",https://cdn.intermarche.pt/pt/Content/images/boitmal/produit/zoom/5389434D1C5481A1E2137E6ACD009273.jpg,2024-09-25T22:59:59.999Z,/product/concentrado-de-maracuja-mix-garrafa-de-700-ml/5775345205384
53009,"Concentrado de Manga, garrafa de 700 ml",5775345205285,11756,10009,,Sunquick,,"7,41€/L","5,19€",https://cdn.intermarche.pt/pt/Content/images/boitmal/produit/zoom/47641B3B2ADBFBD16DD4A5737D06477E.jpg,2024-09-25T22:59:59.999Z,/product/concentrado-de-manga-garrafa-de-700-ml/5775345205285
11494,Sumo concentrado de laranja/maracujá,5601045080801,11756,10009,Garrafa de 740 ml,GUD,,"6,74€/L","4,99€",https://cdn.intermarche.pt/pt/Content/images/boitmal/produit/zoom/C221FA4664D0130B8E97DF815C7232DB.jpg,,/product/sumo-concentrado-de-laranja-ou-maracuja/5601045080801
555,Xarope grenadine,3250390001522,11756,10009,Garrafa de 750 ml,Paquito,,"5,32€/L","3,99€",https://cdn.intermarche.pt/pt/Content/images/boitmal/produit/zoom/A3D60CDFC505CCC84381D2FA9EC0DEB0.jpg,,/product/xarope-grenadine/3250390001522
14709,Groselha,5601245250011,11756,10009,Garrafa de 1 l,Albergaria,,"4,99€/L","4,99€",https://cdn.intermarche.pt/pt/Content/images/boitmal/produit/zoom/635F77D8C5EAA7591E05C0342ED3FB39.jpg,,/product/groselha/5601245250011
35294,Xarope de groselha,5603076016019,11756,10009,Garrafa de 1 l,Xarão,,"3,29€/L","3,29€",https://cdn.intermarche.pt/pt/Content/images/boitmal/produit/zoom/C13380B7A317CBDAA41FC84306BC6387.jpg,,/product/xarope-de-groselha/5603076016019
35905,Xarope de menta,3250390001508,11756,10009,Garrafa de 0.75 lt,Paquito,,"5,32€/L","3,99€",https://cdn.intermarche.pt/pt/Content/images/boitmal/produit/zoom/9AA94EC8415049F5E1D7E72243B6F8FC.jpg,,/product/xarope-de-menta/3250390001508
2582,Refresco em pó de laranja,7622300118679,11756,10009,Embalagem de 30g,Tang,,"33,00€/Kg","0,99€",https://cdn.intermarche.pt/pt/Content/images/boitmal/produit/zoom/93C950E23C6D3C4F7356D5E290068B2C.jpg,,/product/refresco-em-po-de-laranja/7622300118679
34308,Xarope grenadine zero,3250390953616,11756,10009,Garrafa de 750 ml,Paquito,,"3,99€/L","2,99€",https://cdn.intermarche.pt/pt/Content/images/boitmal/produit/zoom/95D0585E83B47D5668483BB5E8186F7A.jpg,,/product/xarope-grenadine-zero/3250390953616
554,Xarope de limão sem corantes,3250390001492,11756,10009,Garrafa de 750 ml,Paquito,,"5,99€/L","4,49€",https://cdn.intermarche.pt/pt/Content/images/boitmal/produit/zoom/8633B73CEC407F42E92C151BED93AF7D.jpg,,/product/xarope-de-limao-sem-corantes/3250390001492
36442,Refresco em pó de limão,7622300356804,11756,10009,30 g,Tang,,"33,00€/Kg","0,99€",https://cdn.intermarche.pt/pt/Content/images/boitmal/produit/zoom/131BB8A22BCBD6CE8CBF4A715EBE0551.jpg,,/product/refresco-em-po-de-limao/7622300356804
9913,"Refresco em pó, ananás",7622300118945,11756,10009,Embalagem de 30g,Tang,,"33,00€/Kg","0,99€",https://cdn.intermarche.pt/pt/Content/images/boitmal/produit/zoom/8FD16408E776EC436D9EFD86A0FE2770.jpg,,/product/refresco-em-po-ananas/7622300118945
2583,"Refresco em pó, tropical",7622300118969,11756,10009,Embalagem de 30g,Tang,,"33,00€/Kg","0,99€",https://cdn.intermarche.pt/pt/Content/images/boitmal/produit/zoom/CA5DD9C6D01E8CCB6A796283D557355A.jpg,,/product/refresco-em-po-tropical/7622300118969
2584,Refresco em pó de morango,7622300119096,11756,10009,Embalagem de 30g,Tang,,"33,00€/Kg","0,99€",https://cdn.intermarche.pt/pt/Content/images/boitmal/produit/zoom/0CE3759E9057974EA33B7DBBD2396BBE.jpg,,/product/refresco-em-po-de-morango/7622300119096
5090,Sumo concentrado de laranja,5601045080009,11756,10009,Garrafa de 740 ml,GUD,,"6,74€/L","4,99€",https://cdn.intermarche.pt/pt/Content/images/boitmal/produit/zoom/0DACB2ADAD6B5FAEEA6906C41DA67AA6.jpg,,/product/sumo-concentrado-de-laranja/5601045080009
50039,Xarope morango,3250390001553,11756,10009,Garrafa de 750 ml,Paquito,,"6,25€/L","4,69€",https://cdn.intermarche.pt/pt/Content/images/boitmal/produit/zoom/BEEE129C6895D17A7B42EECFB31CC2C8.jpg,,/product/xarope-morango/3250390001553
22344,Powerade ice storm,0000054492653,11111,10009,Garrafa de 500 ml,Powerade,,"2,98€/L","1,49€",https://cdn.intermarche.pt/pt/Content/images/boitmal/produit/zoom/9EF5EAC16201BB8AE0EE29F115A16530.jpg,,/product/powerade-ice-storm/0000054492653
27742,Bebida Isotónica de Limão s/ Gás,5449000164957,10325,10009,"Garrafa de 1,5 l",Aquarius,,"1,53€/L","2,29€",https://cdn.intermarche.pt/pt/Content/images/boitmal/produit/zoom/8696920250929B93491F5F3269DD5C71.jpg,,/product/bebida-isotonica-de-limao-s-ou-gas/5449000164957
3489,"Bebida desportiva, orange burst",0000054492752,11111,10009,Garrafa de 500 ml,Powerade,,"2,98€/L","1,49€",https://cdn.intermarche.pt/pt/Content/images/boitmal/produit/zoom/654E1F696F0E6CB1189675BD2B716206.jpg,,/product/bebida-desportiva-orange-burst/0000054492752
10766,Bebida energética,9002490100490,11111,10009,Pack 4 x 0.25 l,Red Bull,,"5,59€/L","5,59€",https://cdn.intermarche.pt/pt/Content/images/boitmal/produit/zoom/42726BBCF5C8B7B6877344021AAC34CA.jpg,,/product/bebida-energetica/9002490100490
16564,Bebida energética ripper,5060166690427,11111,10009,Garrafa de 500 ml,Monster,,"3,38€/L","1,69€",https://cdn.intermarche.pt/pt/Content/images/boitmal/produit/zoom/16B9D66126580CEC0D4C035E88C14A16.jpg,,/product/bebida-energetica-ripper/5060166690427
458,Bebida energética original,9002490100070,11111,10009,Garrafa de 250 ml,Red Bull,,"5,96€/L","1,49€",https://cdn.intermarche.pt/pt/Content/images/boitmal/produit/zoom/F60E0BAB263BC71F15ED1585FE3F2CB0.jpg,,/product/bebida-energetica-original/9002490100070
16565,Bebida energética green,5060166690380,11111,10009,Garrafa de 500 ml,Monster,,"3,38€/L","1,69€",https://cdn.intermarche.pt/pt/Content/images/boitmal/produit/zoom/E70555C1EDA938BA8551BA006F13F544.jpg,,/product/bebida-energetica-green/5060166690380
27741,Bebida Isotónica de Laranja s/ Gás,5449000133847,10325,10009,"Garrafa de 1,5 l",Aquarius,,"1,53€/L","2,29€",https://cdn.intermarche.pt/pt/Content/images/boitmal/produit/zoom/44C6A8986AD16165E42FB4F575EDCFA3.jpg,,/product/bebida-isotonica-de-laranja-s-ou-gas/5449000133847
32336,Bebida Energética Apple,5999884034612,11111,10009,250 ml,Hell,,"3,40€/L","0,85€",https://cdn.intermarche.pt/pt/Content/images/boitmal/produit/zoom/97B1FCFCCCE140F10620EE3078D6D8BF.jpg,,/product/bebida-energetica-apple/5999884034612
34329,Bebida energética hell,5999884034469,11111,10009,Garrafa de 250 ml,Hell,,"3,16€/L","0,79€",https://cdn.intermarche.pt/pt/Content/images/boitmal/produit/zoom/FEFDF6E3751B1D7A0933303239329679.jpg,,/product/bebida-energetica-hell/5999884034469
38634,Bebida energética mango loco,5060639121915,11111,10009,Garrafa de 500 ml,Monster,,"3,38€/L","1,69€",https://cdn.intermarche.pt/pt/Content/images/boitmal/produit/zoom/538051783AD204653704F0269B632B69.jpg,,/product/bebida-energetica-mango-loco/5060639121915
41943,Monster energy ultra paradise,5060639127375,11111,10009,lata de 500 ml,Monster,,"3,38€/L","1,69€",https://cdn.intermarche.pt/pt/Content/images/boitmal/produit/zoom/8091F3820415480BF22B7353EADA5361.jpg,,/product/monster-energy-ultra-paradise/5060639127375
49331,Bebida energética ultra watermelon,5060896621548,11111,10009,lata de 500 ml,Monster,,"3,38€/L","1,69€",https://cdn.intermarche.pt/pt/Content/images/boitmal/produit/zoom/0165B2A9210976B98D31D0B8B63BE355.jpg,,/product/bebida-energetica-ultra-watermelon/5060896621548
7016,Bebida energética s/ açúcar,0000090162800,11111,10009,Garrafa de 250 ml,Red Bull,,"5,96€/L","1,49€",https://cdn.intermarche.pt/pt/Content/images/boitmal/produit/zoom/8A8A160F3C239C2427F89A24C522FB51.jpg,,/product/bebida-energetica-s-ou-acucar/0000090162800
15817,Bebida energética tropical edition,9002490228859,11111,10009,Garrafa de 250 ml,Red Bull,,"5,96€/L","1,49€",https://cdn.intermarche.pt/pt/Content/images/boitmal/produit/zoom/424E943CBDF74BEE18408298C106439E.jpg,,/product/bebida-energetica-tropical-edition/9002490228859
21521,Bebida energética original,5060466513389,11111,10009,Garrafa de 500 ml,Burn,,"2,38€/L","1,19€",https://cdn.intermarche.pt/pt/Content/images/boitmal/produit/zoom/2FB27D46887144F22B2484321D29691A.jpg,,/product/bebida-energetica-original/5060466513389
44827,Bebida energética energy ultra fiesta mango,5060751213512,11111,10009,Lata de 500 ml,Monster,,"3,38€/L","1,69€",https://cdn.intermarche.pt/pt/Content/images/boitmal/produit/zoom/D041D204F892FAEC823275C2D1287761.jpg,,/product/bebida-energetica-energy-ultra-fiesta-mango/5060751213512
46217,Bebida energética monarch,5060751213550,11111,10009,Lata de 500 ml,Monster,,"3,38€/L","1,69€",https://cdn.intermarche.pt/pt/Content/images/boitmal/produit/zoom/DF93984E9B93E9AC42A6FE49A440EF1D.jpg,,/product/bebida-energetica-monarch/5060751213550
50649,"Bebida Energética Reserve White Pineapple, lata de 500 ml",5060896627014,11111,10009,,Monster,,"3,38€/L","1,69€",https://cdn.intermarche.pt/pt/Content/images/boitmal/produit/zoom/819FD215A8D51F854CECB769CFEAEEDF.jpg,,/product/bebida-energetica-reserve-white-pineapple-lata-de-500-ml/5060896627014
17428,Bebida energética a-zero,5060335632272,11111,10009,Garrafa de 500 ml,Monster,,"3,38€/L","1,69€",https://cdn.intermarche.pt/pt/Content/images/boitmal/produit/zoom/27CD56EBFA1CEC3B0081B9EB3853C598.jpg,,/product/bebida-energetica-a-zero/5060335632272
22382,Tonic premium indian,5060108450263,11111,10009,Garrafa de 500 ml,Fever-Tree,,"7,30€/L","3,65€",https://cdn.intermarche.pt/pt/Content/images/boitmal/produit/zoom/95376A9AEA88AB1C0DB3FEEC72BA10BF.jpg,,/product/tonic-premium-indian/5060108450263
24384,Bebida energética ultra white,5060337501316,11111,10009,Garrafa de 500 ml,Monster,,"3,38€/L","1,69€",https://cdn.intermarche.pt/pt/Content/images/boitmal/produit/zoom/F89842C3AEB9F6E1DD6438C3CEFD67DB.jpg,,/product/bebida-energetica-ultra-white/5060337501316
297,Bebida energética,0000090376054,11111,10009,Garrafa de 360 ml,Red Bull,,"5,81€/L","2,09€",https://cdn.intermarche.pt/pt/Content/images/boitmal/produit/zoom/6E48C7249E187BFC9AC58A07BFA00EC8.jpg,,/product/bebida-energetica/0000090376054
31165,Bebida energética lata,5060466513501,11111,10009,Garrafa de 250 ml,Burn,,"3,16€/L","0,79€",https://cdn.intermarche.pt/pt/Content/images/boitmal/produit/zoom/BC2E54D006F7C751FC62397402B86738.jpg,,/product/bebida-energetica-lata/5060466513501
32337,Bebida Energética Red Grape,5999884034506,11111,10009,250 ml,Hell,,"3,40€/L","0,85€",https://cdn.intermarche.pt/pt/Content/images/boitmal/produit/zoom/90375237187E12CCF18AF280B8C44A22.jpg,,/product/bebida-energetica-red-grape/5999884034506
43319,Red bull red edition,9002490249922,11111,10009,Garrafa de 250 ml,Red Bull,,"5,96€/L","1,49€",https://cdn.intermarche.pt/pt/Content/images/boitmal/produit/zoom/2B1C5FB624520D8A3FCC3448716739F6.jpg,,/product/red-bull-red-edition/9002490249922
46136,Bebida Energética com Sabor a Açaí,9002490251901,11111,10009,Lata de 250 ml,Red Bull,,"5,96€/L","1,49€",https://cdn.intermarche.pt/pt/Content/images/boitmal/produit/zoom/5E75C7EF6450BA8CAE3F258520BB03F1.jpg,,/product/bebida-energetica-com-sabor-a-acai/9002490251901
46249,Red bull sugarfree 2pack,9002490247270,11111,10009,Garrafa de 500 ml,Red Bull,,"5,58€/L","2,79€",https://cdn.intermarche.pt/pt/Content/images/boitmal/produit/zoom/AA237DA0687466ABEF41342E01FE983A.jpg,,/product/red-bull-sugarfree-2pack/9002490247270
53003,"Bebida Energética Juiced Mango Loco, 4 x 500ml",5060896623924,11111,10009,,Monster,,"3,10€/L","6,19€",https://cdn.intermarche.pt/pt/Content/images/boitmal/produit/zoom/B8EBEE11F32B2D67D8619E3DF1C55251.jpg,,/product/bebida-energetica-juiced-mango-loco-4-x-500ml/5060896623924
53252,"Bebida Energética Ultra Gold Zero, lata de 500 ml",5060896626864,11111,10009,,Monster,,"3,38€/L","1,69€",https://cdn.intermarche.pt/pt/Content/images/boitmal/produit/zoom/CD035F1565E957FFF3C88F2FA7E86043.jpg,,/product/bebida-energetica-ultra-gold-zero-lata-de-500-ml/5060896626864
53253,"Bebida Energética Burn Fruit Punch, lata de 500 ml",5060895744354,11111,10009,,Burn,,"2,38€/L","1,19€",https://cdn.intermarche.pt/pt/Content/images/boitmal/produit/zoom/9FF4C6371670166E35C6433CD3766F58.jpg,,/product/bebida-energetica-burn-fruit-punch-lata-de-500-ml/5060895744354
14367,Água tónica,8414100314646,11675,10008,Garrafa de 1 l,Schweppes,,"1,99€/L","1,99€",https://cdn.intermarche.pt/pt/Content/images/boitmal/produit/zoom/5C66815ADFA914E33C4113BEAE08ED74.jpg,,/product/agua-tonica/8414100314646
18195,Ginger ale,8414100314745,11675,10008,Garrafa de 1 l,Schweppes,,"1,99€/L","1,99€",https://cdn.intermarche.pt/pt/Content/images/boitmal/produit/zoom/09EBA3B96E13399BDEDB09CF9692D50F.jpg,,/product/ginger-ale/8414100314745
47653,Ginger Ale,8414100306559,11675,10008,lata 33 cl,Schweppes,,"2,88€/L","0,95€",https://cdn.intermarche.pt/pt/Content/images/boitmal/produit/zoom/7266BD34E9D43F1FF4AC9272334226E1.jpg,,/product/ginger-ale/8414100306559
31551,Schweppes tónica zero,8414100333241,11675,10008,Garrafa de 250 ml,Schweppes,,"3,80€/L","0,95€",https://cdn.intermarche.pt/pt/Content/images/boitmal/produit/zoom/7D3CDC1738B0F685E19A0F0C867F8751.jpg,,/product/schweppes-tonica-zero/8414100333241
20645,Água tónica,8414100333142,11675,10008,Garrafa de 250 ml,Schweppes,,"3,80€/L","0,95€",https://cdn.intermarche.pt/pt/Content/images/boitmal/produit/zoom/B5135EC368396A1E27E631F286A71A1E.jpg,,/product/agua-tonica/8414100333142
14687,Água tónica premium mediterranean,5060108450515,11675,10008,pack 4 x 0.20 l,Fever-Tree,,"7,49€/L","5,99€",https://cdn.intermarche.pt/pt/Content/images/boitmal/produit/zoom/770F28EDA01BED3158CBDE1A06DB5374.jpg,,/product/agua-tonica-premium-mediterranean/5060108450515
14432,Água tónica premium indian,5060108450010,11675,10008,pack 4 x 0.20 l,Fever-Tree,,"7,49€/L","5,99€",https://cdn.intermarche.pt/pt/Content/images/boitmal/produit/zoom/3640F52D236288BAD0F7AE936CF4D877.jpg,,/product/agua-tonica-premium-indian/5060108450010
40996,Água tónica citrus,8414100389590,11675,10008,Garrafa de 1 l,Schweppes,,"1,59€/L","1,59€",https://cdn.intermarche.pt/pt/Content/images/boitmal/produit/zoom/E5516D9F82E19D747B0DB35CBB6229F9.jpg,,/product/agua-tonica-citrus/8414100389590
53029,"Bebida Ginger Beer Premium, garrafa de 200 ml",8414100387626,11675,10008,,Schweppes,,"8,95€/L","1,79€",https://cdn.intermarche.pt/pt/Content/images/boitmal/produit/zoom/F8F77D165B88780BC28DB0A0A073BEAD.jpg,,/product/bebida-ginger-beer-premium-garrafa-de-200-ml/8414100387626
53030,"Refrigerante Laranja Zero, lata de 330 ml",8414100363460,11675,10008,,Schweppes,,"2,88€/L","0,95€",https://cdn.intermarche.pt/pt/Content/images/boitmal/produit/zoom/D8A50DAF7C343E44B10F6987990E4D7C.jpg,,/product/refrigerante-laranja-zero-lata-de-330-ml/8414100363460
53295,"Água Tónica Regular Zero, garrafa de 1l",8414100301240,11675,10008,,Schweppes,,"1,99€/L","1,99€",https://cdn.intermarche.pt/pt/Content/images/boitmal/produit/zoom/AEC285B8796F6030DCD987BA7BB072F4.jpg,,/product/agua-tonica-regular-zero-garrafa-de-1l/8414100301240
40956,Schweppes citrus lata 33cl,8414100389538,11675,10008,Garrafa de 330 ml,Schweppes,,"2,88€/L","0,95€",https://cdn.intermarche.pt/pt/Content/images/boitmal/produit/zoom/121AC80C17F615466A8952DEE7E97FBC.jpg,,/product/schweppes-citrus-lata-33cl/8414100389538
29231,Vinho tinto doc douro,5010867203969,11476,11472,Garrafa de 0.75 l,Altano,,"5,32€/L","3,99€",https://cdn.intermarche.pt/pt/Content/images/boitmal/produit/zoom/F5BDC16A3EDC0683378C0974A9413A1F.jpg,2024-10-02T22:59:59.999Z,/product/vinho-tinto-doc-douro/5010867203969
5158,Vinho tinto douro,5601109211127,11476,11472,Garrafa de 750 ml,Porca de Murça,,"4,92€/L","3,69€",https://cdn.intermarche.pt/pt/Content/images/boitmal/produit/zoom/30B67AC8E69DE198F7491E5F5BEA03A8.jpg,2024-10-02T22:59:59.999Z,/product/vinho-tinto-douro/5601109211127
8228,Vinho tinto doc douro,5600224301409,11476,11472,Garrafa de 750 ml,Duorum,,"5,05€/L","3,79€",https://cdn.intermarche.pt/pt/Content/images/boitmal/produit/zoom/E44C74C4389AB08DA4FEFF480F94485E.jpg,2024-10-02T22:59:59.999Z,/product/vinho-tinto-doc-douro/5600224301409
20032,Vinho tinto doc douro,5602947000010,11476,11472,Garrafa de 750 ml,Quinta da Pacheca,,"7,32€/L","5,49€",https://cdn.intermarche.pt/pt/Content/images/boitmal/produit/zoom/595081D749AF5B554E631E38F5E97F6B.jpg,2024-10-02T22:59:59.999Z,/product/vinho-tinto-doc-douro/5602947000010
52528,Vinho Tinto do Douro Touriga-Nacional,5604260330942,11476,11472,Garrafa de 0.75 litros,Selecção de Enófilos,,"5,32€/L","3,99€",https://cdn.intermarche.pt/pt/Content/images/boitmal/produit/zoom/FFC26659C33A647A2CF5D5B111C3F509.jpg,2024-10-02T22:59:59.999Z,/product/vinho-tinto-do-douro-touriga-nacional/5604260330942
18231,"Vinho DOC Douro, Reserva, Tinto",5604260280216,11476,11472,Garrafa de 0.75 l,Selecção de Enófilos,,"3,85€/L","2,89€",https://cdn.intermarche.pt/pt/Content/images/boitmal/produit/zoom/F4527A682ED5B77F02F5CE90802CDCAF.jpg,2024-10-02T22:59:59.999Z,/product/vinho-doc-douro-reserva-tinto/5604260280216
23762,Vinho doc douro reserva tinto,5600202948305,11476,11472,Garrafa de 0.75 l,Valleperro,,"5,99€/L","4,49€",https://cdn.intermarche.pt/pt/Content/images/boitmal/produit/zoom/A1EFDD4503301D6A933720FD863CF389.jpg,2024-10-04T22:59:59.999Z,/product/vinho-doc-douro-reserva-tinto/5600202948305
23653,Vinho doc douro tinto,5600202948299,11476,11472,Garrafa de 750 ml,Valleperro,,"3,99€/L","2,99€",https://cdn.intermarche.pt/pt/Content/images/boitmal/produit/zoom/96071F1855B46F6FE1381F81A425A749.jpg,2024-10-04T22:59:59.999Z,/product/vinho-doc-douro-tinto/5600202948299
8287,Vinho doc douro tinto,5601012002706,11476,11472,Garrafa de 0.75 l,Papa Figos,,"7,85€/L","5,89€",https://cdn.intermarche.pt/pt/Content/images/boitmal/produit/zoom/D0A86CC2A81559BD7DA65966F6D69F4E.jpg,2024-10-02T22:59:59.999Z,/product/vinho-doc-douro-tinto/5601012002706
26524,Vinho tinto douro,5606710533125,11476,11472,Garrafa de 0.75 l,Carm,,"10,47€/L","7,85€",https://cdn.intermarche.pt/pt/Content/images/boitmal/produit/zoom/B1199C49770B2F8E59C17095E9CDE363.jpg,2024-10-02T22:59:59.999Z,/product/vinho-tinto-douro/5606710533125
32257,"Vinho Tinto DOC Douro, garrafa de 0,75 l",5604260283200,11476,11472,,Selecção de Enófilos,,"9,32€/L","6,99€",https://cdn.intermarche.pt/pt/Content/images/boitmal/produit/zoom/EAE90890AE5E3EAAFBB2D98091583E24.jpg,2024-10-02T22:59:59.999Z,/product/vinho-tinto-doc-douro-garrafa-de-075-l/5604260283200
11868,Vinho tinto doc douro,5602235210114,11476,11472,Garrafa de 750 ml,Quinta do Cotto,,"8,79€/L","6,59€",https://cdn.intermarche.pt/pt/Content/images/boitmal/produit/zoom/A35406BB835CFF8F4FD8C4E5A0C4273A.jpg,2024-10-02T22:59:59.999Z,/product/vinho-tinto-doc-douro/5602235210114
21582,"Vinho doc douro, tinto",5604846103380,11476,11472,Garrafa de 750 ml,Quinta de la Rosa,,"13,99€/L","10,49€",https://cdn.intermarche.pt/pt/Content/images/boitmal/produit/zoom/D45754243CA0614E6D8012904E0A78BA.jpg,2024-10-02T22:59:59.999Z,/product/vinho-doc-douro-tinto/5604846103380
41661,Vinho DOC Douro Tinto Reserva,5603769000752,11476,11472,Garrafa de 0.75 l,Piano,,"8,52€/L","6,39€",https://cdn.intermarche.pt/pt/Content/images/boitmal/produit/zoom/4FD87021DCC7BC1997C91EAD9C6DE477.jpg,2024-10-02T22:59:59.999Z,/product/vinho-doc-douro-tinto-reserva/5603769000752
19954,Vinho tinto doc douro superior,5602947000416,11476,11472,Garrafa de 0.75 l,Quinta da Pacheca,,"13,32€/L","9,99€",https://cdn.intermarche.pt/pt/Content/images/boitmal/produit/zoom/2E8721C1046AE3D695D877A7355E482F.jpg,2024-10-02T22:59:59.999Z,/product/vinho-tinto-doc-douro-superior/5602947000416
21581,"Vinho DOC Douro, Tinto",5601109211004,11476,11472,"Garrafa de 0,75 L",Quinta dos Aciprestes,,"11,19€/L","8,39€",https://cdn.intermarche.pt/pt/Content/images/boitmal/produit/zoom/ED0DBD281386E23F28D5D76C8B320043.jpg,2024-10-02T22:59:59.999Z,/product/vinho-doc-douro-tinto/5601109211004
21583,Vinho DOC Douro Tinto,5600224301027,11476,11472,"Garrafa de 0,75L",Duorum,,"13,32€/L","9,99€",https://cdn.intermarche.pt/pt/Content/images/boitmal/produit/zoom/7E7DCFE154686EBFE31A365E7F81D8EC.jpg,2024-10-02T22:59:59.999Z,/product/vinho-doc-douro-tinto/5600224301027
51558,Vinho Tinto Douro Doc Tinta Roriz,5604260326907,11476,11472,Garrafa de 0.75 l,Selecção de Enófilos,,"3,99€/L","2,99€",https://cdn.intermarche.pt/pt/Content/images/boitmal/produit/zoom/3A2337F7D3E4729878525125C73B5D35.jpg,2024-10-02T22:59:59.999Z,/product/vinho-tinto-douro-doc-tinta-roriz/5604260326907
9278,Vinho maduro tinto doc douro,5603522994533,11476,11472,Garrafa de 0.75 l,Assobio,,"7,99€/L","5,99€",https://cdn.intermarche.pt/pt/Content/images/boitmal/produit/zoom/EFAE1C03B088D3413F74EC6C13DEDC12.jpg,2024-10-04T22:59:59.999Z,/product/vinho-maduro-tinto-doc-douro/5603522994533
18704,Vinho doc douro tinto,5601176000860,11476,11472,Garrafa de 750 ml,Tellu's,,"5,32€/L","3,99€",https://cdn.intermarche.pt/pt/Content/images/boitmal/produit/zoom/9E82C366E173674CD8F645F2C2CC82CA.jpg,,/product/vinho-doc-douro-tinto/5601176000860
20911,Vinho doc douro tinto,5600390412787,11476,11472,Garrafa de 0.75 l,Rio Real,,"6,65€/L","4,99€",https://cdn.intermarche.pt/pt/Content/images/boitmal/produit/zoom/88872D684C0E5ED9B5AA35B357298CAC.jpg,,/product/vinho-doc-douro-tinto/5600390412787
11844,Vinho tinto doc douro,5602079055100,11476,11472,Garrafa de 750 ml,Vila Real,,"3,99€/L","2,99€",https://cdn.intermarche.pt/pt/Content/images/boitmal/produit/zoom/5C5EE0EE72BBF8280AECE4E57B67812F.jpg,,/product/vinho-tinto-doc-douro/5602079055100
30471,Vinho tinto douro,5601349031615,11476,11472,Garrafa de 0.75 L,Romanisco,,"5,32€/L","3,99€",https://cdn.intermarche.pt/pt/Content/images/boitmal/produit/zoom/9F51217EC8E586CFEF776AB6E935BD73.jpg,,/product/vinho-tinto-douro/5601349031615
18530,Vinho DOC Douro Reserva Tinto,5601349737722,11476,11472,Garrafa de 0.75 l,Romanisco,,"6,65€/L","4,99€",https://cdn.intermarche.pt/pt/Content/images/boitmal/produit/zoom/A00AD3424485E03CF384348F003A659D.jpg,,/product/vinho-doc-douro-reserva-tinto/5601349737722
53172,Vinho Tinto do Douro Reserva,5608309014503,11476,11472,Garrafa de 750 ml,Altano,,"13,32€/L","9,99€",https://cdn.intermarche.pt/pt/Content/images/boitmal/produit/zoom/F1DCAE6DB188D18544B4A7FF67AB1C65.jpg,,/product/vinho-tinto-do-douro-reserva/5608309014503
46399,Vinho DOC Douro Reserva Tinto,5601920001204,11476,11472,Garrafa de 0.75 l,Ventozelo,,"15,99€/L","11,99€",https://cdn.intermarche.pt/pt/Content/images/boitmal/produit/zoom/3F334B880EF7D774926EDBB3FC3C93B9.jpg,,/product/vinho-doc-douro-reserva-tinto/5601920001204
4975,Vinho doc douro tinto,5601007001332,11476,11472,Garrafa de 0.75 l,Esteva,,"7,32€/L","5,49€",https://cdn.intermarche.pt/pt/Content/images/boitmal/produit/zoom/20E09DBFAC62387C0F0F38770E2BC747.jpg,,/product/vinho-doc-douro-tinto/5601007001332
19634,Vinho tinto doc douro reserva,5602660004029,11476,11472,Garrafa de 750 ml,Vallegre,,"17,99€/L","13,49€",https://cdn.intermarche.pt/pt/Content/images/boitmal/produit/zoom/9577AC1F220A670E140F92635419A045.jpg,,/product/vinho-tinto-doc-douro-reserva/5602660004029
21587,Vinho DOC Douro Tinto,5601007478509,11476,11472,Garrafa de 0.75 l,Callabriga,,"23,99€/L","17,99€",https://cdn.intermarche.pt/pt/Content/images/boitmal/produit/zoom/4CC464CF85254D63EF5E7A8903549A6C.jpg,,/product/vinho-doc-douro-tinto/5601007478509
24233,Vinho douro dialogo tinto 2016,5602840088450,11476,11472,Garrafa de 750 ml,Dialogo,,"9,32€/L","6,99€",https://cdn.intermarche.pt/pt/Content/images/boitmal/produit/zoom/DFFF90F5AF63A6BC2259877CCC3A6751.jpg,,/product/vinho-douro-dialogo-tinto-2016/5602840088450
36401,Vinho douro doc tinto,5601007476505,11476,11472,Garrafa de 0.75 l,Quinta da Leda,,"53,32€/L","39,99€",https://cdn.intermarche.pt/pt/Content/images/boitmal/produit/zoom/C594141DF0763200976118C44A90575A.jpg,,/product/vinho-douro-doc-tinto/5601007476505
4806,Vinho biológico doc douro tinto,5010867503960,11287,10119,Garrafa de 0.75 l,Altano,,"9,99€/L","7,49€",https://cdn.intermarche.pt/pt/Content/images/boitmal/produit/zoom/A7D78A83D43E579FC3FBF1F5CB28C64A.jpg,,/product/vinho-biologico-doc-douro-tinto/5010867503960
50315,Vinho Tinto do Douro Reserva,5601176501183,11476,11472,750 ml,Cabeça de Burro,,"13,32€/L","9,99€",https://cdn.intermarche.pt/pt/Content/images/boitmal/produit/zoom/AA5595F43A23E0B0CC1C27B99CD55634.jpg,,/product/vinho-tinto-do-douro-reserva/5601176501183
5313,Vinho tinto doc douro kopke 0.75l,5601194705587,11476,11472,Garrafa de 0.75 l,Kopke,,"9,99€/L","7,49€",https://cdn.intermarche.pt/pt/Content/images/boitmal/produit/zoom/6691365E0D6E65731CB016ECE27290C0.jpg,,/product/vinho-tinto-doc-douro-kopke-0.75l/5601194705587
53134,"Vinho Tinto do Douro Castas Escondidas, garrafa de 750 ml",5601012007695,11476,11472,,Ferreirinha,,"33,32€/L","24,99€",https://cdn.intermarche.pt/pt/Content/images/boitmal/produit/zoom/E5BF6AD6375B4B8CB33EA621909C62D2.jpg,,/product/vinho-tinto-do-douro-castas-escondidas-garrafa-de-750-ml/5601012007695
17282,Vinho Tinto Douro Private Collection,5604260280650,11476,11472,Garrafa de 0.75 l,Selecção de Enófilos,,"15,99€/L","11,99€",https://cdn.intermarche.pt/pt/Content/images/boitmal/produit/zoom/56CC30A55C727D7D4B368319FED00A8B.jpg,,/product/vinho-tinto-douro-private-collection/5604260280650
12168,Vinho tinto doc dão,5604575110024,11477,11472,Garrafa de 0.75 l,Cabriz,,"5,19€/L","3,89€",https://cdn.intermarche.pt/pt/Content/images/boitmal/produit/zoom/A3374E31A2BF8230054ADB4C2C4F8376.jpg,2024-10-02T22:59:59.999Z,/product/vinho-tinto-doc-dao/5604575110024
5880,"Vinho Dão, Reserva, Tinto",5604260193929,11477,11472,"Garrafa de 0,75 l",Selecção de Enófilos,,"3,32€/L","2,49€",https://cdn.intermarche.pt/pt/Content/images/boitmal/produit/zoom/592D24F0CDCACDED36597CCCB747FDAD.jpg,2024-10-02T22:59:59.999Z,/product/vinho-dao-reserva-tinto/5604260193929
5940,"Vinho DOC Dão, Tinto",5604260264575,11477,11472,"Garrafa de 1,5 L",Selecção de Enófilos,,"3,59€/L","5,39€",https://cdn.intermarche.pt/pt/Content/images/boitmal/produit/zoom/A3436F9A46CDD6A25239609D1E64F74D.jpg,2024-10-02T22:59:59.999Z,/product/vinho-doc-dao-tinto/5604260264575
11940,Vinho doc dão tinto,5603488000033,11477,11472,Garrafa de 0.75 l,Santar,,"7,99€/L","5,99€",https://cdn.intermarche.pt/pt/Content/images/boitmal/produit/zoom/419CDD9D3A2CFACABFCD558342C2A64E.jpg,2024-10-02T22:59:59.999Z,/product/vinho-doc-dao-tinto/5603488000033
12167,"Vinho tinto doc dão, reserva",5604575000479,11477,11472,Garrafa de 0.75 l,Cabriz,,"9,99€/L","7,49€",https://cdn.intermarche.pt/pt/Content/images/boitmal/produit/zoom/D6C8E59B87413FE401C3DBF6E29AB601.jpg,2024-10-02T22:59:59.999Z,/product/vinho-tinto-doc-dao-reserva/5604575000479
23786,Vinho DOC Dão Tinto,5600390418734,11477,11472,"Garrafa de 0,75 L",Dharma,,"4,65€/L","3,49€",https://cdn.intermarche.pt/pt/Content/images/boitmal/produit/zoom/DB3D3F9195077DC597285A52734ACF53.jpg,2024-10-02T22:59:59.999Z,/product/vinho-doc-dao-tinto/5600390418734
5372,Vinho regional península de setúbal tinto,5601237011224,11477,11472,Garrafa de 0.75 l,Quinta da Bacalhôa,,"19,99€/L","14,99€",https://cdn.intermarche.pt/pt/Content/images/boitmal/produit/zoom/6EE1956995F7F3A46C642D4F921DDCA8.jpg,2024-10-02T22:59:59.999Z,/product/vinho-regional-peninsula-de-setubal-tinto/5601237011224
9575,"Vinho DOC Dão, Tinto",5604260252657,11477,11472," Garrafa de 0,75 L",Selecção de Enófilos,,"2,65€/L","1,99€",https://cdn.intermarche.pt/pt/Content/images/boitmal/produit/zoom/2B4132FCD0AA02B4D65A5949F206C36E.jpg,,/product/vinho-doc-dao-tinto/5604260252657
14178,Vinho tinto regional terras dao bib 5l,5603155111307,11477,11472,Embalagem de 5L,Silgueiros,,"2,00€/L","9,99€",https://cdn.intermarche.pt/pt/Content/images/boitmal/produit/zoom/CE2825F6C5ED394C6306D8F9DEA64264.jpg,,/product/vinho-tinto-regional-terras-dao-bib-5l/5603155111307
5137,Vinho doc dão tinto,5601078005017,11477,11472,Garrafa de 750 ml,Grão Vasco,,"5,99€/L","4,49€",https://cdn.intermarche.pt/pt/Content/images/boitmal/produit/zoom/86F0FCD0F12242AB216C0EA968A31ED7.jpg,,/product/vinho-doc-dao-tinto/5601078005017
51869,Vinho Tinto Doc Dão - Escolha 2017,5604575000622,11477,11472,Garrafa de 750 ml,Cabriz,,"11,99€/L","8,99€",https://cdn.intermarche.pt/pt/Content/images/boitmal/produit/zoom/8EED676AB72C8308399FAE14C6F416B8.jpg,,/product/vinho-tinto-doc-dao-escolha-2017/5604575000622
8470,Vinho tinto do dão,5601078005277,11477,11472,Garrafa de 750 ml,Duq viseu,,"6,39€/L","4,79€",https://cdn.intermarche.pt/pt/Content/images/boitmal/produit/zoom/E69190D1750ACF713883106474C68CBB.jpg,,/product/vinho-tinto-do-dao/5601078005277
8549,Vinho tinto doc dão,5601129034249,11477,11472,Garrafa de 75 cl,Meia encosta,,"5,72€/L","4,29€",https://cdn.intermarche.pt/pt/Content/images/boitmal/produit/zoom/D61A6C9541021F9ED88E65B65A94604B.jpg,,/product/vinho-tinto-doc-dao/5601129034249
32211,Beira interior colheita 2013,5609851521181,11714,11472,Garrafa de 0.75 l,Beyra,,"7,99€/L","5,99€",https://cdn.intermarche.pt/pt/Content/images/boitmal/produit/zoom/D189EAA6CFB0B7DAFFC4490CE2333CFE.jpg,,/product/beira-interior-colheita-2013/5609851521181
5837,"Vinho bairrada, reserva, tinto",5604260127597,11620,11472,Garrafa de 0.75 l,Selecção de Enófilos,,"3,99€/L","2,99€",https://cdn.intermarche.pt/pt/Content/images/boitmal/produit/zoom/ECB7298ECB98C68CE2E29C40BA0511FE.jpg,2024-10-02T22:59:59.999Z,/product/vinho-bairrada-reserva-tinto/5604260127597
9571,"Vinho Bairrada, Tinto",5604260252619,11620,11472,Garrafa de 0.75 l,Selecção de Enófilos,,"3,32€/L","2,49€",https://cdn.intermarche.pt/pt/Content/images/boitmal/produit/zoom/0CB67D41A564E51FA17D01FF4C945AAB.jpg,,/product/vinho-bairrada-tinto/5604260252619
9560,Vinho DOC Tejo Reserva Tinto,5604260246663,11621,11472,Garrafa de 0.75 l,Selecção de Enófilos,,"4,39€/L","3,29€",https://cdn.intermarche.pt/pt/Content/images/boitmal/produit/zoom/71C061874915D997F9C4B520FE5A7166.jpg,2024-10-02T22:59:59.999Z,/product/vinho-doc-tejo-reserva-tinto/5604260246663
8508,Vinho DOC Tejo Tinto Reserva,5601110113205,11621,11472,Garrafa de 0.75 l,Cabeça de Toiro,,"7,32€/L","5,49€",https://cdn.intermarche.pt/pt/Content/images/boitmal/produit/zoom/EADE66D1097A14209B44751A85B7C009.jpg,2024-10-02T22:59:59.999Z,/product/vinho-doc-tejo-tinto-reserva/5601110113205
19793,Vinho tinto regional tejo reserva,5601766300097,11621,11472,Garrafa de 0.75 l,Alorna,,"7,99€/L","5,99€",https://cdn.intermarche.pt/pt/Content/images/boitmal/produit/zoom/B4F5C834F75BE6DE7B34F28166315265.jpg,2024-10-02T22:59:59.999Z,/product/vinho-tinto-regional-tejo-reserva/5601766300097
21450,Vinho Regional Lisboa Reserva | Tinto,5601110008709,11621,11472,Garrafa de 750 ml,Romeira,,"5,32€/L","3,99€",https://cdn.intermarche.pt/pt/Content/images/boitmal/produit/zoom/46E88C338AFF931EC9156ED265BF6EAD.jpg,2024-10-02T22:59:59.999Z,/product/vinho-regional-lisboa-reserva-|-tinto/5601110008709
51385,"Vinho Tinto Mandriola de Lisboa, garrafa de 0.75 l",5601096230002,11621,11472,,Mandriola,,"4,65€/L","3,49€",https://cdn.intermarche.pt/pt/Content/images/boitmal/produit/zoom/398FC5B84B251146DC560DE510BC3B8F.jpg,2024-10-02T22:59:59.999Z,/product/vinho-tinto-mandriola-de-lisboa-garrafa-de-0.75-l/5601096230002
9106,Vinho DOC Tejo Clássico Tinto,5601971231155,11621,11472,Garrafa de 0.75 l,Bridão,,"3,59€/L","2,69€",https://cdn.intermarche.pt/pt/Content/images/boitmal/produit/zoom/2AE2833C8EA88B662FCE1C98B4D08917.jpg,2024-10-02T22:59:59.999Z,/product/vinho-doc-tejo-classico-tinto/5601971231155
52053,"Vinho Tinto DOC Tejo, garrafa de 750 ml",5602616001263,11621,11472,,Canto da Vinha,,"6,65€/L","4,99€",https://cdn.intermarche.pt/pt/Content/images/boitmal/produit/zoom/461575965863C0B9F3627F159785C1F4.jpg,,/product/vinho-tinto-doc-tejo-garrafa-de-750-ml/5602616001263
18859,Vinho regional lisboa reserva tinto,5602523151211,11621,11472,Garrafa de 750 ml,Mundus,,"7,99€/L","5,99€",https://cdn.intermarche.pt/pt/Content/images/boitmal/produit/zoom/BD4C2F2BC7A8C1615F4B00FFCA059336.jpg,,/product/vinho-regional-lisboa-reserva-tinto/5602523151211
9198,Vinho regional lisboa tinto,5602523161012,11621,11472,"Garrafa de 0,75L",Mundus,,"2,65€/L","1,99€",https://cdn.intermarche.pt/pt/Content/images/boitmal/produit/zoom/B6C30FDDAF5CB6156793BD03082D5927.jpg,,/product/vinho-regional-lisboa-tinto/5602523161012
9232,Vinho tinto bag-in-box,5602616001911,11621,11472,Embalagem de 5 l,Capataz,,"1,60€/L","7,99€",https://cdn.intermarche.pt/pt/Content/images/boitmal/produit/zoom/E9E0789411CF6D97D0142D77C4251DFD.jpg,,/product/vinho-tinto-bag-in-box/5602616001911
9104,Vinho tinto,5601971220784,11621,11472,Bag-in-box de 5L,Encostas do Bairro,,"1,86€/L","9,29€",https://cdn.intermarche.pt/pt/Content/images/boitmal/produit/zoom/43A69652119D9D5CD057071B511E7E50.jpg,,/product/vinho-tinto/5601971220784
5998,Vinho de mesa tinto bag in box,5604655235111,11621,11472,Garrafa de 5 l,Adega grande,,"1,50€/L","7,49€",https://cdn.intermarche.pt/pt/Content/images/boitmal/produit/zoom/C2CC9F40F0CD94512C14A7EA9B9B185C.jpg,,/product/vinho-de-mesa-tinto-bag-in-box/5604655235111
46420,Vinho Regional Lisboa Tinto,5601996547897,11621,11472,Garrafa de 0.75 l,Porta 6,,"9,32€/L","6,99€",https://cdn.intermarche.pt/pt/Content/images/boitmal/produit/zoom/F47B49EE2D40A7A7D49586D5ECDD2903.jpg,,/product/vinho-regional-lisboa-tinto/5601996547897
19104,Vinho regional lisboa tinto reserva,5600353670056,11621,11472,Garrafa de 0.75 l,Critterium,,"7,99€/L","5,99€",https://cdn.intermarche.pt/pt/Content/images/boitmal/produit/zoom/6D7EA552CC7C957A239D19EBD0273CCF.jpg,,/product/vinho-regional-lisboa-tinto-reserva/5600353670056
38069,Vinho Tinto Regional do Tejo,5604260291267,11621,11472,Garrafa de 0.75 l,Selecção de Enófilos,,"2,65€/L","1,99€",https://cdn.intermarche.pt/pt/Content/images/boitmal/produit/zoom/5664F1E09880B7A49C1F61FD4F304F76.jpg,,/product/vinho-tinto-regional-do-tejo/5604260291267
11545,Vinho regional tejo reserva tinto,5601110110976,11621,11472,Garrafa de 0.75 l,Casaleiro,,"6,65€/L","4,99€",https://cdn.intermarche.pt/pt/Content/images/boitmal/produit/zoom/C221CAF7E81C5E93F2CBC2BC665804C7.jpg,,/product/vinho-regional-tejo-reserva-tinto/5601110110976
11984,Vinho regional tejo 3 castas tinto,5603802400082,11621,11472,Garrafa de 750 ml,Fiuza,,"6,65€/L","4,99€",https://cdn.intermarche.pt/pt/Content/images/boitmal/produit/zoom/8D75429CCAC74659BD5BD662D0DE8D3C.jpg,,/product/vinho-regional-tejo-3-castas-tinto/5603802400082
19464,Vinho regional lisboa tinto,5600353670070,11621,11472,Garrafa de 750 ml,Reserva das Cortes,,"4,65€/L","3,49€",https://cdn.intermarche.pt/pt/Content/images/boitmal/produit/zoom/6D00C102640C5127BEB06F45738B7C80.jpg,,/product/vinho-regional-lisboa-tinto/5600353670070
21093,Vinho regional lisboa reserva tinto,5600390418109,11621,11472,Garrafa de 0.75 l,Marginal,,"3,05€/L","2,29€",https://cdn.intermarche.pt/pt/Content/images/boitmal/produit/zoom/1A31CB114562BBF691F599243E3F8821.jpg,,/product/vinho-regional-lisboa-reserva-tinto/5600390418109
23787,Vinho Tinto Bag-In-Box,5601954160717,11621,11472,Embalagem de 5 l,Amor de Pias,,"1,72€/L","8,59€",https://cdn.intermarche.pt/pt/Content/images/boitmal/produit/zoom/55148977DC29DE9CAE21CD791CC21EA7.jpg,,/product/vinho-tinto-bag-in-box/5601954160717
43460,Vinho Regional Tejo Reserva Tinto,5603802400808,11621,11472,Garrafa de 0.75 l,Fiuza,,"8,65€/L","6,49€",https://cdn.intermarche.pt/pt/Content/images/boitmal/produit/zoom/1CCF50F09C32308A404FF47FDE9826BB.jpg,,/product/vinho-regional-tejo-reserva-tinto/5603802400808
52530,Vinho Tinto Lisboa Syrah,5604260330928,11621,11472,Garrafa de 0.75 litros,Selecção de Enófilos,,"3,99€/L","2,99€",https://cdn.intermarche.pt/pt/Content/images/boitmal/produit/zoom/EC16721B60C9983BF09002E523920B6B.jpg,,/product/vinho-tinto-lisboa-syrah/5604260330928
5559,Vinho tinto reg. lisboa res.amigos 1.5l,5601996101136,11621,11472,Garrafa 1.5L,Reserva dos Amigos,,"3,99€/L","5,99€",https://cdn.intermarche.pt/pt/Content/images/boitmal/produit/zoom/CC862D3B24C9C4666C04359F6D66BFB9.jpg,,/product/vinho-tinto-reg.-lisboa-res.amigos-1.5l/5601996101136
9230,"Vinho maduro tinto, bag in the box",5602616001577,11621,11472,Embalagem de 10 l,Capataz,,"1,60€/L","15,99€",https://cdn.intermarche.pt/pt/Content/images/boitmal/produit/zoom/5ECB3CFEA500C28649DAC04A7BF162BD.jpg,,/product/vinho-maduro-tinto-bag-in-the-box/5602616001577
30500,"Vinho Tinto Regional Península de Setúbal, 750 ml",5604260282944,11622,11472,,Selecção de Enófilos,,"2,25€/L","1,69€",https://cdn.intermarche.pt/pt/Content/images/boitmal/produit/zoom/3D974D5F5C2DADA154FEBEF710086CEE.jpg,2024-10-02T22:59:59.999Z,/product/vinho-tinto-regional-peninsula-de-setubal-750-ml/5604260282944
9243,Vinho tinto península de setúbal,5603016133455,11622,11472,Garrafa de 750 ml,Adega de Pegões,,"2,12€/L","1,59€",https://cdn.intermarche.pt/pt/Content/images/boitmal/produit/zoom/9765C3E933914B7E947EFD31D4F27304.jpg,2024-10-02T22:59:59.999Z,/product/vinho-tinto-peninsula-de-setubal/5603016133455
6057,Vinho doc palmela tinto,5608527000401,11622,11472,Garrafa de 750 ml,Dona Ermelinda,,"5,32€/L","3,99€",https://cdn.intermarche.pt/pt/Content/images/boitmal/produit/zoom/A42E08518C2D5C24CA9EADB32EC8646D.jpg,2024-10-02T22:59:59.999Z,/product/vinho-doc-palmela-tinto/5608527000401
26777,Vinho tinto península de setúbal,5604701205150,11622,11472,Garrafa de 0.75 l,Pioneiro,,"3,19€/L","2,39€",https://cdn.intermarche.pt/pt/Content/images/boitmal/produit/zoom/01CEFD5B8ADFF83A83E06E60DBE8F618.jpg,2024-10-02T22:59:59.999Z,/product/vinho-tinto-peninsula-de-setubal/5604701205150
6058,Dom campos tinto vrp setúbal,5608527000517,11622,11472,Garrafa 0.75L,Dom Campos,,"2,65€/L","1,99€",https://cdn.intermarche.pt/pt/Content/images/boitmal/produit/zoom/170C2455F837E55495A8EB5DCCE04502.jpg,2024-10-02T22:59:59.999Z,/product/dom-campos-tinto-vrp-setubal/5608527000517
8795,Vinho regional península de setúbal tinto,5601237241225,11622,11472,Garrafa de 0.75 l,JP,,"2,99€/L","2,24€",https://cdn.intermarche.pt/pt/Content/images/boitmal/produit/zoom/679C2476166E0ECB3B88E8B52FB86208.jpg,2024-10-02T22:59:59.999Z,/product/vinho-regional-peninsula-de-setubal-tinto/5601237241225
12213,Vinho Tinto Regional Península de Setúbal,5608527000593,11622,11472,Garrafa de 0.75 l,Dom Campos,,"3,99€/L","2,99€",https://cdn.intermarche.pt/pt/Content/images/boitmal/produit/zoom/1A255C817780D1D2A5433549CCF19D64.jpg,2024-10-02T22:59:59.999Z,/product/vinho-tinto-regional-peninsula-de-setubal/5608527000593
32551,Vinho Vinha da Fonte Setúbal tinto,5608527002764,11622,11472,Garrafa de 0.75 l,Casa Ermelinda Freitas,,"3,99€/L","2,99€",https://cdn.intermarche.pt/pt/Content/images/boitmal/produit/zoom/85EAA110F368BAA26CA919930688CB7A.jpg,2024-10-02T22:59:59.999Z,/product/vinho-vinha-da-fonte-setubal-tinto/5608527002764
5296,Vinho tinto península de setúbal,5601174204000,11622,11472,Garrafa de 0.75 l,Periquita,,"4,92€/L","3,69€",https://cdn.intermarche.pt/pt/Content/images/boitmal/produit/zoom/AB234F0A0DE94024ACA7E3248E380284.jpg,2024-10-02T22:59:59.999Z,/product/vinho-tinto-peninsula-de-setubal/5601174204000
9244,Vinho tinto doc palmela,5603016193459,11622,11472,Garrafa de 0.75 l,Fontanario,,"2,79€/L","2,09€",https://cdn.intermarche.pt/pt/Content/images/boitmal/produit/zoom/9105B9D934BB46E773D4E41382EC18EF.jpg,2024-10-02T22:59:59.999Z,/product/vinho-tinto-doc-palmela/5603016193459
11444,Vinho tinto regional setúbal,5600314551028,11622,11472,Garrafa de 0.75 l,Herdade da Comporta,,"7,99€/L","5,99€",https://cdn.intermarche.pt/pt/Content/images/boitmal/produit/zoom/91001FF97BDB17A9CE9E8E3F3D39A599.jpg,2024-10-02T22:59:59.999Z,/product/vinho-tinto-regional-setubal/5600314551028
19796,Vinho regional península de setúbal reserva,5601174205007,11622,11472,Garrafa de 0.75 l,Periquita,,"9,99€/L","7,49€",https://cdn.intermarche.pt/pt/Content/images/boitmal/produit/zoom/97262214C132A0F7151CD90AA81A00CA.jpg,2024-10-02T22:59:59.999Z,/product/vinho-regional-peninsula-de-setubal-reserva/5601174205007
20587,Vinho regional península de setúbal tinto,5601174272009,11622,11472,Garrafa de 750 ml,JMF,,"2,92€/L","2,19€",https://cdn.intermarche.pt/pt/Content/images/boitmal/produit/zoom/9F13E88C7D8B6D5EC3BB6C602A5B46D4.jpg,2024-10-02T22:59:59.999Z,/product/vinho-regional-peninsula-de-setubal-tinto/5601174272009
21604,"Vinho regional península de setúbal, colheita selecionada, tinto",5603016000153,11622,11472,Garrafa de 0.75 l,Adega de Pegões,,"4,65€/L","3,49€",https://cdn.intermarche.pt/pt/Content/images/boitmal/produit/zoom/9AD0F24ED8E89CE7F614B151422D28D6.jpg,2024-10-02T22:59:59.999Z,/product/vinho-regional-peninsula-de-setubal-colheita-selecionada-tinto/5603016000153
51858,Vinho Tinto Reserva,5603016004403,11622,11472,Garrafa de 750 ml,Arrábida Azul,,"3,99€/L","2,99€",https://cdn.intermarche.pt/pt/Content/images/boitmal/produit/zoom/663A8BDB8A33BDDF4EE946979EB7F024.jpg,2024-10-02T22:59:59.999Z,/product/vinho-tinto-reserva/5603016004403
5368,Vinho tinto regional península setúbal,5601237000129,11622,11472,Garrafa de 0.75 l,Serras de Azeitão,,"3,99€/L","2,99€",https://cdn.intermarche.pt/pt/Content/images/boitmal/produit/zoom/25251F96095083B3ECCCD62E3E9679AF.jpg,2024-10-02T22:59:59.999Z,/product/vinho-tinto-regional-peninsula-setubal/5601237000129
9810,"Vinho tinto, denominação de origem controlada, reserva",5608527000449,11622,11472,Garrafa de 0.75 l,Dona Ermelinda,,"9,99€/L","7,49€",https://cdn.intermarche.pt/pt/Content/images/boitmal/produit/zoom/53111B5F7F79C3477145BA17168F05A0.jpg,2024-10-02T22:59:59.999Z,/product/vinho-tinto-denominacao-de-origem-controlada-reserva/5608527000449
6060,"Vinho tinto regional, península de setúbal, bag-in-box",5608527000555,11622,11472,Garrafa de 5 l,Dom Campos,,"1,80€/L","8,99€",https://cdn.intermarche.pt/pt/Content/images/boitmal/produit/zoom/8C6AEEFD235AD20A4E170288F9E5A8D8.jpg,,/product/vinho-tinto-regional-peninsula-de-setubal-bag-in-box/5608527000555
11917,Vinho tinto regional peninsula de setúbal,5603016000221,11622,11472,Garrafa de 750 ml,Fonte nico,,"3,32€/L","2,49€",https://cdn.intermarche.pt/pt/Content/images/boitmal/produit/zoom/BAB73D79362D530B53A253A897C03550.jpg,,/product/vinho-tinto-regional-peninsula-de-setubal/5603016000221
12212,Vinho tinto regional península de setúbal,5608527000586,11622,11472,Garrafa de 10 l,Dom Campos,,"1,79€/L","17,89€",https://cdn.intermarche.pt/pt/Content/images/boitmal/produit/zoom/C730857AFBF5F7F9094980509A8EC8AE.jpg,,/product/vinho-tinto-regional-peninsula-de-setubal/5608527000586
26727,Vinho tinto regional península de setúbal,5601174200507,11622,11472,Garrafa de 0.75 l,Quinta de Camarate,,"13,32€/L","9,99€",https://cdn.intermarche.pt/pt/Content/images/boitmal/produit/zoom/132997EA5CFB8B39003C66837C0BBC8C.jpg,,/product/vinho-tinto-regional-peninsula-de-setubal/5601174200507
27288,Vinho tinto península de setúbal superyor,5601174274003,11622,11472,Garrafa de 750 ml,Periquita,,"53,32€/L","39,99€",https://cdn.intermarche.pt/pt/Content/images/boitmal/produit/zoom/6E413E65FEA3DD80F5F1AA51ADFF9764.jpg,,/product/vinho-tinto-peninsula-de-setubal-superyor/5601174274003
14408,Vinho doc alentejo tinto,5601012004427,11623,11472,Garrafa de 0.75 l,Trinca Bolotas,,"6,65€/L","4,99€",https://cdn.intermarche.pt/pt/Content/images/boitmal/produit/zoom/CE8D5D13DE743123565142F1E6733CF4.jpg,2024-10-02T22:59:59.999Z,/product/vinho-doc-alentejo-tinto/5601012004427
16531,Vinho maduro tinto,5607679016056,11623,11472,Garrafa de 5 l,Alto de Pias,,"1,30€/L","6,49€",https://cdn.intermarche.pt/pt/Content/images/boitmal/produit/zoom/C999EB1FBA9E09141BC7B8A2B7D4F8DD.jpg,2024-09-25T22:59:59.999Z,/product/vinho-maduro-tinto/5607679016056
8933,Vinho Tinto DOC Alentejo,5601377339080,11623,11472,"Garrafa de 0,75 l",Monsaraz,,"3,85€/L","2,89€",https://cdn.intermarche.pt/pt/Content/images/boitmal/produit/zoom/91D66AE5F752617A4B7436C49147FA1C.jpg,2024-10-02T22:59:59.999Z,/product/vinho-tinto-doc-alentejo/5601377339080
9111,Vinho regional alentejano tinto,5601989001412,11623,11472,Garrafa de 0.75 l,Monte Velho,,"5,05€/L","3,79€",https://cdn.intermarche.pt/pt/Content/images/boitmal/produit/zoom/71C75E8C8338510892305D4318796B26.jpg,2024-10-02T22:59:59.999Z,/product/vinho-regional-alentejano-tinto/5601989001412
5632,Vinho regional alentejano tinto,5602445000536,11623,11472,Garrafa de 750 ml,Encosta das Perdizes,,"3,59€/L","2,69€",https://cdn.intermarche.pt/pt/Content/images/boitmal/produit/zoom/3071A928CC77370088593218C9A3FE4D.jpg,2024-10-02T22:59:59.999Z,/product/vinho-regional-alentejano-tinto/5602445000536
11883,Vinho regional alentejano reserva tinto,5602445000543,11623,11472,Garrafa de 0.75 l,Encosta das Perdizes,,"4,39€/L","3,29€",https://cdn.intermarche.pt/pt/Content/images/boitmal/produit/zoom/97CDEC766F9D980921096CEB55AB1DA5.jpg,2024-10-02T22:59:59.999Z,/product/vinho-regional-alentejano-reserva-tinto/5602445000543
21310,Vinho regional alentejano tinto,5601012004786,11623,11472,Garrafa de 750 ml,Sossego,,"5,05€/L","3,79€",https://cdn.intermarche.pt/pt/Content/images/boitmal/produit/zoom/75DA6126A97C74653CCE2ADA9B75EE2B.jpg,2024-10-02T22:59:59.999Z,/product/vinho-regional-alentejano-tinto/5601012004786
8907,Vinho doc alentejo tinto,5601356013062,11623,11472,Garrafa de 750 ml,Porta da Ravessa,,"2,65€/L","1,99€",https://cdn.intermarche.pt/pt/Content/images/boitmal/produit/zoom/6959CDD5BE6F9D19F80D1BD635488E3C.jpg,2024-10-02T22:59:59.999Z,/product/vinho-doc-alentejo-tinto/5601356013062
11992,Vinho tinto regional alentejano,5604098003025,11623,11472,Garrafa de 0.75 l,Tapada do Barão,,"3,99€/L","2,99€",https://cdn.intermarche.pt/pt/Content/images/boitmal/produit/zoom/91773AB9AAB1CBE39F214AF698AE9D13.jpg,2024-10-02T22:59:59.999Z,/product/vinho-tinto-regional-alentejano/5604098003025
9166,Vinho doc alentejo tinto,5602154602489,11623,11472,Garrafa de 0.75 l,Adega de Borba,,"3,85€/L","2,89€",https://cdn.intermarche.pt/pt/Content/images/boitmal/produit/zoom/514753703531FE90FF5D906728FCBEAD.jpg,2024-10-02T22:59:59.999Z,/product/vinho-doc-alentejo-tinto/5602154602489
11658,Vinho tinto alentejo,5601213002543,11623,11472,"Garrafa de 0,75 l",Alabastro,,"4,92€/L","3,69€",https://cdn.intermarche.pt/pt/Content/images/boitmal/produit/zoom/7A543A89D4EDB0C1C650B951869EE2D1.jpg,2024-10-02T22:59:59.999Z,/product/vinho-tinto-alentejo/5601213002543
21039,Vinho regional alentejano reserva tinto,5600390418079,11623,11472,Garrafa de 750 ml,Castelo dos Mouros,,"4,65€/L","3,49€",https://cdn.intermarche.pt/pt/Content/images/boitmal/produit/zoom/11FC7BBE281E14BBE5A9DB095E8A4DA6.jpg,2024-10-02T22:59:59.999Z,/product/vinho-regional-alentejano-reserva-tinto/5600390418079
30528,Vinho Tinto Regional Alentejano Premium,5600258008947,11623,11472,Garrafa de 0.75 l,Monte da Roquina,,"3,99€/L","2,99€",https://cdn.intermarche.pt/pt/Content/images/boitmal/produit/zoom/AA7AC927BCCE1D7AA4F348BC2F1289D5.jpg,2024-10-02T22:59:59.999Z,/product/vinho-tinto-regional-alentejano-premium/5600258008947
5847,"Vinho DOC Alentejo, Reserva, Tinto",5604260130252,11623,11472,Garrafa de 0.75 l,Selecção de Enófilos,,"3,45€/L","2,59€",https://cdn.intermarche.pt/pt/Content/images/boitmal/produit/zoom/3610F2773989220F7DF86C4EA15D20E6.jpg,2024-10-02T22:59:59.999Z,/product/vinho-doc-alentejo-reserva-tinto/5604260130252
8914,Vinho regional alentejano reserva tinto,5601356013918,11623,11472,Garrafa de 0.75 l,Porta da Ravessa,,"3,99€/L","2,99€",https://cdn.intermarche.pt/pt/Content/images/boitmal/produit/zoom/5A0F16E858B5305FC120D1A2BF434A2F.jpg,2024-10-02T22:59:59.999Z,/product/vinho-regional-alentejano-reserva-tinto/5601356013918
11734,Vinho doc alentejo tinto,5601356012812,11623,11472,Garrafa de 750 ml,Albarrada,,"3,72€/L","2,79€",https://cdn.intermarche.pt/pt/Content/images/boitmal/produit/zoom/7378A881EE2FF61CA7868BF1CE324D1F.jpg,2024-10-02T22:59:59.999Z,/product/vinho-doc-alentejo-tinto/5601356012812
20871,Vinho regional alentejano tinto,5600390418062,11623,11472,Garrafa de 750 ml,Castelo dos Mouros,,"3,45€/L","2,59€",https://cdn.intermarche.pt/pt/Content/images/boitmal/produit/zoom/F8BBFA1AB1E12C8546668790B057D78C.jpg,2024-10-02T22:59:59.999Z,/product/vinho-regional-alentejano-tinto/5600390418062
38070,Vinho Regional Alentejano Tinto,5600258008435,11623,11472,Garrafa de 0.75 l,Abelharuco,,"3,72€/L","2,79€",https://cdn.intermarche.pt/pt/Content/images/boitmal/produit/zoom/2E7908CF88FC4DEF6AF1D4DC6F1080A9.jpg,2024-10-02T22:59:59.999Z,/product/vinho-regional-alentejano-tinto/5600258008435
21076,Vinho doc alentejo tinto,5602154682443,11623,11472,Garrafa de 0.75 l,Castelo de Borba,,"3,19€/L","2,39€",https://cdn.intermarche.pt/pt/Content/images/boitmal/produit/zoom/18FCF0B0DE30BA05BCF1795ACC71DE2A.jpg,2024-10-02T22:59:59.999Z,/product/vinho-doc-alentejo-tinto/5602154682443
24562,Vinho regional alentejano tinto,5604563000603,11623,11472,Garrafa de 750 ml,Cincoquina,,"3,67€/L","2,75€",https://cdn.intermarche.pt/pt/Content/images/boitmal/produit/zoom/155FD5A571399966C52710764722F453.jpg,2024-10-04T22:59:59.999Z,/product/vinho-regional-alentejano-tinto/5604563000603
28880,Vinho tinto regional alentejano superior,5602182360139,11623,11472,Garrafa de 750 ml,Monte da Ravasqueira,,"6,65€/L","4,99€",https://cdn.intermarche.pt/pt/Content/images/boitmal/produit/zoom/6FF671489AD108ACE18CD76A49E812FC.jpg,2024-10-02T22:59:59.999Z,/product/vinho-tinto-regional-alentejano-superior/5602182360139
52526,Vinho Tinto Alentejo Alicante-Bouschet,5604260329663,11623,11472,Garrafa de 0.75 litros,Selecção de Enófilos,,"3,99€/L","2,99€",https://cdn.intermarche.pt/pt/Content/images/boitmal/produit/zoom/7CE87DC21CFD61B2D2073EEBE7020748.jpg,2024-10-02T22:59:59.999Z,/product/vinho-tinto-alentejo-alicante-bouschet/5604260329663
8931,Vinho doc alentejo tinto,5601377335082,11623,11472,"Garrafa de 0,75 l",Reguengos,,"3,45€/L","2,59€",https://cdn.intermarche.pt/pt/Content/images/boitmal/produit/zoom/75A5BBB85D437C2C9B273B660F18DD96.jpg,2024-10-02T22:59:59.999Z,/product/vinho-doc-alentejo-tinto/5601377335082
11674,Vinho regional alentejano tinto,5601237000938,11623,11472,Garrafa de 0.75 l,Quinta do Carmo,,"19,45€/L","14,59€",https://cdn.intermarche.pt/pt/Content/images/boitmal/produit/zoom/1A496D9404EFE3D7BC76EF42C45D3726.jpg,2024-10-02T22:59:59.999Z,/product/vinho-regional-alentejano-tinto/5601237000938
18366,Vinho tinto regional alentejano reserva,5604098002066,11623,11472,Garrafa de 0.75 l,Poliphonia,,"11,99€/L","8,99€",https://cdn.intermarche.pt/pt/Content/images/boitmal/produit/zoom/63CEFB1FAA415E7040941B0F157AF75A.jpg,2024-10-02T22:59:59.999Z,/product/vinho-tinto-regional-alentejano-reserva/5604098002066
19636,Vinho tinto doc alentejano,5601917070015,11623,11472,Garrafa de 750 ml,Sovibor,,"3,45€/L","2,59€",https://cdn.intermarche.pt/pt/Content/images/boitmal/produit/zoom/9D3B81CD103F29E6CBEF2C480E64EA36.jpg,2024-10-02T22:59:59.999Z,/product/vinho-tinto-doc-alentejano/5601917070015
19934,Vinho doc alentejo tinto - alicante bouschet,5601970222307,11623,11472,Garrafa de 0.75 l,Vidigueira,,"8,99€/L","6,74€",https://cdn.intermarche.pt/pt/Content/images/boitmal/produit/zoom/801B2DF0BCB5527D60E1F9B558A15787.jpg,2024-10-02T22:59:59.999Z,/product/vinho-doc-alentejo-tinto-alicante-bouschet/5601970222307
20033,Vmt doc alentejo res 0.75l,5601989980809,11623,11472,Garrafa de 750 ml,Esporão,,"19,99€/L","14,99€",https://cdn.intermarche.pt/pt/Content/images/boitmal/produit/zoom/28344B26265C7015879A2000341AC0C5.jpg,2024-10-02T22:59:59.999Z,/product/vmt-doc-alentejo-res-0.75l/5601989980809
21619,"Vinho regional alentejano, tinto",5601174207001,11623,11472,Garrafa de 0.75 l,José de Sousa,,"9,99€/L","7,49€",https://cdn.intermarche.pt/pt/Content/images/boitmal/produit/zoom/3EFDF05E7502C922CFD09F590FA2AA27.jpg,2024-10-02T22:59:59.999Z,/product/vinho-regional-alentejano-tinto/5601174207001
24869,Vinho tinto região do alentejo reserva,5604563000610,11623,11472,Garrafa de 0.75 l,Cincoquina,,"4,65€/L","3,49€",https://cdn.intermarche.pt/pt/Content/images/boitmal/produit/zoom/89492DCDA04DDC271A862169C350A308.jpg,2024-10-04T22:59:59.999Z,/product/vinho-tinto-regiao-do-alentejo-reserva/5604563000610
28372,Vinho biológico tinto doc alentejano colheita,5601989976758,11623,11472,Garrafa de 0.75 l,Esporão,,"10,92€/L","8,19€",https://cdn.intermarche.pt/pt/Content/images/boitmal/produit/zoom/625414049E00ABCBE32E54E171AEC905.jpg,2024-10-04T22:59:59.999Z,/product/vinho-biologico-tinto-doc-alentejano-colheita/5601989976758
32221,Vinho doc alentejo tinto,5604135003032,11623,11472,Garrafa de 0.75 l,Marquês de Borba,,"6,65€/L","4,99€",https://cdn.intermarche.pt/pt/Content/images/boitmal/produit/zoom/53EB51BD6F2B720778C6DF41E7FD3549.jpg,2024-10-02T22:59:59.999Z,/product/vinho-doc-alentejo-tinto/5604135003032
36382,Vinho DOC Alentejo Borba Reserva Tinto,5601917070039,11623,11472,Garrafa de 0.75 l,Sovibor,,"4,92€/L","3,69€",https://cdn.intermarche.pt/pt/Content/images/boitmal/produit/zoom/41F9E714B695F909E094227AC7CAC4CD.jpg,2024-10-02T22:59:59.999Z,/product/vinho-doc-alentejo-borba-reserva-tinto/5601917070039
38076,Vinho doc alentejo tinto,5601012006230,11623,11472,Garrafa de 0.75 l,Grande Trinca Bolotas,,"9,99€/L","7,49€",https://cdn.intermarche.pt/pt/Content/images/boitmal/produit/zoom/AEA46A34A9CB9E635994ADFAECB5C70C.jpg,2024-10-02T22:59:59.999Z,/product/vinho-doc-alentejo-tinto/5601012006230
47984,Vinho alentejano invisivel 2016,5601381000365,11623,11472,Garrafa de 750 ml,Invisivel,,"14,65€/L","10,99€",https://cdn.intermarche.pt/pt/Content/images/boitmal/produit/zoom/426E3A41928D37AB149D817EB0BCCC8E.jpg,2024-10-02T22:59:59.999Z,/product/vinho-alentejano-invisivel-2016/5601381000365
47987,Vinho alentejano conde d'ervideira reserva tinto 2016,5601381009009,11623,11472,Garrafa de 750 ml,Conde da Ervideira,,"19,99€/L","14,99€",https://cdn.intermarche.pt/pt/Content/images/boitmal/produit/zoom/D3B038D6334621D828C2B8AF37F10476.jpg,2024-10-02T22:59:59.999Z,/product/vinho-alentejano-conde-d'ervideira-reserva-tinto-2016/5601381009009
52871,"Vinho Tinto Regional do Alentejo Reserva, garrafa de 750 ml",5601989007025,11623,11472,,Monte Velho,,"9,32€/L","6,99€",https://cdn.intermarche.pt/pt/Content/images/boitmal/produit/zoom/E69C498D956B4886BF37A7F7438EBDE2.jpg,2024-10-02T22:59:59.999Z,/product/vinho-tinto-regional-do-alentejo-reserva-garrafa-de-750-ml/5601989007025
5465,Vinho doc alentejo reserva tinto,5601377120084,11623,11472,Garrafa de 0.75 l,Bom Juiz,,"9,32€/L","6,99€",https://cdn.intermarche.pt/pt/Content/images/boitmal/produit/zoom/303C81F0F0D8307A258FDB70C6A47AAA.jpg,2024-10-02T22:59:59.999Z,/product/vinho-doc-alentejo-reserva-tinto/5601377120084
8260,Vinho tinto regional alentejano,5600394180019,11623,11472,Garrafa de 750 ml,Herdade dos Grous,,"14,65€/L","10,99€",https://cdn.intermarche.pt/pt/Content/images/boitmal/produit/zoom/C4511BA724098D17DB9EDFA78CFE28A2.jpg,2024-10-02T22:59:59.999Z,/product/vinho-tinto-regional-alentejano/5600394180019
8930,Vinho tinto alentejo,5601377333187,11623,11472,Garrafa de 0.75 l,Reguengos,,"5,72€/L","4,29€",https://cdn.intermarche.pt/pt/Content/images/boitmal/produit/zoom/90DC72F75458FC2CEA87FE6149260C1A.jpg,2024-10-02T22:59:59.999Z,/product/vinho-tinto-alentejo/5601377333187
52060,"Vinho Tinto Regional Alentejano Bio, 750 ml",5601989952929,11287,10119,,Monte Velho,,"9,99€/L","7,49€",https://cdn.intermarche.pt/pt/Content/images/boitmal/produit/zoom/3C0AB82C5E19DA648258247222499529.jpg,,/product/vinho-tinto-regional-alentejano-bio-750-ml/5601989952929
38083,Vinho tinto bordeaux,3250390569244,11626,11472,Garrafa de 0.75 l,Clos de los Siete,,"5,32€/L","3,99€",https://cdn.intermarche.pt/pt/Content/images/boitmal/produit/zoom/2D7CA229C0B7562992E7337687784B18.jpg,,/product/vinho-tinto-bordeaux/3250390569244
7412,Vinho tinto cotes du rhone,3250390568926,11626,11472,Garrafa de 75 cl,Expert Club,,"5,32€/L","3,99€",https://cdn.intermarche.pt/pt/Content/images/boitmal/produit/zoom/2AA7B491744A79D9F80C7EC8E07A37CC.jpg,,/product/vinho-tinto-cotes-du-rhone/3250390568926
20031,Vinho branco doc douro,5602947000058,11478,11475,Garrafa de 750 ml,Quinta da Pacheca,,"7,32€/L","5,49€",https://cdn.intermarche.pt/pt/Content/images/boitmal/produit/zoom/BF4562BC60F0B3B22AC72FF5E3B14F02.jpg,2024-10-02T22:59:59.999Z,/product/vinho-branco-doc-douro/5602947000058
20912,Vinho verde branco loureiro/alvarinho,5601096227309,11478,11475,Garrafa de 0.75 l,Aveleda,,"5,19€/L","3,89€",https://cdn.intermarche.pt/pt/Content/images/boitmal/produit/zoom/707ED1BFA4B2D0E5997500FE1B1FF531.jpg,2024-10-02T22:59:59.999Z,/product/vinho-verde-branco-loureiro-ou-alvarinho/5601096227309
26341,Vinho doc douro branco,5601012011920,11478,11475,Garrafa de 750 ml,Papa Figos,,"7,85€/L","5,89€",https://cdn.intermarche.pt/pt/Content/images/boitmal/produit/zoom/15253D5F0786CA5B0855DC3637BE99F1.jpg,2024-10-02T22:59:59.999Z,/product/vinho-doc-douro-branco/5601012011920
8500,Vinho branco douro,5601109211110,11478,11475,Garrafa de 750 ml,Porca de Murça,,"4,92€/L","3,69€",https://cdn.intermarche.pt/pt/Content/images/boitmal/produit/zoom/357A202AB590CC4A88C02B2D14AFB3ED.jpg,2024-10-02T22:59:59.999Z,/product/vinho-branco-douro/5601109211110
4987,Vinho doc douro branco,5601012115505,11478,11475,Garrafa de 0.75 l,Planalto,,"5,32€/L","3,99€",https://cdn.intermarche.pt/pt/Content/images/boitmal/produit/zoom/6C726FDABB211E05C4F7D5DBE4A94D76.jpg,2024-10-02T22:59:59.999Z,/product/vinho-doc-douro-branco/5601012115505
8487,Vinho maduro branco minho alvarinho,5601096401303,11478,11475,Garrafa de 0.75 l,Aveleda,,"6,25€/L","4,69€",https://cdn.intermarche.pt/pt/Content/images/boitmal/produit/zoom/5584288B4D3CB005FE87B35856EF89A7.jpg,2024-10-02T22:59:59.999Z,/product/vinho-maduro-branco-minho-alvarinho/5601096401303
49725,Vinho Branco do Douro,5010867204928,11478,11475,Garrafa de 750 ml,Altano,,"5,32€/L","3,99€",https://cdn.intermarche.pt/pt/Content/images/boitmal/produit/zoom/D52D08361D780B30787F537D848FFE06.jpg,2024-10-02T22:59:59.999Z,/product/vinho-branco-do-douro/5010867204928
20853,Vinho maduro branco douro,5606710544138,11478,11475,Garrafa de 0.75 l,Carm,,"10,47€/L","7,85€",https://cdn.intermarche.pt/pt/Content/images/boitmal/produit/zoom/7CF5AECB5B78F6B5E894CB0CD1327578.jpg,2024-10-02T22:59:59.999Z,/product/vinho-maduro-branco-douro/5606710544138
24059,Vinho DOC Douro Reserva Branco,5606710535136,11478,11475,Garrafa de 0.75 l,Carm,,"16,47€/L","12,35€",https://cdn.intermarche.pt/pt/Content/images/boitmal/produit/zoom/BB7B8C48FED2B4843C5B54C78133826A.jpg,2024-10-02T22:59:59.999Z,/product/vinho-doc-douro-reserva-branco/5606710535136
52865,"Vinho Branco do Douro Superior, garrafa de 750 ml",5601096422186,11478,11475,,Vale D. Maria,,"9,99€/L","7,49€",https://cdn.intermarche.pt/pt/Content/images/boitmal/produit/zoom/AFACB73DE4D272FAFE8147E6EBFCE45C.jpg,2024-10-02T22:59:59.999Z,/product/vinho-branco-do-douro-superior-garrafa-de-750-ml/5601096422186
20528,Vinho doc douro branco,5601176001263,11478,11475,Garrafa de 750 ml,Tellu's,,"5,32€/L","3,99€",https://cdn.intermarche.pt/pt/Content/images/boitmal/produit/zoom/185F791518F6D9DFD69DD3FDFC056939.jpg,,/product/vinho-doc-douro-branco/5601176001263
21307,"Vinho DOC Douro, Branco",5604260280193,11478,11475,Garrafa de 0.75L,Selecção de Enófilos,,"3,05€/L","2,29€",https://cdn.intermarche.pt/pt/Content/images/boitmal/produit/zoom/038BB540FF1B82339B70F2C9381287D7.jpg,,/product/vinho-doc-douro-branco/5604260280193
30499,Vinho branco região do douro,5603522986439,11478,11475,Garrafa de 750 ml,Assobio,,"9,32€/L","6,99€",https://cdn.intermarche.pt/pt/Content/images/boitmal/produit/zoom/BD3EAB2F8CDFAE7397E22327F9B043D5.jpg,,/product/vinho-branco-regiao-do-douro/5603522986439
8502,Vinho branco doc douro,5601109211288,11478,11475,Garrafa de 750 ml,EVEL,,"6,39€/L","4,79€",https://cdn.intermarche.pt/pt/Content/images/boitmal/produit/zoom/170D4E8A50CEC9755918B80CA1B25767.jpg,,/product/vinho-branco-doc-douro/5601109211288
11842,"Vinho branco, denominação de origem controlada, douro",5602079054103,11478,11475,Garrafa de 750 ml,Vila Real,,"3,85€/L","2,89€",https://cdn.intermarche.pt/pt/Content/images/boitmal/produit/zoom/3DAF6DC0B293148588AA125E0D261DE5.jpg,,/product/vinho-branco-denominacao-de-origem-controlada-douro/5602079054103
5992,"Vinho branco dão, colheita selecionada",5604575000264,11479,11475,Garrafa de 0.75 l,Cabriz,,"5,19€/L","3,89€",https://cdn.intermarche.pt/pt/Content/images/boitmal/produit/zoom/8F4BB0FC72CD3E79310E8F0BAE6BEE9A.jpg,2024-10-02T22:59:59.999Z,/product/vinho-branco-dao-colheita-selecionada/5604575000264
35404,Vinho branco região do Dão,5600390419540,11479,11475,Garrafa de 0.75 l,Dharma,,"4,65€/L","3,49€",https://cdn.intermarche.pt/pt/Content/images/boitmal/produit/zoom/B012B755E40BABDA4AECBB8CF2F095B8.jpg,2024-10-02T22:59:59.999Z,/product/vinho-branco-regiao-do-dao/5600390419540
18711,Vinhos Branco Reserva Dão,5604575000035,11479,11475,"Garrafa de 0,75L",Cabriz,,"9,99€/L","7,49€",https://cdn.intermarche.pt/pt/Content/images/boitmal/produit/zoom/4832317963ABB52E194D05D1E8933E53.jpg,2024-10-02T22:59:59.999Z,/product/vinhos-branco-reserva-dao/5604575000035
52106,Vinho Branco Dão Reserva,5604260327720,11479,11475,"Garrafa de 0,75 l",Selecção de Enófilos,,"3,99€/L","2,99€",https://cdn.intermarche.pt/pt/Content/images/boitmal/produit/zoom/7F90DD6793BEEF7695C0463E89CC7BF4.jpg,2024-10-02T22:59:59.999Z,/product/vinho-branco-dao-reserva/5604260327720
5721,Vinho branco doc dão,5603488000118,11479,11475,Garrafa de 0.75 l,Santar,,"7,99€/L","5,99€",https://cdn.intermarche.pt/pt/Content/images/boitmal/produit/zoom/A4B53E5A56E20FC69E0C2FB847B051AE.jpg,2024-10-02T22:59:59.999Z,/product/vinho-branco-doc-dao/5603488000118
1131,Vinho doc dão branco,5601078005024,11479,11475,Garrafa de 750 ml,Grão Vasco,,"5,99€/L","4,49€",https://cdn.intermarche.pt/pt/Content/images/boitmal/produit/zoom/7BCAFBC6A1AB7A25F3DDC1C864A8B95C.jpg,,/product/vinho-doc-dao-branco/5601078005024
9574,"Vinho Dão, Branco",5604260252640,11479,11475,"Garrafa de 0,75 l",Selecção de Enófilos,,"2,92€/L","2,19€",https://cdn.intermarche.pt/pt/Content/images/boitmal/produit/zoom/F55D2F63C7F54E1558020E3F00F5C38A.jpg,,/product/vinho-dao-branco/5604260252640
32346,Beira interior colheita 2014,5609851522119,11480,11475,Garrafa de 0.75 l,Beyra,,"8,65€/L","6,49€",https://cdn.intermarche.pt/pt/Content/images/boitmal/produit/zoom/C5F474977D17694C2779DD918F82BC51.jpg,,/product/beira-interior-colheita-2014/5609851522119
9570,"Vinho DOC Bairrada, Branco",5604260252602,11627,11475,Garrafa de 0.75 l,Selecção de Enófilos,,"3,32€/L","2,49€",https://cdn.intermarche.pt/pt/Content/images/boitmal/produit/zoom/578796267D82C7C5ECFA7AF9D58A81EB.jpg,,/product/vinho-doc-bairrada-branco/5604260252602
11982,Vinho branco tejo sauvignon,5603802400020,11628,11475,Garrafa de 750 ml,Fiuza,,"6,65€/L","4,99€",https://cdn.intermarche.pt/pt/Content/images/boitmal/produit/zoom/797D96AF75B4BD4EF0B0B0A63B1AB06E.jpg,2024-10-02T22:59:59.999Z,/product/vinho-branco-tejo-sauvignon/5603802400020
30099,Vinho Branco Leve Região de Lisboa,5604260282883,11628,11475,Garrafa de 0.75 l,Selecção de Enófilos,,"1,85€/L","1,39€",https://cdn.intermarche.pt/pt/Content/images/boitmal/produit/zoom/FA5892BD2833DF328710A73C14A0F828.jpg,2024-10-02T22:59:59.999Z,/product/vinho-branco-leve-regiao-de-lisboa/5604260282883
52529,Vinho Branco do Tejo Sauvignon-Blanc,5604260330874,11628,11475,Garrafa de 0.75 litros,Selecção de Enófilos,,"3,99€/L","2,99€",https://cdn.intermarche.pt/pt/Content/images/boitmal/produit/zoom/1514A633BA7B3687C04E3C4EF47B91A5.jpg,2024-10-02T22:59:59.999Z,/product/vinho-branco-do-tejo-sauvignon-blanc/5604260330874
5373,Vinho Branco DOC Caves Velhas,5601239001445,11628,11475,Garrafa de 0.75 l,Bucellas,,"5,99€/L","4,49€",https://cdn.intermarche.pt/pt/Content/images/boitmal/produit/zoom/B6D4F87175995A6D7729766483BC7700.jpg,2024-10-02T22:59:59.999Z,/product/vinho-branco-doc-caves-velhas/5601239001445
11981,Vinho branco tejo chardonnay,5603802400013,11628,11475,Garrafa de 750 ml,Fiuza,,"6,65€/L","4,99€",https://cdn.intermarche.pt/pt/Content/images/boitmal/produit/zoom/5921D62DA547CF3D578A971FC10D7817.jpg,2024-10-02T22:59:59.999Z,/product/vinho-branco-tejo-chardonnay/5603802400013
11787,Vinho branco tejo,5601766300011,11628,11475,Garrafa de 750 ml,Alorna,,"4,39€/L","3,29€",https://cdn.intermarche.pt/pt/Content/images/boitmal/produit/zoom/6E3BEF45F873DCFF6CEDE46DC9CF2C97.jpg,2024-10-02T22:59:59.999Z,/product/vinho-branco-tejo/5601766300011
24828,Vinho DOC Tejo Branco,5601110005111,11628,11475,Garrafa de 0.75 l,Cabeça de Toiro,,"7,32€/L","5,49€",https://cdn.intermarche.pt/pt/Content/images/boitmal/produit/zoom/CFC819B60B42405A8832F31D07DD200F.jpg,2024-10-02T22:59:59.999Z,/product/vinho-doc-tejo-branco/5601110005111
24829,Vinho Reserva DOC Tejo Rosé,5601110006071,11628,11475,Garrafa 0.75L,Cabeça de Toiro,,"7,32€/L","5,49€",https://cdn.intermarche.pt/pt/Content/images/boitmal/produit/zoom/3DAB4A588C2B4E298A9FF45EA2D0BB94.jpg,2024-10-02T22:59:59.999Z,/product/vinho-reserva-doc-tejo-rose/5601110006071
51384,"Vinho Branco Mandriola de Lisboa, garrafa de 0.75 l",5601096230064,11628,11475,,Mandriola,,"4,65€/L","3,49€",https://cdn.intermarche.pt/pt/Content/images/boitmal/produit/zoom/1921DF5AB81D7653D18076FCCA3D5667.jpg,2024-10-02T22:59:59.999Z,/product/vinho-branco-mandriola-de-lisboa-garrafa-de-0.75-l/5601096230064
9107,Vinho Branco DOC Tejo,5601971231162,11628,11475,Garrafa de 0.75 l,Bridão,,"3,59€/L","2,69€",https://cdn.intermarche.pt/pt/Content/images/boitmal/produit/zoom/5FB6B8AEF88818E60E9D702110945481.jpg,2024-10-02T22:59:59.999Z,/product/vinho-branco-doc-tejo/5601971231162
9233,"Vinho branco, 5 l",5602616001928,11628,11475,,Capataz,,"1,60€/L","7,99€",https://cdn.intermarche.pt/pt/Content/images/boitmal/produit/zoom/2B5C72073900CBA52CE9F4E38135C093.jpg,,/product/vinho-branco-5-l/5602616001928
9131,Vinho branco lezíria meio seco,5602016011039,11628,11475,Garrafa de 750 ml,Leziria,,"2,39€/L","1,79€",https://cdn.intermarche.pt/pt/Content/images/boitmal/produit/zoom/06219600886B82DAE72EB323FBEFB563.jpg,,/product/vinho-branco-leziria-meio-seco/5602016011039
11985,Vinho regional tejo 3 castas branco,5603802400198,11628,11475,Garrafa de 750 ml,Fiuza,,"6,65€/L","4,99€",https://cdn.intermarche.pt/pt/Content/images/boitmal/produit/zoom/5B8A7B81CE5AA33DE73821DE6AB9360E.jpg,,/product/vinho-regional-tejo-3-castas-branco/5603802400198
43459,Vinho Regional Tejo Branco,5604260305834,11628,11475,Garrafa de 0.75 l,Selecção de Enófilos,,"2,65€/L","1,99€",https://cdn.intermarche.pt/pt/Content/images/boitmal/produit/zoom/6C50D707558630C1AA5BA0B7B54E93B3.jpg,,/product/vinho-regional-tejo-branco/5604260305834
53062,"Vinho Branco Regional do Tejo Reserva 3 Castas, garrafa de 750 ml",5603802400815,11628,11475,,Fiuza,,"8,65€/L","6,49€",https://cdn.intermarche.pt/pt/Content/images/boitmal/produit/zoom/DCF1D1EF30DBE5F14AFB97467AD35EAB.jpg,,/product/vinho-branco-regional-do-tejo-reserva-3-castas-garrafa-de-750-ml/5603802400815
9199,Vinho branco região de lisboa,5602523162415,11628,11475,"Garrafa de 0,75 l",Mundus,,"3,85€/L","2,89€",https://cdn.intermarche.pt/pt/Content/images/boitmal/produit/zoom/D58132A4FBB69DD9F6B5396CB6ED9D0C.jpg,,/product/vinho-branco-regiao-de-lisboa/5602523162415
6059,Vinho branco reg. p.set. 0.75l,5608527000524,11629,11475,Garrafa 0.75L,Dom Campos,,"2,65€/L","1,99€",https://cdn.intermarche.pt/pt/Content/images/boitmal/produit/zoom/269BFA4392BD54B081D87E8DA7644186.jpg,2024-10-02T22:59:59.999Z,/product/vinho-branco-reg.-p.set.-0.75l/5608527000524
8794,Vinho regional península de setúbal branco,5601237233220,11629,11475,Garrafa de 0.75 l,JP,,"2,99€/L","2,24€",https://cdn.intermarche.pt/pt/Content/images/boitmal/produit/zoom/056F6DB9A532825718031B0227D04223.jpg,2024-10-02T22:59:59.999Z,/product/vinho-regional-peninsula-de-setubal-branco/5601237233220
34996,Vinho branco regional península de setúbal,5601174790008,11629,11475,Garrafa de 0.75 l,João Pires,,"4,65€/L","3,49€",https://cdn.intermarche.pt/pt/Content/images/boitmal/produit/zoom/B598AC1C73A58F1EC40A70C6232C7E97.jpg,2024-10-02T22:59:59.999Z,/product/vinho-branco-regional-peninsula-de-setubal/5601174790008
41116,Vinho branco regional península de Setúbal,5604260304622,11629,11475,Garrafa de 0.75 l,Selecção de Enófilos,,"2,25€/L","1,69€",https://cdn.intermarche.pt/pt/Content/images/boitmal/produit/zoom/957F8F23292AA4844FB75460C8B3B2DE.jpg,2024-10-02T22:59:59.999Z,/product/vinho-branco-regional-peninsula-de-setubal/5604260304622
9241,Vinho branco regional península de setúbal,5603016000788,11629,11475,Garrafa de 750 ml,Adega de Pegões,,"2,12€/L","1,59€",https://cdn.intermarche.pt/pt/Content/images/boitmal/produit/zoom/9228EB47277BD4705321A002DCD34986.jpg,2024-10-02T22:59:59.999Z,/product/vinho-branco-regional-peninsula-de-setubal/5603016000788
5295,Vinho Branco de Terras do Sado,5601174101002,11629,11475,Garrafa de 750 ml,B.S.E.,,"4,65€/L","3,49€",https://cdn.intermarche.pt/pt/Content/images/boitmal/produit/zoom/DC3426A4EEA67C3901BA554EFF091471.jpg,2024-10-02T22:59:59.999Z,/product/vinho-branco-de-terras-do-sado/5601174101002
9809,Vinho doc palmela branco,5608527000418,11629,11475,Garrafa de 750 ml,Dona Ermelinda,,"5,32€/L","3,99€",https://cdn.intermarche.pt/pt/Content/images/boitmal/produit/zoom/2259C36579DB9596F3C8BA9119D1E5F8.jpg,2024-10-02T22:59:59.999Z,/product/vinho-doc-palmela-branco/5608527000418
11633,Vinho branco península de setúbal,5601174190006,11629,11475,Garrafa de 0.75 l,Periquita,,"4,92€/L","3,69€",https://cdn.intermarche.pt/pt/Content/images/boitmal/produit/zoom/D64EC933BC260C74B48D3E2DE672D420.jpg,2024-10-02T22:59:59.999Z,/product/vinho-branco-peninsula-de-setubal/5601174190006
26778,Vinho branco península de setúbal,5604701205143,11629,11475,Garrafa de 0.75 l,Pioneiro,,"3,19€/L","2,39€",https://cdn.intermarche.pt/pt/Content/images/boitmal/produit/zoom/AE54124CF6EC79C4768B749A0D7D2C18.jpg,2024-10-02T22:59:59.999Z,/product/vinho-branco-peninsula-de-setubal/5604701205143
20588,Vinho regional península de setúbal branco,5601174109008,11629,11475,Garrafa de 750 ml,JMF,,"2,92€/L","2,19€",https://cdn.intermarche.pt/pt/Content/images/boitmal/produit/zoom/CC0500D2726861BD50EF8CE61A192695.jpg,2024-10-02T22:59:59.999Z,/product/vinho-regional-peninsula-de-setubal-branco/5601174109008
32552,Vinho Vinha da Fonte Setúbal branco,5608527002771,11629,11475,Garrafa de 0.75 l,Casa Ermelinda Freitas,,"3,99€/L","2,99€",https://cdn.intermarche.pt/pt/Content/images/boitmal/produit/zoom/2E666D9F1D80EA4F76A672DC479C3DA8.jpg,2024-10-02T22:59:59.999Z,/product/vinho-vinha-da-fonte-setubal-branco/5608527002771
43243,Vinho branco doc palmela reserva,5608527003150,11629,11475,Garrafa de 750 ml,Dona Ermelinda,,"9,99€/L","7,49€",https://cdn.intermarche.pt/pt/Content/images/boitmal/produit/zoom/40F4DF3417F4EBBF8B0E5EE98BFF2009.jpg,2024-10-02T22:59:59.999Z,/product/vinho-branco-doc-palmela-reserva/5608527003150
9240,Vinho branco palmela d.o.,5603016000757,11629,11475,Garrafa de 0.75 l,Fontanario,,"2,79€/L","2,09€",https://cdn.intermarche.pt/pt/Content/images/boitmal/produit/zoom/D5B09CC4B45613789EDB708F001ADB29.jpg,2024-10-02T22:59:59.999Z,/product/vinho-branco-palmela-d.o./5603016000757
6061,"Vinho branco região da península de setúbal, bag in box",5608527000562,11629,11475,Garrafa de 5 l,Dom Campos,,"1,80€/L","8,99€",https://cdn.intermarche.pt/pt/Content/images/boitmal/produit/zoom/F14CE895B9322B2661C9E8368F1C4318.jpg,,/product/vinho-branco-regiao-da-peninsula-de-setubal-bag-in-box/5608527000562
15616,Vinho branco regional península de setúbal,5601142192476,11629,11475,Garrafa de 750 ml,Lancers,,"5,32€/L","3,99€",https://cdn.intermarche.pt/pt/Content/images/boitmal/produit/zoom/B87CB86FF26C442E8E6F7914CFA50560.jpg,,/product/vinho-branco-regional-peninsula-de-setubal/5601142192476
5371,Vinho branco península de setúbal,5601237001102,11629,11475,"Garrafa de 0,75 l",Catarina,,"9,32€/L","6,99€",https://cdn.intermarche.pt/pt/Content/images/boitmal/produit/zoom/2F9CEE529BB191F3717C2D2328ED4D6D.jpg,,/product/vinho-branco-peninsula-de-setubal/5601237001102
22782,Vinho branco doce regional península de setúbal,5601174102009,11629,11475,Garrafa de 750 ml,Quinta de Camarate,,"11,99€/L","8,99€",https://cdn.intermarche.pt/pt/Content/images/boitmal/produit/zoom/2A5507F74E240F2C1EBB45BD7AC9DFF7.jpg,,/product/vinho-branco-doce-regional-peninsula-de-setubal/5601174102009
20203,Vinho branco regional alentejano,5604098001038,11630,11475,Garrafa de 0.75 l,Tapada do Barão,,"3,99€/L","2,99€",https://cdn.intermarche.pt/pt/Content/images/boitmal/produit/zoom/3CDC4E39AC7D1EB7003758BB27EAF83A.jpg,2024-10-02T22:59:59.999Z,/product/vinho-branco-regional-alentejano/5604098001038
20870,Vinho regional alentejano branco,5600390418055,11630,11475,Garrafa de 750 ml,Castelo dos Mouros,,"3,45€/L","2,59€",https://cdn.intermarche.pt/pt/Content/images/boitmal/produit/zoom/E07B9EF91A831E1DEF613EDFD3BC8E82.jpg,2024-10-02T22:59:59.999Z,/product/vinho-regional-alentejano-branco/5600390418055
36374,Vinho branco DOC Região do Alentejo,5602154681477,11630,11475,Garrafa de 0.75 l,Castelo de Borba,,"3,19€/L","2,39€",https://cdn.intermarche.pt/pt/Content/images/boitmal/produit/zoom/E5AE5DA772516EAE6CFF76A3C42BEE95.jpg,2024-10-02T22:59:59.999Z,/product/vinho-branco-doc-regiao-do-alentejo/5602154681477
9113,Vinho branco alentejo,5601989001566,11630,11475,Garrafa de 750 ml,Monte Velho,,"5,32€/L","3,99€",https://cdn.intermarche.pt/pt/Content/images/boitmal/produit/zoom/535A67A6AB54BC16A34A4F4F6B7FCD26.jpg,2024-10-02T22:59:59.999Z,/product/vinho-branco-alentejo/5601989001566
25753,Vinho Branco Regional Alentejano,5602445001250,11630,11475,"Garrafa de 0,75 l",Encosta das Perdizes,,"3,59€/L","2,69€",https://cdn.intermarche.pt/pt/Content/images/boitmal/produit/zoom/83332249E615CCF8F99CA015A8A324A5.jpg,2024-10-02T22:59:59.999Z,/product/vinho-branco-regional-alentejano/5602445001250
21040,Vinho regional alentejano reserva branco,5600390418024,11630,11475,Garrafa de 750 ml,Castelo dos Mouros,,"4,65€/L","3,49€",https://cdn.intermarche.pt/pt/Content/images/boitmal/produit/zoom/D6897FBE63EA3C768BC444A3D3EB1813.jpg,2024-10-02T22:59:59.999Z,/product/vinho-regional-alentejano-reserva-branco/5600390418024
35671,Vinho branco região do alentejo,5601012005998,11630,11475,Garrafa de 0.75 l,Trinca Bolotas,,"6,65€/L","4,99€",https://cdn.intermarche.pt/pt/Content/images/boitmal/produit/zoom/C38BF9D94EE4AAB110C5F8E0E4027E42.jpg,2024-10-02T22:59:59.999Z,/product/vinho-branco-regiao-do-alentejo/5601012005998
52527,Vinho Branco Alentejo Antão-Vaz,5604260329656,11630,11475,Garrafa de 0.75 litros,Selecção de Enófilos,,"3,99€/L","2,99€",https://cdn.intermarche.pt/pt/Content/images/boitmal/produit/zoom/0E250910A437131CAA095AC58E610C45.jpg,2024-10-02T22:59:59.999Z,/product/vinho-branco-alentejo-antao-vaz/5604260329656
8912,Vinho doc alentejo branco,5601356013161,11630,11475,Garrafa de 750 ml,Porta da Ravessa,,"2,65€/L","1,99€",https://cdn.intermarche.pt/pt/Content/images/boitmal/produit/zoom/C22D11D5D89DC0063C888DCFA29E68AE.jpg,2024-10-02T22:59:59.999Z,/product/vinho-doc-alentejo-branco/5601356013161
8915,Vinho doc alentejo reseva branco,5601356013925,11630,11475,Garrafa de 0.75 l,Porta da Ravessa,,"3,99€/L","2,99€",https://cdn.intermarche.pt/pt/Content/images/boitmal/produit/zoom/11D5FD31BE53576219787F9D101E8F85.jpg,2024-10-02T22:59:59.999Z,/product/vinho-doc-alentejo-reseva-branco/5601356013925
8929,Vinho doc alentejo branco,5601377319082,11630,11475,"Garrafa de 0,75 l",Monsaraz,,"3,85€/L","2,89€",https://cdn.intermarche.pt/pt/Content/images/boitmal/produit/zoom/57A61372BA394565717B5AEFA7626E3C.jpg,2024-10-02T22:59:59.999Z,/product/vinho-doc-alentejo-branco/5601377319082
9164,Vinho doc alentejo branco,5602154601499,11630,11475,Garrafa de 0.75 l,Adega de Borba,,"3,85€/L","2,89€",https://cdn.intermarche.pt/pt/Content/images/boitmal/produit/zoom/A3BA3E1F3DC5EDC5F70E270024BFEDDC.jpg,2024-10-02T22:59:59.999Z,/product/vinho-doc-alentejo-branco/5602154601499
25928,Vinho DOC Alentejo Borba Branco,5601917070022,11630,11475,"Garrafa de 0,75 l",Monsaraz,,"3,45€/L","2,59€",https://cdn.intermarche.pt/pt/Content/images/boitmal/produit/zoom/68018DBF15CC69047CF1628B3094DC2E.jpg,2024-10-02T22:59:59.999Z,/product/vinho-doc-alentejo-borba-branco/5601917070022
5369,Vinho branco região alentejano,5601237000945,11630,11475,Garrafa de 750 ml,Quinta do Carmo,,"11,99€/L","8,99€",https://cdn.intermarche.pt/pt/Content/images/boitmal/produit/zoom/241F84FFECBAF6211395B97C7ACA36E2.jpg,2024-10-02T22:59:59.999Z,/product/vinho-branco-regiao-alentejano/5601237000945
5755,Vinho doc alentejo branco,5604135002011,11630,11475,Garrafa de 0.75 l,Marquês de Borba,,"6,65€/L","4,99€",https://cdn.intermarche.pt/pt/Content/images/boitmal/produit/zoom/167262667BAA1C3F50912872CF163F82.jpg,2024-10-02T22:59:59.999Z,/product/vinho-doc-alentejo-branco/5604135002011
20651,Vinho tinto doc alentejo alicante bouchet,5601970111076,11630,11475,Garrafa de 0.75 l,Vidigueira,,"4,73€/L","3,55€",https://cdn.intermarche.pt/pt/Content/images/boitmal/produit/zoom/0B16DDBE920FACD7F8B8DE64DCCAAA76.jpg,2024-10-02T22:59:59.999Z,/product/vinho-tinto-doc-alentejo-alicante-bouchet/5601970111076
21311,"Vinho regional alentejano branco, garrafa de 750 ml",5601012004748,11630,11475,,Sossego,,"5,05€/L","3,79€",https://cdn.intermarche.pt/pt/Content/images/boitmal/produit/zoom/A5AD495D19383B90363225B6A06BAB7E.jpg,2024-10-02T22:59:59.999Z,/product/vinho-regional-alentejano-branco-garrafa-de-750-ml/5601012004748
21620,"Vinho DOC Alentejo, Reserva, Tinto",5602154001411,11630,11475,"Garrafa de 0,75 L",Adega de Borba,,"11,99€/L","8,99€",https://cdn.intermarche.pt/pt/Content/images/boitmal/produit/zoom/7EF8D3F3CFA5A58EF48C71A9DBB87772.jpg,2024-10-02T22:59:59.999Z,/product/vinho-doc-alentejo-reserva-tinto/5602154001411
22321,Vinho doc alentejo reserva branco,5601989981851,11630,11475,Garrafa de 0.75 l,Esporão,,"18,65€/L","13,99€",https://cdn.intermarche.pt/pt/Content/images/boitmal/produit/zoom/930EC636ACBB571BF5A75E1D1F29B956.jpg,2024-10-02T22:59:59.999Z,/product/vinho-doc-alentejo-reserva-branco/5601989981851
28881,Vinho Branco Regional Alentejano Superior,5602182360337,11630,11475,Garrafa de 0.75 l,Monte da Ravasqueira,,"6,65€/L","4,99€",https://cdn.intermarche.pt/pt/Content/images/boitmal/produit/zoom/D0CE1BCBA010774DA9BE421DD7A4671F.jpg,2024-10-02T22:59:59.999Z,/product/vinho-branco-regional-alentejano-superior/5602182360337
38078,Vinho Branco Regional Alentejano Reserva,5604098002158,11630,11475,Garrafa de 0.75 l,Poliphonia,,"11,99€/L","8,99€",https://cdn.intermarche.pt/pt/Content/images/boitmal/produit/zoom/987130C3CC876440256E3A3F82164C79.jpg,2024-10-02T22:59:59.999Z,/product/vinho-branco-regional-alentejano-reserva/5604098002158
47986,Vinho alentejano conde d'ervideira reserva branco 2016,5601381010005,11630,11475,Garrafa de 750 ml,Conde da Ervideira,,"18,65€/L","13,99€",https://cdn.intermarche.pt/pt/Content/images/boitmal/produit/zoom/6CC41A0F52D24C89E682CEBABC7B76B5.jpg,2024-10-02T22:59:59.999Z,/product/vinho-alentejano-conde-d'ervideira-reserva-branco-2016/5601381010005
5466,Vinho doc alentejo branco,5601377315183,11630,11475,"Garrafa de 0,75 l",Reguengos,,"3,45€/L","2,59€",https://cdn.intermarche.pt/pt/Content/images/boitmal/produit/zoom/B1FB0470D676AFC38284E8275E1B5931.jpg,2024-10-02T22:59:59.999Z,/product/vinho-doc-alentejo-branco/5601377315183
8261,Vinho branco alentejo,5600394180033,11630,11475,Garrafa de 750 ml,Herdade dos Grous,,"14,65€/L","10,99€",https://cdn.intermarche.pt/pt/Content/images/boitmal/produit/zoom/91CE6A7D07C4EC989AA1AB511FED9CF6.jpg,2024-10-02T22:59:59.999Z,/product/vinho-branco-alentejo/5600394180033
19024,"Vinho branco, regional do alentejano",5602182050337,11630,11475,Garrafa de 0.75 l,Monte da Ravasqueira,,"7,99€/L","5,99€",https://cdn.intermarche.pt/pt/Content/images/boitmal/produit/zoom/6C25690CCA20B79AD56AE3B394DCB899.jpg,,/product/vinho-branco-regional-do-alentejano/5602182050337
21523,Vinho bag-in-box branco,5602417101582,11630,11475,Garrafa de 5 l,Courelas d'Alqueva,,"1,60€/L","7,99€",https://cdn.intermarche.pt/pt/Content/images/boitmal/produit/zoom/2F5FCD58BADE3ED17E2D7C7BE74ADFB2.jpg,,/product/vinho-bag-in-box-branco/5602417101582
5587,Vinho branco regional alentejano,5602154101494,11630,11475,Garrafa 0.75L,Convento da Vila,,"3,59€/L","2,69€",https://cdn.intermarche.pt/pt/Content/images/boitmal/produit/zoom/E867DB53B47A484BFF76F2D1717F8D13.jpg,,/product/vinho-branco-regional-alentejano/5602154101494
41389,Vinho branco região do Alentejo,5604260304134,11630,11475,Garrafa de 0.75 l,Selecção de Enófilos,,"2,65€/L","1,99€",https://cdn.intermarche.pt/pt/Content/images/boitmal/produit/zoom/AA433FB6691A8705F138E4C502DEC1A3.jpg,,/product/vinho-branco-regiao-do-alentejo/5604260304134
21419,Vinho doc alentejo branco,5601356013949,11630,11475,Garrafa de 750 ml,Porta da Ravessa,,"5,32€/L","3,99€",https://cdn.intermarche.pt/pt/Content/images/boitmal/produit/zoom/9CFD101F4B2896E7EBF51E4E0AD5441E.jpg,,/product/vinho-doc-alentejo-branco/5601356013949
29733,Vinho regional alentejano sauvignon blanc,5602182210335,11630,11475,Garrafa de 0.75 l,Monte da Ravasqueira,,"7,99€/L","5,99€",https://cdn.intermarche.pt/pt/Content/images/boitmal/produit/zoom/3BF3B0196B0C47D8A9F716749589EECE.jpg,,/product/vinho-regional-alentejano-sauvignon-blanc/5602182210335
8927,"Vinho regional alentejano branco, garrafa de 75 cl",5601377311086,11630,11475,,Terras D'el Rei,,"3,72€/L","2,79€",https://cdn.intermarche.pt/pt/Content/images/boitmal/produit/zoom/9E63A8314F1D301434B49AF97E5110A6.jpg,,/product/vinho-regional-alentejano-branco-garrafa-de-75-cl/5601377311086
9163,Vinho branco reg. alentejo galitos 0.75l,5602154151444,11630,11475,Garrafa de 750 ml,Galitos,,"3,19€/L","2,39€",https://cdn.intermarche.pt/pt/Content/images/boitmal/produit/zoom/6D136CF74087EC16912E77C47387CB83.jpg,,/product/vinho-branco-reg.-alentejo-galitos-0.75l/5602154151444
36375,Vinho branco Região do Alentejo,5601237001386,11630,11475,Garrafa de 0.75 l,Dom Martinho,,"7,99€/L","5,99€",https://cdn.intermarche.pt/pt/Content/images/boitmal/produit/zoom/DC0C02C6C5F16E1B57CCBC057A3D2E30.jpg,,/product/vinho-branco-regiao-do-alentejo/5601237001386
50332,Vinho Branco Alentejo,5602720190211,11630,11475,Garrafa de 0.75 l,Monte de Pinheiros,,"4,92€/L","3,69€",https://cdn.intermarche.pt/pt/Content/images/boitmal/produit/zoom/514097E58662DCB88C104E670BAD14B8.jpg,,/product/vinho-branco-alentejo/5602720190211
8910,Vinho regional alentejano branco,5601356013147,11630,11475,Garrafa de 750 ml,Real Lavrador,,"3,32€/L","2,49€",https://cdn.intermarche.pt/pt/Content/images/boitmal/produit/zoom/C42459A5B4F4AE9EE1B23ED3B7F87F37.jpg,,/product/vinho-regional-alentejano-branco/5601356013147
9099,Vinho doc alentejo branco,5601970111045,11630,11475,Garrafa de 75 cl,Vila dos Gamas,,"5,05€/L","3,79€",https://cdn.intermarche.pt/pt/Content/images/boitmal/produit/zoom/B5508DC4BD4DB04A463B4823911EC39E.jpg,,/product/vinho-doc-alentejo-branco/5601970111045
11813,Vinho doc branco alentejo antão vaz,5601970111106,11630,11475,Garrafa 0.75L,Vila dos Gamas,,"5,32€/L","3,99€",https://cdn.intermarche.pt/pt/Content/images/boitmal/produit/zoom/B612ED93BD6E5F2ECE4D3601F5A1B238.jpg,,/product/vinho-doc-branco-alentejo-antao-vaz/5601970111106
11816,"Vinho branco, região do alentejo, bag in the box",5601970444310,11630,11475,Embalagem de 5 l,Navegante,,"2,20€/L","10,99€",https://cdn.intermarche.pt/pt/Content/images/boitmal/produit/zoom/9B0C914342D01830A4EB1F1FDCD0D370.jpg,,/product/vinho-branco-regiao-do-alentejo-bag-in-the-box/5601970444310
11994,Vinho branco alentejo,5604135001243,11630,11475,Garrafa de 750 ml,Loios,,"6,65€/L","4,99€",https://cdn.intermarche.pt/pt/Content/images/boitmal/produit/zoom/E73C33AAB8DE38E0179A3F1CE519F5C9.jpg,,/product/vinho-branco-alentejo/5604135001243
35147,Vinho branco regional alentejano,5604260282920,11630,11475,Bag-in-box de 3 litros,Selecção de Enófilos,,"1,93€/L","5,79€",https://cdn.intermarche.pt/pt/Content/images/boitmal/produit/zoom/CFDB5558D7C0F53C09F4D4921ECB46B0.jpg,,/product/vinho-branco-regional-alentejano/5604260282920
10937,Vinho branco monbazillac  2012,3250390569541,11633,11475,Garrafa de 750 ml,Expertclub,,"9,32€/L","6,99€",https://cdn.intermarche.pt/pt/Content/images/boitmal/produit/zoom/93AF7201356E7A48EA2CFB442D2040DB.jpg,,/product/vinho-branco-monbazillac-2012/3250390569541
21577,Vinho rosé doc douro,5602947000713,11634,11614,Garrafa de 750 ml,Quinta da Pacheca,,"7,32€/L","5,49€",https://cdn.intermarche.pt/pt/Content/images/boitmal/produit/zoom/D45B80F7C32A9DB753E134BA68365F5A.jpg,2024-10-02T22:59:59.999Z,/product/vinho-rose-doc-douro/5602947000713
35997,Vinho rosé regional do douro,5603522986422,11634,11614,Garrafa de 0.75 l,Assobio,,"10,65€/L","7,99€",https://cdn.intermarche.pt/pt/Content/images/boitmal/produit/zoom/0C944A9AEC2F3EDC6A0E3E117A0A4204.jpg,,/product/vinho-rose-regional-do-douro/5603522986422
9238,Vinho rosé península de setúbal,5603016000443,11635,11614,Garrafa de 750 ml,Adega de Pegões,,"2,12€/L","1,59€",https://cdn.intermarche.pt/pt/Content/images/boitmal/produit/zoom/67EA33F6043EE7B3EC5A6D721A58D1E2.jpg,2024-10-02T22:59:59.999Z,/product/vinho-rose-peninsula-de-setubal/5603016000443
34469,Vinho rosé regional península de Setúbal,5604260282937,11635,11614,Garrafa de 0.75 l,Selecção de Enófilos,,"2,25€/L","1,69€",https://cdn.intermarche.pt/pt/Content/images/boitmal/produit/zoom/47CFB05F3D3C532C54D3189B0B4B0BDA.jpg,2024-10-02T22:59:59.999Z,/product/vinho-rose-regional-peninsula-de-setubal/5604260282937
9811,Vinho rosé regional península de setúbal,5608527000548,11635,11614,Garrafa de 750 ml,Dom Campos,,"2,65€/L","1,99€",https://cdn.intermarche.pt/pt/Content/images/boitmal/produit/zoom/38B96896540B1C8723714736A9B37EF4.jpg,2024-10-02T22:59:59.999Z,/product/vinho-rose-regional-peninsula-de-setubal/5608527000548
30102,Vinho Rose Leve Região de Lisboa,5604260282890,11635,11614,Garrafa de 0.75 l,Selecção de Enófilos,,"1,85€/L","1,39€",https://cdn.intermarche.pt/pt/Content/images/boitmal/produit/zoom/ACB0FFF89609049B85623BFA86CB5793.jpg,2024-10-02T22:59:59.999Z,/product/vinho-rose-leve-regiao-de-lisboa/5604260282890
51560,Vinho Rosé Península de Setúbal,5601174792002,11635,11614,Garrafa de 0.75 l,João Pires,,"4,65€/L","3,49€",https://cdn.intermarche.pt/pt/Content/images/boitmal/produit/zoom/5C884C754161C78D04BEEB9A8611ACBF.jpg,2024-10-02T22:59:59.999Z,/product/vinho-rose-peninsula-de-setubal/5601174792002
5297,Vinho rosé península de setúbal,5601174205403,11635,11614,Garrafa de 0.75 l,Periquita,,"4,92€/L","3,69€",https://cdn.intermarche.pt/pt/Content/images/boitmal/produit/zoom/57F4393591F8197D030DC0272B1C8CF5.jpg,2024-10-02T22:59:59.999Z,/product/vinho-rose-peninsula-de-setubal/5601174205403
9813,"Vinho rosé, região península de setúbal, bag in box",5608527005796,11635,11614,Garrafa de 5 l,Dom Campos,,"1,80€/L","8,99€",https://cdn.intermarche.pt/pt/Content/images/boitmal/produit/zoom/1A5B5687ED618359A1E759230A6F46D3.jpg,,/product/vinho-rose-regiao-peninsula-de-setubal-bag-in-box/5608527005796
9239,Vinho rosé regional península de setúbal,5603016000542,11635,11614,Garrafa de 750 ml,Fonte nico,,"3,32€/L","2,49€",https://cdn.intermarche.pt/pt/Content/images/boitmal/produit/zoom/742CCC928CCC27498D0CC8FB32799BEF.jpg,,/product/vinho-rose-regional-peninsula-de-setubal/5603016000542
18942,"Vinho rosé, região do Alentejo",5601989950086,11636,11614,"Garrafa de 0,75 l",Monte Velho,,"5,32€/L","3,99€",https://cdn.intermarche.pt/pt/Content/images/boitmal/produit/zoom/FEEEDC68044EA9454E1EDA15982D1A78.jpg,2024-10-02T22:59:59.999Z,/product/vinho-rose-regiao-do-alentejo/5601989950086
5464,Vinho Rosé DOC Alentejo,5601377000355,11636,11614,"Garrafa de 0,75 l",Monsaraz,,"3,85€/L","2,89€",https://cdn.intermarche.pt/pt/Content/images/boitmal/produit/zoom/857D589A09D645BAF935FFBBE16886D5.jpg,2024-10-02T22:59:59.999Z,/product/vinho-rose-doc-alentejo/5601377000355
21312,Vinho regional alentejano rose,5601012004762,11636,11614,Garrafa de 750 ml,Sossego,,"7,32€/L","5,49€",https://cdn.intermarche.pt/pt/Content/images/boitmal/produit/zoom/4343EC07E115ECDD674B4FBE7671C63F.jpg,,/product/vinho-regional-alentejano-rose/5601012004762
21313,"Vinho Rosé Alentejo, garrafa de 750 ml",5601356013086,11636,11614,,Porta da Ravessa,,"3,99€/L","2,99€",https://cdn.intermarche.pt/pt/Content/images/boitmal/produit/zoom/05B96BA448C262D5E30F8AE739BFA8F1.jpg,,/product/vinho-rose-alentejo-garrafa-de-750-ml/5601356013086
5893,Vinho verde tinto,5604260227341,11651,11615,Garrafa de 0.75 l,Selecção de Enófilos,,"3,05€/L","2,29€",https://cdn.intermarche.pt/pt/Content/images/boitmal/produit/zoom/F1E059862BEFC90182B00F6A6700C6BD.jpg,2024-10-02T22:59:59.999Z,/product/vinho-verde-tinto/5604260227341
5143,Vinho verde branco,5601096201309,11652,11615,Garrafa de 0.75 l,Casal Garcia,,"4,39€/L","3,29€",https://cdn.intermarche.pt/pt/Content/images/boitmal/produit/zoom/056BD080A2D98C87EBA807C039694917.jpg,2024-10-02T22:59:59.999Z,/product/vinho-verde-branco/5601096201309
15278,"Vinho Verde Alvarinho/Trajadura, Branco",5604260276158,11652,11615,Garrafa de 0.75 l,Selecção de Enófilos,,"3,05€/L","2,29€",https://cdn.intermarche.pt/pt/Content/images/boitmal/produit/zoom/4CF10856CF1A2FE5E7F8410980489146.jpg,2024-10-02T22:59:59.999Z,/product/vinho-verde-alvarinho-ou-trajadura-branco/5604260276158
9374,Vinho verde branco,5604260010295,11652,11615,Garrafa de 0.75 l,Selecção de Enófilos,,"2,25€/L","1,69€",https://cdn.intermarche.pt/pt/Content/images/boitmal/produit/zoom/6D717465F4BFD50F3BB7EBAE8269C43C.jpg,2024-10-02T22:59:59.999Z,/product/vinho-verde-branco/5604260010295
5836,Vinho Verde DOC Alvarinho |Branco,5604260101122,11652,11615,Garrafa de 0.75 l,Selecção de Enófilos,,"4,52€/L","3,39€",https://cdn.intermarche.pt/pt/Content/images/boitmal/produit/zoom/8122777F3686AB86C540BA2319544139.jpg,2024-10-02T22:59:59.999Z,/product/vinho-verde-doc-alvarinho-|branco/5604260101122
8898,Vinho verde branco,5601333051674,11652,11615,Garrafa de 750 ml,O Tal Vinho da Lixa,,"2,92€/L","2,19€",https://cdn.intermarche.pt/pt/Content/images/boitmal/produit/zoom/C9A116AB4541BFD961A9DB25113F2C35.jpg,2024-10-02T22:59:59.999Z,/product/vinho-verde-branco/5601333051674
32091,Vinho Verde Loureiro Branco,5601096260313,11652,11615,Garrafa de 0.75 l,Aveleda,,"5,19€/L","3,89€",https://cdn.intermarche.pt/pt/Content/images/boitmal/produit/zoom/D8585377E14C5E1743EA806244A92335.jpg,2024-10-02T22:59:59.999Z,/product/vinho-verde-loureiro-branco/5601096260313
9011,Vinho Verde Alvarinho Branco,5601531101102,11652,11615,Garrafa de 0.75 l,Deu-la-deu,,"7,85€/L","5,89€",https://cdn.intermarche.pt/pt/Content/images/boitmal/produit/zoom/A59DDCB43A3BD6CCA2CD4215292E0BC5.jpg,2024-10-02T22:59:59.999Z,/product/vinho-verde-alvarinho-branco/5601531101102
11811,Vinho verde branco,5601954000709,11652,11615,"Garrafa de 0,75 l",Miranda,,"3,19€/L","2,39€",https://cdn.intermarche.pt/pt/Content/images/boitmal/produit/zoom/FB65A678A00D2C85CD9AA69983F93D9F.jpg,2024-10-04T22:59:59.999Z,/product/vinho-verde-branco/5601954000709
11989,Vinho verde branco,5604067029100,11652,11615,"Garrafa de 0,75 l",Torre de Menagem,,"4,92€/L","3,69€",https://cdn.intermarche.pt/pt/Content/images/boitmal/produit/zoom/2D1E463F24F79B6C0A0A88422196095E.jpg,2024-10-02T22:59:59.999Z,/product/vinho-verde-branco/5604067029100
12104,"Vinho doc loureiro, verde",5604260266487,11652,11615,Garrafa de 0.75 l,Selecção de Enófilos,,"2,65€/L","1,99€",https://cdn.intermarche.pt/pt/Content/images/boitmal/produit/zoom/19A857732D592B058A0DF61CCCEC7A0D.jpg,2024-10-02T22:59:59.999Z,/product/vinho-doc-loureiro-verde/5604260266487
30640,Casal garcia sweet 750ml/1,5601096200319,11652,11615,Garrafa de 750 ml,Casal Garcia,,"4,39€/L","3,29€",https://cdn.intermarche.pt/pt/Content/images/boitmal/produit/zoom/E6354E41A55876775EB91C9CC772E23E.jpg,2024-10-02T22:59:59.999Z,/product/casal-garcia-sweet-750ml-ou-1/5601096200319
11990,Vinho verde branco alvarinho,5604067039000,11652,11615,Garrafa de 0.75 l,Quintas de Melgaço,,"11,85€/L","8,89€",https://cdn.intermarche.pt/pt/Content/images/boitmal/produit/zoom/9EB8EF785C8704DC6218759EEDC6B93C.jpg,2024-10-02T22:59:59.999Z,/product/vinho-verde-branco-alvarinho/5604067039000
15480,Vinho verde,5601448025089,11652,11615,Garrafa de 750 ml,Via Latina,,"3,19€/L","2,39€",https://cdn.intermarche.pt/pt/Content/images/boitmal/produit/zoom/10E7346EF594C51D2AD9DB349034CC11.jpg,2024-10-02T22:59:59.999Z,/product/vinho-verde/5601448025089
5322,Vinho verde,5601213188216,11652,11615,Garrafa de 750 ml,Casal Mendes,,"5,32€/L","3,99€",https://cdn.intermarche.pt/pt/Content/images/boitmal/produit/zoom/559C0A1F0E95F7CCC7722C6DB6F5E142.jpg,,/product/vinho-verde/5601213188216
21254,Vinho verde branco,5601096213333,11652,11615,Garrafa de 750 ml,Aveleda,,"6,65€/L","4,99€",https://cdn.intermarche.pt/pt/Content/images/boitmal/produit/zoom/094EF2C01AC6AAFB8F3DDCBB432888F4.jpg,,/product/vinho-verde-branco/5601096213333
15481,Vinho verde,5601448105521,11652,11615,Garrafa de 0.75 l,Felgueiras,,"3,59€/L","2,69€",https://cdn.intermarche.pt/pt/Content/images/boitmal/produit/zoom/14776862A9D2A961F4965920072C3746.jpg,,/product/vinho-verde/5601448105521
4985,Vinho verde,5601012045505,11652,11615,Garrafa de 750 ml,Gazela,,"5,32€/L","3,99€",https://cdn.intermarche.pt/pt/Content/images/boitmal/produit/zoom/EF597CF55A23ED9453F03A3DE7FD131F.jpg,,/product/vinho-verde/5601012045505
9054,Vinho verde loureiro,5601731204016,11652,11615,Garrafa de 75 cl,Ponte lima,,"5,72€/L","4,29€",https://cdn.intermarche.pt/pt/Content/images/boitmal/produit/zoom/F26F6374522C630E57F3B60442D4F2AA.jpg,,/product/vinho-verde-loureiro/5601731204016
11727,Vinho verde branco,5601349013673,11652,11615,Garrafa de 1 l,3 marias,,"3,29€/L","3,29€",https://cdn.intermarche.pt/pt/Content/images/boitmal/produit/zoom/A81BCAF54881777811300CE8D032B128.jpg,,/product/vinho-verde-branco/5601349013673
5160,Vinho verde bordaleza,5601110130134,11652,11615,Garrafa de 750 ml,Lagosta,,"5,32€/L","3,99€",https://cdn.intermarche.pt/pt/Content/images/boitmal/produit/zoom/1505AB3FFB4C6D180CD2B7FE32871508.jpg,,/product/vinho-verde-bordaleza/5601110130134
9013,Vinho verde branco,5601531101126,11652,11615,Garrafa de 380 ml,Muralhas,,"8,92€/L","3,39€",https://cdn.intermarche.pt/pt/Content/images/boitmal/produit/zoom/4C0690D07CD9B82D5039BC320D5BB268.jpg,,/product/vinho-verde-branco/5601531101126
11812,Vinho verde branco,5601954000716,11652,11615,Garrafa de 0.75 l,Presidente,,"4,92€/L","3,69€",https://cdn.intermarche.pt/pt/Content/images/boitmal/produit/zoom/49FE76AE8F6E708035A4894F93A01F96.jpg,,/product/vinho-verde-branco/5601954000716
5529,Vinho verde branco,5601731202036,11652,11615,Garrafa de 75 cl,Ponte lima,,"4,92€/L","3,69€",https://cdn.intermarche.pt/pt/Content/images/boitmal/produit/zoom/7337A3DF90A55E12CD87FA7825ABF122.jpg,,/product/vinho-verde-branco/5601731202036
5530,Vinho verde branco,5601731203019,11652,11615,Garrafa de 75 cl,Ponte lima,,"4,92€/L","3,69€",https://cdn.intermarche.pt/pt/Content/images/boitmal/produit/zoom/3F53DDC28341AB20B1F908D2C2302C40.jpg,,/product/vinho-verde-branco/5601731203019
5145,Vinho verde rosé,5601096328303,11653,11615,Garrafa de 0.75 l,Casal Garcia,,"4,39€/L","3,29€",https://cdn.intermarche.pt/pt/Content/images/boitmal/produit/zoom/20A894B5576B761A4D61341AC01C602C.jpg,2024-10-02T22:59:59.999Z,/product/vinho-verde-rose/5601096328303
5892,Vinho verde rosé,5604260227334,11653,11615,Garrafa de 0.75 l,Selecção de Enófilos,,"3,05€/L","2,29€",https://cdn.intermarche.pt/pt/Content/images/boitmal/produit/zoom/08C1CB9A5232879FBE335336AAFBB8C8.jpg,2024-10-02T22:59:59.999Z,/product/vinho-verde-rose/5604260227334
38058,Vinho verde rosé,5601012001525,11653,11615,Garrafa de 0.75 l,Gazela,,"5,32€/L","3,99€",https://cdn.intermarche.pt/pt/Content/images/boitmal/produit/zoom/51D9B5CC2ABAFF556EF6D3727F28CF34.jpg,,/product/vinho-verde-rose/5601012001525
8506,Vinho verde rosé,5601110003995,11653,11615,Garrafa de 750 ml,Lagosta,,"5,32€/L","3,99€",https://cdn.intermarche.pt/pt/Content/images/boitmal/produit/zoom/206AC9092500856B62BB80F3627ACAF1.jpg,,/product/vinho-verde-rose/5601110003995
40528,Vinho tinto,5604260295609,11655,11616,embalagem de 1 litro,PorSi,,"0,89€/L","0,89€",https://cdn.intermarche.pt/pt/Content/images/boitmal/produit/zoom/EED8925C57A575BB165C86EA057B2CFD.jpg,,/product/vinho-tinto/5604260295609
5997,Vinho tinto,5604655235104,11655,11616,Garrafa de 75 cl,Adega grande,,"2,47€/L","1,85€",https://cdn.intermarche.pt/pt/Content/images/boitmal/produit/zoom/0962DCA6C9C979A5ED9BCA8436CF0078.jpg,,/product/vinho-tinto/5604655235104
40655,Vinho tinto,5604260301614,11655,11616,embalagem de 5 litros,PorSi,,"1,04€/L","5,19€",https://cdn.intermarche.pt/pt/Content/images/boitmal/produit/zoom/CE018C57E1806D7693FA207989C0E541.jpg,,/product/vinho-tinto/5604260301614
51564,Vinho tinto,5604260324293,11655,11616,Garrafa de 1 l,PorSi,,"1,79€/L","1,79€",https://cdn.intermarche.pt/pt/Content/images/boitmal/produit/zoom/643D7626FDAA8BC2BAF2036C0235A4B2.jpg,,/product/vinho-tinto/5604260324293
11676,Vinho maduro tinto,5601239510114,11655,11616,Garrafa de 250 ml,Casal da Eira,,"2,76€/L","0,69€",https://cdn.intermarche.pt/pt/Content/images/boitmal/produit/zoom/7333C85020ABA3FC11714B81D5974EBD.jpg,,/product/vinho-maduro-tinto/5601239510114
9115,Vinho tinto,5601989001818,11655,11616,Garrafa de 750 ml,Alandra,,"4,65€/L","3,49€",https://cdn.intermarche.pt/pt/Content/images/boitmal/produit/zoom/52ED3C0F65ED40D6446A053DF08259C8.jpg,,/product/vinho-tinto/5601989001818
11542,Vinho maduto tinto,5601110003162,11655,11616,Embalagem de 1 l,Casal da Eira,,"1,69€/L","1,69€",https://cdn.intermarche.pt/pt/Content/images/boitmal/produit/zoom/BE3BE16DA6A3BBB9FDBCFBEB363F562D.jpg,,/product/vinho-maduto-tinto/5601110003162
21260,"Vinho maduro branco, garrafa de 0.75 l",5601766300141,11656,11616,,Alorna,,"7,99€/L","5,99€",https://cdn.intermarche.pt/pt/Content/images/boitmal/produit/zoom/27C4CDA59587CF51C5C73B217727AFA6.jpg,2024-10-02T22:59:59.999Z,/product/vinho-maduro-branco-garrafa-de-0.75-l/5601766300141
40527,Vinho branco,5604260295593,11656,11616,embalagem de 1 litro,PorSi,,"0,89€/L","0,89€",https://cdn.intermarche.pt/pt/Content/images/boitmal/produit/zoom/6D11A0209FE8DAC6C278C3B7F4443AF6.jpg,,/product/vinho-branco/5604260295593
40526,Vinho branco,5604260295586,11656,11616,embalagem de  3X187 ml,PorSi,,"2,12€/L","1,19€",https://cdn.intermarche.pt/pt/Content/images/boitmal/produit/zoom/81B81B08303B4DEA27E372E232AB7555.jpg,,/product/vinho-branco/5604260295586
5995,Vinho maduro branco meio seco,5604655235005,11656,11616,Garrafa de 750 ml,Adega grande,,"2,47€/L","1,85€",https://cdn.intermarche.pt/pt/Content/images/boitmal/produit/zoom/B8265D195A660DDCF256D27779DB57C3.jpg,,/product/vinho-maduro-branco-meio-seco/5604655235005
40737,Vinho branco,5604260301621,11656,11616,Bag-in-box de 5 litros,PorSi,,"1,08€/L","5,39€",https://cdn.intermarche.pt/pt/Content/images/boitmal/produit/zoom/8AFCBD2E5A4D52A85F10F3D8804BE9A4.jpg,,/product/vinho-branco/5604260301621
11541,Vinho maduro branco,5601110003155,11656,11616,Garrafa de 1 l,Casal da Eira,,"1,69€/L","1,69€",https://cdn.intermarche.pt/pt/Content/images/boitmal/produit/zoom/39459A2DB8194099389EC41AC5447C0C.jpg,,/product/vinho-maduro-branco/5601110003155
9116,Vinho branco,5601989001962,11656,11616,Garrafa de 750 ml,Alandra,,"4,65€/L","3,49€",https://cdn.intermarche.pt/pt/Content/images/boitmal/produit/zoom/C3DEE979630999A9F480D363BD9C9EB2.jpg,,/product/vinho-branco/5601989001962
11677,Vinho maduro branco,5601239520113,11656,11616,Embalagem de 250 ml,Casal da Eira,,"2,76€/L","0,69€",https://cdn.intermarche.pt/pt/Content/images/boitmal/produit/zoom/37A7D3EA9D66495C29B5E1EECF55624A.jpg,,/product/vinho-maduro-branco/5601239520113
51563,Vinho branco,5604260324286,11656,11616,Garrafa de 1 l,PorSi,,"1,79€/L","1,79€",https://cdn.intermarche.pt/pt/Content/images/boitmal/produit/zoom/7DF4F4A90D1BAC9CE3D588D017D4487E.jpg,,/product/vinho-branco/5604260324286
11907,Vinho verde branco loureiro,5600386431020,11656,11616,Garrafa de 0.75 l,Quinta do Regainho,,"6,65€/L","4,99€",https://cdn.intermarche.pt/pt/Content/images/boitmal/produit/zoom/07FA5E5ED9C244587B67D31D150CA1EE.jpg,,/product/vinho-verde-branco-loureiro/5600386431020
36282,Vinho branco frisante,5602016061096,11658,11616,Garrafa de 0.75 l,Cacho Fresco,,"2,19€/L","1,64€",https://cdn.intermarche.pt/pt/Content/images/boitmal/produit/zoom/5A84D9FCFD5D8797917DBD1BC3DA5748.jpg,2024-10-02T22:59:59.999Z,/product/vinho-branco-frisante/5602016061096
37485,Vinho rosé frisante,5602016141033,11658,11616,Garrafa de 0.75 l,Cacho Fresco,,"2,19€/L","1,64€",https://cdn.intermarche.pt/pt/Content/images/boitmal/produit/zoom/FF86331B5FA926BAAE69E1C280139991.jpg,2024-10-02T22:59:59.999Z,/product/vinho-rose-frisante/5602016141033
4984,Vinho rosé,5601012011500,11658,11616,Garrafa de 750 ml,Mateus,,"4,33€/L","3,25€",https://cdn.intermarche.pt/pt/Content/images/boitmal/produit/zoom/7610C8D5121203BD98F5BBCA0E5D26B2.jpg,,/product/vinho-rose/5601012011500
9108,Vinho rosé regional tejo,5601971791437,11658,11616,Garrafa de 750 ml,Plexus,,"3,32€/L","2,49€",https://cdn.intermarche.pt/pt/Content/images/boitmal/produit/zoom/937E53444A45D8FB277ADFC1FCA16A4F.jpg,,/product/vinho-rose-regional-tejo/5601971791437
9196,Vinho Regional de Lisboa Branco,5602523120101,11658,11616,"Garrafa de 0,75L",Mundus,,"2,65€/L","1,99€",https://cdn.intermarche.pt/pt/Content/images/boitmal/produit/zoom/31E3B22E10310CCAB55DE3B2B7EC5084.jpg,,/product/vinho-regional-de-lisboa-branco/5602523120101
11662,Vinho rosé,5601213184867,11658,11616,Garrafa de 750 ml,Casal Mendes,,"5,32€/L","3,99€",https://cdn.intermarche.pt/pt/Content/images/boitmal/produit/zoom/C37416CE2F596240F137715C3855AA29.jpg,,/product/vinho-rose/5601213184867
22655,Lambrusco rosé,8008820148447,11658,11616,Garrafa de 0.75 l,Sorbello,,"3,99€/L","2,99€",https://cdn.intermarche.pt/pt/Content/images/boitmal/produit/zoom/B8608CD34D613092187F919E49F2FAB5.jpg,,/product/lambrusco-rose/8008820148447
11462,Vinho rosé mateus emotion,5601012000917,11658,11616,Garrafa de 750 ml,Mateus,,"5,99€/L","4,49€",https://cdn.intermarche.pt/pt/Content/images/boitmal/produit/zoom/B3DD4EA5A2B0E46CF2164D3BE430526D.jpg,,/product/vinho-rose-mateus-emotion/5601012000917
11549,Vinho rosé,5601129033105,11658,11616,Garrafa de 0.75 l,Gatão,,"4,65€/L","3,49€",https://cdn.intermarche.pt/pt/Content/images/boitmal/produit/zoom/77ED30BE816411BC85689CCBB961DC3B.jpg,,/product/vinho-rose/5601129033105
9109,Vinho Branco Regional Tejo,5601971795534,11658,11616,Garrafa de 750 ml,Plexus,,"3,32€/L","2,49€",https://cdn.intermarche.pt/pt/Content/images/boitmal/produit/zoom/B887FB2929A26D4F368512C04A53A261.jpg,,/product/vinho-branco-regional-tejo/5601971795534
9134,"Vinho rosé, meio seco",5602016031013,11658,11616,Garrafa de 750 ml,Leziria,,"2,39€/L","1,79€",https://cdn.intermarche.pt/pt/Content/images/boitmal/produit/zoom/51E82E21E368643743A9BCE9E3D965C6.jpg,,/product/vinho-rose-meio-seco/5602016031013
11865,Vinho maduro branco,5602206102073,11658,11616,Garrafa de 75 cl,Ala dos namorados,,"2,65€/L","1,99€",https://cdn.intermarche.pt/pt/Content/images/boitmal/produit/zoom/973F883232B77E58D341E6032BC6D7BB.jpg,,/product/vinho-maduro-branco/5602206102073
8575,Vinho rosé,5601142192636,11658,11616,Garrafa 0.75L,Lancers,,"5,32€/L","3,99€",https://cdn.intermarche.pt/pt/Content/images/boitmal/produit/zoom/0A92124217891685B42B4ABE10F886C8.jpg,,/product/vinho-rose/5601142192636
9197,Vinho Regional de Lisboa Rosé,5602523130025,11658,11616,"Garrafa de 0,75 l",Mundus,,"2,65€/L","1,99€",https://cdn.intermarche.pt/pt/Content/images/boitmal/produit/zoom/0457D1CD43D6FA71CBC67D1EE76CDDF9.jpg,,/product/vinho-regional-de-lisboa-rose/5602523130025
9396,Vinho frisante branco,5604260326747,11658,11616,Garrafa de 750 ml,Selecção de Enófilos,,"2,52€/L","1,89€",https://cdn.intermarche.pt/pt/Content/images/boitmal/produit/zoom/6837E7B210CC4DFAB79FF3A5496AEE0D.jpg,,/product/vinho-frisante-branco/5604260326747
9397,Vinho frisante rosé,5604260326754,11658,11616,Garrafa de 750 ml,Selecção de Enófilos,,"2,52€/L","1,89€",https://cdn.intermarche.pt/pt/Content/images/boitmal/produit/zoom/7ABCBCE10930000796FD800AC1227615.jpg,,/product/vinho-frisante-rose/5604260326754
46477,Sangria tinta,5604260317080,11659,11616,Garrafa de 1.5 litros,PorSi,,"1,13€/L","1,69€",https://cdn.intermarche.pt/pt/Content/images/boitmal/produit/zoom/E66F94AA9CE9F7961A29ECAD0CA5F188.jpg,,/product/sangria-tinta/5604260317080
12377,Sangria pet,8410261151625,11659,11616,"Garrafa de 1,5 l",Don Simon,,"1,53€/L","2,29€",https://cdn.intermarche.pt/pt/Content/images/boitmal/produit/zoom/6885116A6B92C779DDA30B3B2C8650AB.jpg,,/product/sangria-pet/8410261151625
20410,Sangria branca,8410261151311,11659,11616,"Garrafa de 1,5 l",Don Simon,,"1,53€/L","2,29€",https://cdn.intermarche.pt/pt/Content/images/boitmal/produit/zoom/99CFAD31D24EE1F86904D8787045CEF3.jpg,,/product/sangria-branca/8410261151311
20515,Sangria,5601096360303,11659,11616,Garrafa de 750 ml,Casal Garcia,,"5,85€/L","4,39€",https://cdn.intermarche.pt/pt/Content/images/boitmal/produit/zoom/B2A419587BC37CD68479B6EF2C3DB381.jpg,,/product/sangria/5601096360303
46476,Sangria branca,5604260317073,11659,11616,Garrafa de 1.5 litros,PorSi,,"1,19€/L","1,79€",https://cdn.intermarche.pt/pt/Content/images/boitmal/produit/zoom/141ADB1FEB02D4E6554F38BCDE194A70.jpg,,/product/sangria-branca/5604260317073
32255,Sangria frutos vermelhos,5601096011205,11659,11616,Garrafa de 0.75 l,Casal Garcia,,"6,65€/L","4,99€",https://cdn.intermarche.pt/pt/Content/images/boitmal/produit/zoom/364348C463F355254BDE31E86B75329E.jpg,,/product/sangria-frutos-vermelhos/5601096011205
11445,"Bebida açucarada  tinto de verão, clássico",5600318520013,11659,11616,"Garrafa de 1,5 l",Sandevid,,"1,39€/L","2,09€",https://cdn.intermarche.pt/pt/Content/images/boitmal/produit/zoom/92A9D3AE7125620FF31ACFE4A8B47EDD.jpg,,/product/bebida-acucarada-tinto-de-verao-classico/5600318520013
11446,"Bebida açucarada  tinto de verão, limão",5600318520020,11659,11616,"Garrafa de 1,5 l",Sandevid,,"1,39€/L","2,09€",https://cdn.intermarche.pt/pt/Content/images/boitmal/produit/zoom/A5CB0DF1D89C5A97B4317620E25B71A9.jpg,,/product/bebida-acucarada-tinto-de-verao-limao/5600318520020
25077,Sangria branca,5601096360310,11659,11616,Garrafa de 750 ml,Casal Garcia,,"5,85€/L","4,39€",https://cdn.intermarche.pt/pt/Content/images/boitmal/produit/zoom/F0F23BB680C6422AA99B26452FCE1389.jpg,,/product/sangria-branca/5601096360310
53926,"Tinto de Verano Limão, 1.5L",8410283346504,11659,11616,,La Casera,,"1,53€/L","2,29€",https://cdn.intermarche.pt/pt/Content/images/boitmal/produit/zoom/7FF9051166714BDD98FB949D3E047038.jpg,,/product/tinto-de-verano-limao-1.5l/8410283346504
11830,"Sangria tinta, bag in the box",5602016125019,11659,11616,Garrafa de 5 l,Leziria,,"1,60€/L","7,99€",https://cdn.intermarche.pt/pt/Content/images/boitmal/produit/zoom/A4FBAC2B655C9A3073596432CB32DC92.jpg,,/product/sangria-tinta-bag-in-the-box/5602016125019
53927,"Tinto de Verano Limão, 330ml",8410283303750,11659,11616,,La Casera,,"2,88€/L","0,95€",https://cdn.intermarche.pt/pt/Content/images/boitmal/produit/zoom/5F91E1537637BD59B912B5C15AC6B328.jpg,,/product/tinto-de-verano-limao-330ml/8410283303750
9059,Moscatel favaios,5601752080026,11660,11617,Garrafa de 750 ml,Favaios,,"6,65€/L","4,99€",https://cdn.intermarche.pt/pt/Content/images/boitmal/produit/zoom/DF39336F6EA3566B2D576B52A17EFAB5.jpg,2024-10-02T22:59:59.999Z,/product/moscatel-favaios/5601752080026
20648,Moscatel Roxo Setúbal,5601174305004,11660,11617,Garrafa de 750 ml,Alambre,,"15,99€/L","11,99€",https://cdn.intermarche.pt/pt/Content/images/boitmal/produit/zoom/0F031D29405B80D49FF22BA171BE944B.jpg,2024-10-02T22:59:59.999Z,/product/moscatel-roxo-setubal/5601174305004
29234,Moscatel de setúbal,5608527000494,11660,11617,Garrafa de 750 ml,Dom Campos,,"5,85€/L","4,39€",https://cdn.intermarche.pt/pt/Content/images/boitmal/produit/zoom/A85665CBA474506EE45240B1972A7C9E.jpg,2024-10-02T22:59:59.999Z,/product/moscatel-de-setubal/5608527000494
5298,Moscatel de setúbal,5601174301006,11660,11617,"Garrafa de 0,75L",Alambre,,"6,65€/L","4,99€",https://cdn.intermarche.pt/pt/Content/images/boitmal/produit/zoom/81D385C430532672DD6A0698676ADB78.jpg,2024-10-02T22:59:59.999Z,/product/moscatel-de-setubal/5601174301006
9380,Moscatel de setúbal,5604260031184,11660,11617,"Garrafa de 0,75 l",Selecção de Enófilos,,"5,32€/L","3,99€",https://cdn.intermarche.pt/pt/Content/images/boitmal/produit/zoom/E7C7E2B10913486B61EBF6CB6827C3CC.jpg,,/product/moscatel-de-setubal/5604260031184
8793,Moscatel de Setúbal,5601237219224,11660,11617,Garrafa de 750 ml,Quinta da Bacalhôa,,"8,92€/L","6,69€",https://cdn.intermarche.pt/pt/Content/images/boitmal/produit/zoom/5A865B36724F498458E09F7BC38A1FA8.jpg,,/product/moscatel-de-setubal/5601237219224
9417,Moscatel do Douro,5604260047826,11660,11617,"Garrafa de 0,75 l",Selecção de Enófilos,,"6,65€/L","4,99€",https://cdn.intermarche.pt/pt/Content/images/boitmal/produit/zoom/FE72BAE2373A089A65DC8FFD3808DC33.jpg,,/product/moscatel-do-douro/5604260047826
20647,Moscatel de setúbal,5602282156045,11660,11617,Garrafa de 750 ml,Adega de Palmela,,"7,99€/L","5,99€",https://cdn.intermarche.pt/pt/Content/images/boitmal/produit/zoom/C7AC081FB138A67E6544E5DB949237F8.jpg,,/product/moscatel-de-setubal/5602282156045
22785,Moscatel de Setúbal 20 anos,5601174330013,11660,11617,Garrafa de 0.50 l,Alambre,,"59,78€/L","29,89€",https://cdn.intermarche.pt/pt/Content/images/boitmal/produit/zoom/034A996FA5C3AAB83174790AEC860730.jpg,,/product/moscatel-de-setubal-20-anos/5601174330013
22888,Moscatel de setúbal,5604701208045,11660,11617,Garrafa de 750 ml,Pioneiro,,"7,45€/L","5,59€",https://cdn.intermarche.pt/pt/Content/images/boitmal/produit/zoom/037684F9843B60292C84D6EE14246453.jpg,,/product/moscatel-de-setubal/5604701208045
26940,Moscatel de Douro Reserva,5601752088886,11660,11617,Garrafa de 0.75 l,Favaios,,"17,32€/L","12,99€",https://cdn.intermarche.pt/pt/Content/images/boitmal/produit/zoom/2B217C64C1C411EB2DE647E2AD1E80C3.jpg,,/product/moscatel-de-douro-reserva/5601752088886
31216,"Moscatel do douro aperitivo, pack: 10 x 55 ml",5601752061056,11660,11617,,Favaito,,"14,35€/L","7,89€",https://cdn.intermarche.pt/pt/Content/images/boitmal/produit/zoom/68AFCDB0224D5CE7BBAEF4BB1E059A95.jpg,,/product/moscatel-do-douro-aperitivo-pack:-10-x-55-ml/5601752061056
36363,Moscatel de Setúbal Reserva,5604260292929,11660,11617,Garrafa de 0.75 l,Selecção de Enófilos,,"13,32€/L","9,99€",https://cdn.intermarche.pt/pt/Content/images/boitmal/produit/zoom/6C21443B05D74F655085214ACD4483C3.jpg,,/product/moscatel-de-setubal-reserva/5604260292929
25445,"Moscatel roxo, garrafa de 750 ml",5604701208052,11660,11617,,Pioneiro,,"17,32€/L","12,99€",https://cdn.intermarche.pt/pt/Content/images/boitmal/produit/zoom/BE72FE282DBE2624C436072BBA03D44C.jpg,,/product/moscatel-roxo-garrafa-de-750-ml/5604701208052
5135,Vinho do Porto Tawny,5601077111023,11661,11617," garrafa de 0,75 l",Velhotes,,"7,32€/L","5,49€",https://cdn.intermarche.pt/pt/Content/images/boitmal/produit/zoom/448B6FA4CAEF254F2AA659E7E93DABCB.jpg,2024-09-25T22:59:59.999Z,/product/vinho-do-porto-tawny/5601077111023
5136,Vinho do Porto Branco,5601077122012,11661,11617,"Garrafa de 0,75 l",Velhotes,,"7,32€/L","5,49€",https://cdn.intermarche.pt/pt/Content/images/boitmal/produit/zoom/23DA3BAF150EE6D429DA3F988DF859EC.jpg,2024-09-25T22:59:59.999Z,/product/vinho-do-porto-branco/5601077122012
5134,vinho do Porto Ruby,5601077101048,11661,11617," garrafa de 0,75 l",Velhotes,,"7,32€/L","5,49€",https://cdn.intermarche.pt/pt/Content/images/boitmal/produit/zoom/3489DFB48D7AB1C8D2C104875A79BE65.jpg,2024-09-25T22:59:59.999Z,/product/vinho-do-porto-ruby/5601077101048
11532,"Vinho Porto 10 anos, garrafa de 0.75 l",5601077171140,11661,11617,,Velhotes,,"13,32€/L","9,99€",https://cdn.intermarche.pt/pt/Content/images/boitmal/produit/zoom/F4F8986D9DF6477A6B433BC0526269E4.jpg,2024-10-02T22:59:59.999Z,/product/vinho-porto-10-anos-garrafa-de-0.75-l/5601077171140
7295,Vinho do porto tawny,3147690089704,11661,11617,"Garrafa de 0,75 l",Cruz,,"7,32€/L","5,49€",https://cdn.intermarche.pt/pt/Content/images/boitmal/produit/zoom/15A76339A08A1C7F2E2FA8AD2BB8E4BE.jpg,2024-10-02T22:59:59.999Z,/product/vinho-do-porto-tawny/3147690089704
18007,Vinho do porto lbv 2004,3147699109601,11661,11617,Garrafa de 0.75 l,Cruz,,"15,99€/L","11,99€",https://cdn.intermarche.pt/pt/Content/images/boitmal/produit/zoom/103B4618F855A372676B8CF577497FD6.jpg,2024-10-02T22:59:59.999Z,/product/vinho-do-porto-lbv-2004/3147699109601
18261,Vinh do porto ruby,3147690016304,11661,11617,Garrafa de 750 ml,Cruz,,"7,32€/L","5,49€",https://cdn.intermarche.pt/pt/Content/images/boitmal/produit/zoom/E4AAD8D82BD58FEDC8637FEC2C456459.jpg,2024-10-02T22:59:59.999Z,/product/vinh-do-porto-ruby/3147690016304
18262,Vinho do porto white,3147690089803,11661,11617,Garrafa de 750 ml,Cruz,,"7,32€/L","5,49€",https://cdn.intermarche.pt/pt/Content/images/boitmal/produit/zoom/4580AF8AF3B70BB1EEDC931BF2E78AA6.jpg,2024-10-02T22:59:59.999Z,/product/vinho-do-porto-white/3147690089803
5445,Vinho do porto lágrima branco,5601332000406,11661,11617,Garrafa de 750 ml,Ramos Pinto,,"13,72€/L","10,29€",https://cdn.intermarche.pt/pt/Content/images/boitmal/produit/zoom/AE471411F7400B058041E2A0440A299C.jpg,2024-10-02T22:59:59.999Z,/product/vinho-do-porto-lagrima-branco/5601332000406
8895,Vinho do porto lágrima tinto,5601332000475,11661,11617,"Garrafa de 0,75L",Ramos Pinto,,"13,72€/L","10,29€",https://cdn.intermarche.pt/pt/Content/images/boitmal/produit/zoom/FD997662E161BCBF3DBC5BF2C2733E08.jpg,2024-10-02T22:59:59.999Z,/product/vinho-do-porto-lagrima-tinto/5601332000475
4973,Porto tawny,5601007001011,11661,11617,Garrafa de 750 ml,Ferreira,,"9,32€/L","6,99€",https://cdn.intermarche.pt/pt/Content/images/boitmal/produit/zoom/073CC2904CBE9C6A7978164732C3E42C.jpg,,/product/porto-tawny/5601007001011
4976,Porto white,5601007001516,11661,11617,Garrafa de 750 ml,Ferreira,,"9,32€/L","6,99€",https://cdn.intermarche.pt/pt/Content/images/boitmal/produit/zoom/B29E0CEFA2E282DF72703FB02255CDD7.jpg,,/product/porto-white/5601007001516
9371,Porto branco,5604260010202,11661,11617,Garrafa de 750 ml,Valadão,,"6,39€/L","4,79€",https://cdn.intermarche.pt/pt/Content/images/boitmal/produit/zoom/4BBC4211C40FE14ABCDCEB658BDD7994.jpg,,/product/porto-branco/5604260010202
9372,Porto tawny valadão,5604260010219,11661,11617,Garrafa de 750 ml,Valadão,,"6,39€/L","4,79€",https://cdn.intermarche.pt/pt/Content/images/boitmal/produit/zoom/D4A66B6168BE68C8DE330200CC7C0D72.jpg,,/product/porto-tawny-valadao/5604260010219
9395,Porto ruby,5604260035915,11661,11617,Garrafa de 750 ml,Valadão,,"6,39€/L","4,79€",https://cdn.intermarche.pt/pt/Content/images/boitmal/produit/zoom/0B5ED964E97B008FD2AC72D1BC722060.jpg,,/product/porto-ruby/5604260035915
11531,Vinho do porto special reserve,5601077161097,11661,11617," garrafa de 0,75 l",Velhotes,,"13,32€/L","9,99€",https://cdn.intermarche.pt/pt/Content/images/boitmal/produit/zoom/F2318B61D6931E4A6AADC37AEA607F5D.jpg,,/product/vinho-do-porto-special-reserve/5601077161097
14407,Vinho do porto dona antónia reserva branco,5601007000762,11661,11617,Garrafa de 0.75 l,Ferreira,,"17,32€/L","12,99€",https://cdn.intermarche.pt/pt/Content/images/boitmal/produit/zoom/882744032EB43B3423D3879CDDBD6E9F.jpg,,/product/vinho-do-porto-dona-antonia-reserva-branco/5601007000762
20997,Porto lágrima,5601007001349,11661,11617,Garrafa 0.75L,Ferreira,,"10,65€/L","7,99€",https://cdn.intermarche.pt/pt/Content/images/boitmal/produit/zoom/4DDE1A4944E2DE103E405B030CBAE92E.jpg,,/product/porto-lagrima/5601007001349
25929,Vinho do porto special reserve,5602660004777,11661,11617,Garrafa de 750 ml,Vista Alegre,,"23,99€/L","17,99€",https://cdn.intermarche.pt/pt/Content/images/boitmal/produit/zoom/C15B694865C748F608D6B675CC63CF61.jpg,,/product/vinho-do-porto-special-reserve/5602660004777
27593,Vinho do porto 10 anos,5601194404848,11661,11617,Garrafa de 750 ml,Souza,,"5,32€/L","3,99€",https://cdn.intermarche.pt/pt/Content/images/boitmal/produit/zoom/268A451E69BCD39D66B3E15B3A43DD1A.jpg,,/product/vinho-do-porto-10-anos/5601194404848
4974,Vinho do porto dona antónia reserva tinto,5601007001110,11661,11617,Garrafa de 0.75 l,Ferreira,,"17,32€/L","12,99€",https://cdn.intermarche.pt/pt/Content/images/boitmal/produit/zoom/81B40E34B92FB6CAFE59023DA267772D.jpg,,/product/vinho-do-porto-dona-antonia-reserva-tinto/5601007001110
4977,Porto ruby,5601007001615,11661,11617,Garrafa de 750 ml,Ferreira,,"9,32€/L","6,99€",https://cdn.intermarche.pt/pt/Content/images/boitmal/produit/zoom/9CD36C0AA94CC48AC88BC71730E5F2DA.jpg,,/product/porto-ruby/5601007001615
50069,Vinho do porto lágrima tinto,5601332000482,11661,11617,"Garrafa de 0,75L",Ramos Pinto,,"12,39€/L","9,29€",https://cdn.intermarche.pt/pt/Content/images/boitmal/produit/zoom/2A7C94ADD014BB1C64FB4F5D06EA7F2C.jpg,,/product/vinho-do-porto-lagrima-tinto/5601332000482
7294,Vinho do Porto 10 anos,3147690031505,11661,11617,"Garrafa de 0,75L c/ Caixa de Madeira",Cruz,,"23,99€/L","17,99€",https://cdn.intermarche.pt/pt/Content/images/boitmal/produit/zoom/CD7DF335D331004637774DDAAFE4C7F3.jpg,,/product/vinho-do-porto-10-anos/3147690031505
8469,"Porto, reserva",5601077161035,11661,11617," garrafa de 0,75 l",Calém,,"17,32€/L","12,99€",https://cdn.intermarche.pt/pt/Content/images/boitmal/produit/zoom/0B9A2ED64F2225CEC572B1648FE26A9D.jpg,,/product/porto-reserva/5601077161035
9373,Porto 10 anos,5604260010226,11661,11617,Garrafa de 750 ml,Valadão,,"13,32€/L","9,99€",https://cdn.intermarche.pt/pt/Content/images/boitmal/produit/zoom/F49B7537E91EA137814A60169BAE43F2.jpg,,/product/porto-10-anos/5604260010226
10883,Porto special reserva,3147690024804,11661,11617," garrafa de 0,75 l",Cruz,,"15,99€/L","11,99€",https://cdn.intermarche.pt/pt/Content/images/boitmal/produit/zoom/5412F5BAD71AEECD499C4A815F23A7D8.jpg,,/product/porto-special-reserva/3147690024804
24389,Vinho do porto finest reserve,5010867204881,11661,11617,Garrafa de 0.75 l,Dow's,,"22,65€/L","16,99€",https://cdn.intermarche.pt/pt/Content/images/boitmal/produit/zoom/1D406905E68178B28BC12F8B5B6620FD.jpg,,/product/vinho-do-porto-finest-reserve/5010867204881
4807,"Licor irish cream original, garrafa de 700 ml",5011013100156,11663,11617,,Baileys,,"27,13€/L","18,99€",https://cdn.intermarche.pt/pt/Content/images/boitmal/produit/zoom/D86C4D58A3C15111457588A90C2B618C.jpg,,/product/licor-irish-cream-original-garrafa-de-700-ml/5011013100156
8803,Ginja com frutos,5601245000159,11663,11617,Garrafa de 1 l,Albergaria,,"9,99€/L","9,99€",https://cdn.intermarche.pt/pt/Content/images/boitmal/produit/zoom/5543CF0E381EC6B096E062AB2DB6499B.jpg,,/product/ginja-com-frutos/5601245000159
12215,Licor triple seco 16%,5609131339000,11663,11617,Garrafa de 1 l,Olaias,,"8,99€/L","8,99€",https://cdn.intermarche.pt/pt/Content/images/boitmal/produit/zoom/1A2F75C92D4851D6DC37593ACAF06450.jpg,,/product/licor-triple-seco-16%25/5609131339000
3756,Licor de whisky,3250390211716,11663,11617,"Garrafa de 0,70 l",On/Off,,"9,27€/L","6,49€",https://cdn.intermarche.pt/pt/Content/images/boitmal/produit/zoom/C421CAE610F9DC7C9BD5D62626C79C74.jpg,,/product/licor-de-whisky/3250390211716
41232,Amêndoa amarga,5600702555409,11663,11617,"Garrafa de 0,70 l",Amarguinha,,"17,13€/L","11,99€",https://cdn.intermarche.pt/pt/Content/images/boitmal/produit/zoom/B4F7C1B85DEF132B8D1F311F66EB0AC6.jpg,,/product/amendoa-amarga/5600702555409
4808,Licor de café/chocolate e creme baunilha,5011013500703,11663,11617,Garrafa de 500 ml,Sheridan's,,"47,98€/L","23,99€",https://cdn.intermarche.pt/pt/Content/images/boitmal/produit/zoom/ACD2C81081316A54374457ACA1397BA7.jpg,,/product/licor-de-cafe-ou-chocolate-e-creme-baunilha/5011013500703
10561,Licor frutos tropicais,8711300776244,11663,11617,Garrafa de 700 ml,Safari,,"25,70€/L","17,99€",https://cdn.intermarche.pt/pt/Content/images/boitmal/produit/zoom/7F8BDB066EFB4940EB91F235A3327917.jpg,,/product/licor-frutos-tropicais/8711300776244
11034,Licor de coco,3250391878697,11663,11617,"Garrafa de 0,70 l",On/Off,,"12,84€/L","8,99€",https://cdn.intermarche.pt/pt/Content/images/boitmal/produit/zoom/7D37048FBE0018293A1C07C6BABCC16E.jpg,,/product/licor-de-coco/3250391878697
14712,Licor beirão,5602042201701,11663,11617,Garrafa de 700 ml,Licor Beirão,,"35,70€/L","24,99€",https://cdn.intermarche.pt/pt/Content/images/boitmal/produit/zoom/E66DD60ABDAE3B9DA9022628FC95D17F.jpg,,/product/licor-beirao/5602042201701
20649,Amêndoa amarga,5609131333015,11663,11617,"Garrafa de 0,70 l",Milbar,,"7,84€/L","5,49€",https://cdn.intermarche.pt/pt/Content/images/boitmal/produit/zoom/1FD2E3B8E0D7B45C4DFEC7DBF0A18941.jpg,,/product/amendoa-amarga/5609131333015
31586,Casal d'emilia limoncello 30º 70 cl,8414771861265,11663,11617,Garrafa de 700 ml,Casal D'Emilia,,"25,70€/L","17,99€",https://cdn.intermarche.pt/pt/Content/images/boitmal/produit/zoom/EBE0505AB04A81CD67674227A46A289A.jpg,,/product/casal-d'emilia-limoncello-30º-70-cl/8414771861265
33773,Bols goldstrike 500ml/1,8716000969484,11663,11617,Garrafa de 500 ml,Goldstrike,,"31,98€/L","15,99€",https://cdn.intermarche.pt/pt/Content/images/boitmal/produit/zoom/D0C8A5F73942C3B601D7C58CF510FB91.jpg,,/product/bols-goldstrike-500ml-ou-1/8716000969484
38130,"Licor de pastel de nata, garrafa de 700 ml",5600208583005,11663,11617,,Licor 35,,"19,99€/L","13,99€",https://cdn.intermarche.pt/pt/Content/images/boitmal/produit/zoom/89EF3891C9A54F6981D6DFCB57C28FEA.jpg,,/product/licor-de-pastel-de-nata-garrafa-de-700-ml/5600208583005
41288,Cointreau 40º /1,3035542004206,11663,11617,Garrafa de 700 ml,Cointreau,,"34,27€/L","23,99€",https://cdn.intermarche.pt/pt/Content/images/boitmal/produit/zoom/218DEA40218CEC66B2704CD1A0353735.jpg,,/product/cointreau-40º-ou-1/3035542004206
46659,Licor,6001495062577,11663,11617,Garrafa de 700 ml,Amarula,,"22,84€/L","15,99€",https://cdn.intermarche.pt/pt/Content/images/boitmal/produit/zoom/AC786F96826A4079B62450708D7763CA.jpg,,/product/licor/6001495062577
4809,"Licor irish cream, garrafa de 700 ml",5011026105223,11663,11617,,Carolans,,"21,41€/L","14,99€",https://cdn.intermarche.pt/pt/Content/images/boitmal/produit/zoom/8901B1E8807E7673FA65903608E36E0F.jpg,,/product/licor-irish-cream-garrafa-de-700-ml/5011026105223
51950,"Licor L Héritier Guyot Cassis De Dijon, garrafa de 700 ml",3104760003855,11663,11617,,L'Héritier Guyot,,"17,84€/L","12,49€",https://cdn.intermarche.pt/pt/Content/images/boitmal/produit/zoom/90BA8C92998410E0D659A53DBA500164.jpg,,/product/licor-l-heritier-guyot-cassis-de-dijon-garrafa-de-700-ml/3104760003855
8804,Ponche,5601245160013,11663,11617,Garrafa de 1 l,Albergaria,,"9,99€/L","9,99€",https://cdn.intermarche.pt/pt/Content/images/boitmal/produit/zoom/EB8F757DE4F24FD48B20605D51B3D62F.jpg,,/product/ponche/5601245160013
9749,Ginja serra estrela,5604597000808,11663,11617,Garrafa de 700 ml,Zimbro,,"12,84€/L","8,99€",https://cdn.intermarche.pt/pt/Content/images/boitmal/produit/zoom/AF288964F1C5443C7F3DAB98413F7E65.jpg,,/product/ginja-serra-estrela/5604597000808
9790,Ginja extra com frutos de obidos,5606314012347,11663,11617,Garrafa de 700 ml,Vila das Rainhas,,"25,70€/L","17,99€",https://cdn.intermarche.pt/pt/Content/images/boitmal/produit/zoom/67CF81E5E2DE9B10D6303E13941EAF9D.jpg,,/product/ginja-extra-com-frutos-de-obidos/5606314012347
22657,"Licor de ginja ""mariquinhas"" 0,70l sem fruto",5606530220243,11663,11617,Garrafa de 700 ml,Mariquinha,,"21,41€/L","14,99€",https://cdn.intermarche.pt/pt/Content/images/boitmal/produit/zoom/BD9BD32FE7F5C3FE32947C3905A2B206.jpg,,"/product/licor-de-ginja-""mariquinhas""-070l-sem-fruto/5606530220243"
34791,Licor,8716000968869,11663,11617,Garrafa de 700 ml,Pisang Ambon,,"22,84€/L","15,99€",https://cdn.intermarche.pt/pt/Content/images/boitmal/produit/zoom/58B2EE97190DACA68F5715B2FFBD8AF2.jpg,,/product/licor/8716000968869
35805,Licor get 27 original,3020881641106,11663,11617,Garrafa de 0.70 l,Get 27,,"24,99€/L","17,49€",https://cdn.intermarche.pt/pt/Content/images/boitmal/produit/zoom/0C08D79A34344DFB75DA2CBD7F5B0385.jpg,,/product/licor-get-27-original/3020881641106
49793,Macieira cream 70cl,5604422183249,11664,11617,Garrafa de 700 ml,Macieira,,"20,70€/L","14,49€",https://cdn.intermarche.pt/pt/Content/images/boitmal/produit/zoom/A1DED700514E3DBB5450F3CA76197AAA.jpg,2024-09-25T22:59:59.999Z,/product/macieira-cream-70cl/5604422183249
44684,"Aperol, garrafa de 700 ml",8002230000302,11664,11617,,Aperol,,"24,27€/L","16,99€",https://cdn.intermarche.pt/pt/Content/images/boitmal/produit/zoom/15FD0B1F6435638ED67E41E843B15949.jpg,,/product/aperol-garrafa-de-700-ml/8002230000302
35937,Vermute rosso,7630040400015,11664,11617,Garrafa de 0.75 l,Martini,,"14,25€/L","10,69€",https://cdn.intermarche.pt/pt/Content/images/boitmal/produit/zoom/19065FE3CEC05530CA61F030D50DDBD5.jpg,,/product/vermute-rosso/7630040400015
7287,Pastis,3250390457596,11664,11617,Garrafa de 700 ml,Pastouret,,"19,99€/L","13,99€",https://cdn.intermarche.pt/pt/Content/images/boitmal/produit/zoom/E23A229D6FF5097916A9624B969DB9D0.jpg,,/product/pastis/3250390457596
32330,Martini Riserva Rubino,5010677633581,11664,11617,Garrafa de 750 ml,Martini,,"23,99€/L","17,99€",https://cdn.intermarche.pt/pt/Content/images/boitmal/produit/zoom/04548E22B864CE1EE3F93136EDE53E1C.jpg,,/product/martini-riserva-rubino/5010677633581
7311,Aperitivo de anis,3163937011000,11664,11617,Garrafa de 700 ml,Ricard,,"25,70€/L","17,99€",https://cdn.intermarche.pt/pt/Content/images/boitmal/produit/zoom/C1448AACF8FF0F0D0CE67B8412C66C87.jpg,,/product/aperitivo-de-anis/3163937011000
30747,Creme de cassis,3250392496395,11664,11617,Garrafa de 700 ml,Perrault Dabot,,"11,41€/L","7,99€",https://cdn.intermarche.pt/pt/Content/images/boitmal/produit/zoom/05CD38039BB8DFBD53A62AF69265662B.jpg,,/product/creme-de-cassis/3250392496395
5279,Vodka preta,5601168777787,11665,11618,Garrafa de 700 ml,Dinasty,,"8,56€/L","5,99€",https://cdn.intermarche.pt/pt/Content/images/boitmal/produit/zoom/A1214CCEA998C0CB41AA633AF1C76C16.jpg,2024-09-25T22:59:59.999Z,/product/vodka-preta/5601168777787
11628,Vodka red,5601168556955,11665,11618,"Garrafa de 0,70 l",Dinasty,,"8,56€/L","5,99€",https://cdn.intermarche.pt/pt/Content/images/boitmal/produit/zoom/5EC493C8C143A8E5F6042422002BDF4D.jpg,2024-09-25T22:59:59.999Z,/product/vodka-red/5601168556955
8201,Vodka red,5410316671118,11665,11618,Garrafa de 700 ml,Smirnoff,,"22,13€/L","15,49€",https://cdn.intermarche.pt/pt/Content/images/boitmal/produit/zoom/59262146BC147F7F7C3FBD58179F6F3B.jpg,,/product/vodka-red/5410316671118
6413,Vodka  (37. 5º),8410414000466,11665,11618,Garrafa de 700 ml,Eristoff,,"21,41€/L","14,99€",https://cdn.intermarche.pt/pt/Content/images/boitmal/produit/zoom/EACFE06B6E28FF48CF5A7F38CA25EAB9.jpg,,/product/vodka-(37.-5º)/8410414000466
9867,Vodka,7312040017683,11665,11618,Garrafa de 700 ml,Absolut Blue,,"27,13€/L","18,99€",https://cdn.intermarche.pt/pt/Content/images/boitmal/produit/zoom/70C19969B732E4CBA3FD5FEAA7AEF224.jpg,,/product/vodka/7312040017683
16793,Vodka,3250390706380,11665,11618,Garrafa 0.70L,On/Off,,"17,13€/L","11,99€",https://cdn.intermarche.pt/pt/Content/images/boitmal/produit/zoom/AB177C715370EA2C04FA54F1ABC040DD.jpg,,/product/vodka/3250390706380
22309,Vodka black,5010677801553,11665,11618,Garrafa de 700 ml,Eristoff,,"21,99€/L","15,39€",https://cdn.intermarche.pt/pt/Content/images/boitmal/produit/zoom/368E73E793EBD5A390EB755AEAE666C6.jpg,,/product/vodka-black/5010677801553
22535,Vodka,4750021001109,11665,11618,Garrafa de 700 ml,Moskovskay,,"17,13€/L","11,99€",https://cdn.intermarche.pt/pt/Content/images/boitmal/produit/zoom/BBA0FB3483D8BB04E7C752D9FA52AAC1.jpg,,/product/vodka/4750021001109
47077,Vodka Pink,7610113014448,11665,11618,Garrafa de 700 ml,Eristoff,,"21,99€/L","15,39€",https://cdn.intermarche.pt/pt/Content/images/boitmal/produit/zoom/48239E584E957978D25FCB47B710B949.jpg,,/product/vodka-pink/7610113014448
8202,Vodka ice,5410316983693,11665,11618,"Garrafa de 27,5 cl",Smirnoff,,"7,24€/L","1,99€",https://cdn.intermarche.pt/pt/Content/images/boitmal/produit/zoom/BAE28545DF698CFEED8B8E61E1040F93.jpg,,/product/vodka-ice/5410316983693
5277,Vodka,5601168773307,11665,11618,Garrafa de 700 ml,Dinasty,,"11,41€/L","7,99€",https://cdn.intermarche.pt/pt/Content/images/boitmal/produit/zoom/3D50D15C4DD5F1513A694473EE5616CA.jpg,,/product/vodka/5601168773307
14165,Whiskey bourbon,5099873090473,11666,11618,Garrafa de 700 ml,Jack Daniel's,,"36,56€/L","25,59€",https://cdn.intermarche.pt/pt/Content/images/boitmal/produit/zoom/1C68A9CA0085F370C66B536F41B373C8.jpg,,/product/whiskey-bourbon/5099873090473
17826,Whisky,5010103800259,11666,11618,Garrafa de 700 ml,J&B,,"24,27€/L","16,99€",https://cdn.intermarche.pt/pt/Content/images/boitmal/produit/zoom/C5D8E4CAE5206D7D41BE32BE097C2398.jpg,,/product/whisky/5010103800259
14083,Whisky 12 anos,0080432402931,11666,11618,Garrafa de 700 ml,Chivas,,"53,56€/L","37,49€",https://cdn.intermarche.pt/pt/Content/images/boitmal/produit/zoom/06901DC18F3C0CC745A5C345CEFC045F.jpg,,/product/whisky-12-anos/0080432402931
4805,Whisky,5010752000307,11666,11618,Garrafa de 700 ml,William Lawson's,,"23,84€/L","16,69€",https://cdn.intermarche.pt/pt/Content/images/boitmal/produit/zoom/0479E1D2D757B75364EAB8B8F222652A.jpg,,/product/whisky/5010752000307
34115,Whisky,5010504100095,11666,11618,Garrafa de 700 ml,Cutty Sark,,"21,41€/L","14,99€",https://cdn.intermarche.pt/pt/Content/images/boitmal/produit/zoom/9B85EBCB983A904EEA1880D89219CCDE.jpg,,/product/whisky/5010504100095
4766,Whisky red label,5000267014203,11666,11618,Garrafa de 700 ml,Johnnie Walker,,"28,56€/L","19,99€",https://cdn.intermarche.pt/pt/Content/images/boitmal/produit/zoom/E7B7ACB8EDA513F70CC008282AE3BA07.jpg,,/product/whisky-red-label/5000267014203
4791,Whisky 15 anos c/caixa,5010103803403,11666,11618,Garrafa de 700 ml,J&B,,"42,56€/L","29,79€",https://cdn.intermarche.pt/pt/Content/images/boitmal/produit/zoom/D58AB28D44F2BE50CF940E905EE29975.jpg,,/product/whisky-15-anos-c-ou-caixa/5010103803403
4795,Whisky,5010327000404,11666,11618,Garrafa de 700 ml,Grant's,,"24,27€/L","16,99€",https://cdn.intermarche.pt/pt/Content/images/boitmal/produit/zoom/95EB819153F3A100F26D280DB7C7237D.jpg,,/product/whisky/5010327000404
4849,Whisky Bourbon Honey,5099873001370,11666,11618,"Garrafa de 0,70 l",Jack Daniel's,,"36,56€/L","25,59€",https://cdn.intermarche.pt/pt/Content/images/boitmal/produit/zoom/F366126535D53535BA758F18F1BD5667.jpg,,/product/whisky-bourbon-honey/5099873001370
49434,Whisky,5011007020620,11666,11618,Garrafa de 700 ml,Jameson,,"32,13€/L","22,49€",https://cdn.intermarche.pt/pt/Content/images/boitmal/produit/zoom/BCB4625D1D19D00F81B1280D9FDB06C0.jpg,,/product/whisky/5011007020620
7394,Whisky,3250390426134,11666,11618,Garrafa de 700 ml,Highland Cross,,"11,84€/L","8,29€",https://cdn.intermarche.pt/pt/Content/images/boitmal/produit/zoom/CFF106DCE5209A913D2D5518B46A2715.jpg,,/product/whisky/3250390426134
11327,Whisky,5010327000497,11666,11618,Garrafa de 1 l,Grant's,,"21,99€/L","21,99€",https://cdn.intermarche.pt/pt/Content/images/boitmal/produit/zoom/AF6C315A91374CA3CB5EFF38A358BB04.jpg,,/product/whisky/5010327000497
22003,Whisky Golden Selection,5000281037479,11666,11618,"Garrafa de 0,70L",Dimple,,"57,13€/L","39,99€",https://cdn.intermarche.pt/pt/Content/images/boitmal/produit/zoom/B52F326CCBDC7D9FF29A2E655B043111.jpg,,/product/whisky-golden-selection/5000281037479
26952,Whisky Swing,5000267054063,11666,11618,"Garrafa de 0,70 l",Johnnie Walker,,"75,70€/L","52,99€",https://cdn.intermarche.pt/pt/Content/images/boitmal/produit/zoom/6E65386A526C2F4FD526F0FE62D13F8B.jpg,,/product/whisky-swing/5000267054063
27317,Whisky black bush,5055966810069,11666,11618,Garrafa de 700 ml,Bushmills,,"35,70€/L","24,99€",https://cdn.intermarche.pt/pt/Content/images/boitmal/produit/zoom/8B930573CF0DD837C8C2110EB5612F02.jpg,,/product/whisky-black-bush/5055966810069
27318,Whisky 10 anos,5055966820037,11666,11618,Garrafa de 700 ml,Bushmills,,"59,99€/L","41,99€",https://cdn.intermarche.pt/pt/Content/images/boitmal/produit/zoom/1CEE186077E43E43AF0AE67DEFFEB0D8.jpg,,/product/whisky-10-anos/5055966820037
27680,Whisky caskmates,5011007025410,11666,11618,Garrafa de 700 ml,Jameson,,"39,99€/L","27,99€",https://cdn.intermarche.pt/pt/Content/images/boitmal/produit/zoom/78EBFE3CA50DD6EE6AB9F3D5AA083BE8.jpg,,/product/whisky-caskmates/5011007025410
27873,Whisky Malt c/ Tubo,3250392272654,11666,11618,Garrafa de 0.70 l,Glen Crinan,,"27,13€/L","18,99€",https://cdn.intermarche.pt/pt/Content/images/boitmal/produit/zoom/727CE86E3DE16DA970FEB64B21DB28A4.jpg,,/product/whisky-malt-c-ou-tubo/3250392272654
31945,Whisky Gold,5000267125480,11666,11618,0.70 l,Cardhu,,"61,41€/L","42,99€",https://cdn.intermarche.pt/pt/Content/images/boitmal/produit/zoom/F4F2F08FFC099A72A439EA144AE33CE5.jpg,,/product/whisky-gold/5000267125480
32957,Jameson caskmates ipa 70cl,5011007025960,11666,11618,Garrafa de 700 ml,Jameson,,"39,99€/L","27,99€",https://cdn.intermarche.pt/pt/Content/images/boitmal/produit/zoom/B5F1FA2BBC957F369B2844F85BD0B5C2.jpg,,/product/jameson-caskmates-ipa-70cl/5011007025960
34280,Whisky,3250392258634,11666,11618,Garrafa de 700 ml,Glen Crinan,,"17,13€/L","11,99€",https://cdn.intermarche.pt/pt/Content/images/boitmal/produit/zoom/DE2B615ACC64FC178785C5AC60BB62C1.jpg,,/product/whisky/3250392258634
34283,Whisky 12 anos black label,5000267024202,11666,11618,Garrafa de 700 ml,Johnnie Walker,,"52,84€/L","36,99€",https://cdn.intermarche.pt/pt/Content/images/boitmal/produit/zoom/4EB0074B6DAECC39D1BA97D86B222EBE.jpg,,/product/whisky-12-anos-black-label/5000267024202
35298,Whisky,5010314101015,11666,11618,Garrafa de 1 litro,The Famous Grouse,,"23,99€/L","23,99€",https://cdn.intermarche.pt/pt/Content/images/boitmal/produit/zoom/CDA22189190DA2898A4957A44469770B.jpg,,/product/whisky/5010314101015
36868,Whisky gold heritage,5060116321906,11666,11618,"Garrafa de 0,70 l",Label 5,,"32,13€/L","22,49€",https://cdn.intermarche.pt/pt/Content/images/boitmal/produit/zoom/CDDD9CF7A854F174AEF3517A8F63E47D.jpg,,/product/whisky-gold-heritage/5060116321906
45134,"Whisky Tennessee Apple, garrafa de 0,70 l",5099873017623,11666,11618,,Jack Daniel's,,"36,56€/L","25,59€",https://cdn.intermarche.pt/pt/Content/images/boitmal/produit/zoom/1643C9AA17D63663B3E7805C671177BB.jpg,,/product/whisky-tennessee-apple-garrafa-de-070-l/5099873017623
45731,Whisky 12 anos,5010327135007,11666,11618,Garrafa de 0.70 l,Grant's,,"44,27€/L","30,99€",https://cdn.intermarche.pt/pt/Content/images/boitmal/produit/zoom/088002183539AD2CF5770E97369D386F.jpg,,/product/whisky-12-anos/5010327135007
46191,Whisky Caribbean Smooth,7640171033730,11666,11618,Garrafa de 700 ml,Dewar's,,"32,84€/L","22,99€",https://cdn.intermarche.pt/pt/Content/images/boitmal/produit/zoom/9B5A2E14F2E8DFB67B49FACFBE74FD01.jpg,,/product/whisky-caribbean-smooth/7640171033730
4765,Whisky heritage blend,5000265090209,11666,11618,Garrafa de 700 ml,Logan,,"34,27€/L","23,99€",https://cdn.intermarche.pt/pt/Content/images/boitmal/produit/zoom/B145A5BE54CD439A7B827F3AD2F6A0FE.jpg,,/product/whisky-heritage-blend/5000265090209
4768,Whisky vat 69,5000292261115,11666,11618,Garrafa de 700 ml,VAT 69,,"20,99€/L","14,69€",https://cdn.intermarche.pt/pt/Content/images/boitmal/produit/zoom/297EAE58952B22F8D15942155E79434A.jpg,,/product/whisky-vat-69/5000292261115
8014,Whisky 12 anos,5000281004020,11666,11618,Embalagem de 1 l,Old Parr,,"59,99€/L","59,99€",https://cdn.intermarche.pt/pt/Content/images/boitmal/produit/zoom/8332463531C403E6DC59EF153EF529B9.jpg,,/product/whisky-12-anos/5000281004020
8015,Whisky,5000299210048,11666,11618,Garrafa de 700 ml,Passport,,"19,99€/L","13,99€",https://cdn.intermarche.pt/pt/Content/images/boitmal/produit/zoom/ADF8A44A4B2B023D48329504375E5AD7.jpg,,/product/whisky/5000299210048
8053,"Irish whiskey select reserva 12 anos, garrafa de 700 ml",5011007024000,11666,11618,,Jameson,,"49,99€/L","34,99€",https://cdn.intermarche.pt/pt/Content/images/boitmal/produit/zoom/184517DDF11EB09DA9CC329B5E4132DF.jpg,,/product/irish-whiskey-select-reserva-12-anos-garrafa-de-700-ml/5011007024000
31114,Whisky malte 12 anos,5010327000176,11666,11618,Garrafa de 700 ml,Glenfiddich,,"71,41€/L","49,99€",https://cdn.intermarche.pt/pt/Content/images/boitmal/produit/zoom/A14B0AC6F4BDF088D60E81B5551E556C.jpg,,/product/whisky-malte-12-anos/5010327000176
45135,Whisky Tennessee Fire,5099873006504,11666,11618,"Garrafa de 0,70 l",Jack Daniel's,,"36,56€/L","25,59€",https://cdn.intermarche.pt/pt/Content/images/boitmal/produit/zoom/7979E693A048256C3F43BBA7C2B5F4BD.jpg,,/product/whisky-tennessee-fire/5099873006504
20242,Espumante cava bruto,8410036039295,11667,11618,pack 3 x 200 ml,Freixenet,,"16,65€/L","9,99€",https://cdn.intermarche.pt/pt/Content/images/boitmal/produit/zoom/4974140A68AFB6FFC1BC5BE4BCFD46F7.jpg,2024-10-02T22:59:59.999Z,/product/espumante-cava-bruto/8410036039295
3819,Tequila,3250390727002,11667,11618,Garrafa de 70 cl,On/Off,,"22,84€/L","15,99€",https://cdn.intermarche.pt/pt/Content/images/boitmal/produit/zoom/997FF584E2D23FD608B64329027568B1.jpg,,/product/tequila/3250390727002
21349,Vermute rosso,3011932000805,11667,11618,Garrafa de 1 l,Martini,,"12,99€/L","12,99€",https://cdn.intermarche.pt/pt/Content/images/boitmal/produit/zoom/FC8A59FA07229CD8C8A2D995DE31196C.jpg,,/product/vermute-rosso/3011932000805
16329,Rum Spiced,5000299223017,11667,11618,"Garrafa de 0,70L",Captain Morgan,,"25,70€/L","17,99€",https://cdn.intermarche.pt/pt/Content/images/boitmal/produit/zoom/E4C5AA879DD286612B9B0EA538FAE2E1.jpg,,/product/rum-spiced/5000299223017
18379,Rum carta blanca,5010677012973,11667,11618,Garrafa de 700 ml,Bacardi,,"27,13€/L","18,99€",https://cdn.intermarche.pt/pt/Content/images/boitmal/produit/zoom/FBBDE3F686734499C0D7844899ED1A5C.jpg,,/product/rum-carta-blanca/5010677012973
38274,Rum spiced,7610113007518,11667,11618,Garrafa de 700 ml,Bacardi,,"27,13€/L","18,99€",https://cdn.intermarche.pt/pt/Content/images/boitmal/produit/zoom/270EEE3D99330E90A15814A60473EAA9.jpg,,/product/rum-spiced/7610113007518
6301,Rhum com coco,8410024700015,11667,11618,Garrafa de 700 ml,Malibu,,"25,41€/L","17,79€",https://cdn.intermarche.pt/pt/Content/images/boitmal/produit/zoom/679306170757FBDDED74E4D7EF4E60D9.jpg,,/product/rhum-com-coco/8410024700015
21350,Vermute bianco,3011932000829,11667,11618,Garrafa de 1 l,Martini,,"12,99€/L","12,99€",https://cdn.intermarche.pt/pt/Content/images/boitmal/produit/zoom/B412951C8A9A85673751CE7B1D2CB1AF.jpg,,/product/vermute-bianco/3011932000829
9983,Cachaça,7896050200377,11667,11618,Garrafa de 70 cl,Velho do Barreiro,,"17,13€/L","11,99€",https://cdn.intermarche.pt/pt/Content/images/boitmal/produit/zoom/25D67538CCF54BF34A5E5AE83E8B722D.jpg,,/product/cachaca/7896050200377
12491,Rum anejo especial,8501110080927,11667,11618,Garrafa de 700 ml,Havana,,"32,13€/L","22,49€",https://cdn.intermarche.pt/pt/Content/images/boitmal/produit/zoom/F2D6DA98F1CBDCDA5688671ED6AFFA5B.jpg,,/product/rum-anejo-especial/8501110080927
26785,Cocktail melão,4001744045810,11667,11618,Garrafa de 750 ml,Bar Royal,,"5,72€/L","4,29€",https://cdn.intermarche.pt/pt/Content/images/boitmal/produit/zoom/ABABE350E885C884AFC52C26A057B6DF.jpg,,/product/cocktail-melao/4001744045810
26786,Cocktail pessego,4001744067416,11667,11618,Garrafa de 750 ml,Bar Royal,,"5,72€/L","4,29€",https://cdn.intermarche.pt/pt/Content/images/boitmal/produit/zoom/E40DD81337ADA58BD0F67B8784E6D7D8.jpg,,/product/cocktail-pessego/4001744067416
49940,Cachaça,5604260314614,11667,11618,700 ml,Alma pura,,"14,27€/L","9,99€",https://cdn.intermarche.pt/pt/Content/images/boitmal/produit/zoom/D4AFD3356E986C65D4946B93FD3DF69A.jpg,,/product/cachaca/5604260314614
9980,Pirassununga (38º),7896002100441,11667,11618,Garrafa de 700 ml,Cachaca 51,,"17,99€/L","12,59€",https://cdn.intermarche.pt/pt/Content/images/boitmal/produit/zoom/8CDFBE2C1FE2E674DD41BDD47F8DA104.jpg,,/product/pirassununga-(38º)/7896002100441
22300,Rum limon,5010677048071,11667,11618,Garrafa de 700 ml,Bacardi,,"27,13€/L","18,99€",https://cdn.intermarche.pt/pt/Content/images/boitmal/produit/zoom/95105CF41FA1F154A1DDE1D34D5359A5.jpg,,/product/rum-limon/5010677048071
33755,Mojito,7610113000175,11667,11618,Garrafa de 0.70 l,Bacardi,,"21,84€/L","15,29€",https://cdn.intermarche.pt/pt/Content/images/boitmal/produit/zoom/91CC3A22F2DE15BBB153E07FD1ECD601.jpg,,/product/mojito/7610113000175
38242,Vermute bianco,7630040401012,11667,11618,Garrafa de 0.75 l,Martini,,"14,12€/L","10,59€",https://cdn.intermarche.pt/pt/Content/images/boitmal/produit/zoom/4849DD9AD9D537402EAA69B7FDD597EF.jpg,,/product/vermute-bianco/7630040401012
40088,"Martini fiero, garrafa de 750 ml",7630040400268,11667,11618,,Martini,,"16,79€/L","12,59€",https://cdn.intermarche.pt/pt/Content/images/boitmal/produit/zoom/07EFCED141F919BA556F2F378B153E07.jpg,,/product/martini-fiero-garrafa-de-750-ml/7630040400268
10547,Rum 3 anos havan club (40º),8501110080231,11667,11618,Garrafa de 700 ml,Havana,,"26,84€/L","18,79€",https://cdn.intermarche.pt/pt/Content/images/boitmal/produit/zoom/E76B869426E486C7A16F8F59FEB843A8.jpg,,/product/rum-3-anos-havan-club-(40º)/8501110080231
51860,"Cocktail Caipirão, lata de 250 ml",5602042100257,11667,11618,,Licor Beirão,,"9,96€/L","2,49€",https://cdn.intermarche.pt/pt/Content/images/boitmal/produit/zoom/45B2B86EDB2CCF84982198A8761F4772.jpg,,/product/cocktail-caipirao-lata-de-250-ml/5602042100257
34284,Gin,5000281015248,11668,11618,Garrafa de 700 ml,Tanqueray,,"35,70€/L","24,99€",https://cdn.intermarche.pt/pt/Content/images/boitmal/produit/zoom/A372B705B0FA25C22890986F5742850A.jpg,,/product/gin/5000281015248
14470,Gin dry,5000289925440,11668,11618,Garrafa de 700 ml,Gordons,,"24,84€/L","17,39€",https://cdn.intermarche.pt/pt/Content/images/boitmal/produit/zoom/FA33DEB6B75883A87B0823AC27BED0EE.jpg,,/product/gin-dry/5000289925440
8047,Gin sapphire,5010677714006,11668,11618,"Garrafa de 0,70L",Bombay,,"36,70€/L","25,69€",https://cdn.intermarche.pt/pt/Content/images/boitmal/produit/zoom/921865B5EC010D1B9671AEBD4E6F3212.jpg,,/product/gin-sapphire/5010677714006
25317,Gin pink,5000289929417,11668,11618,Garrafa de 700 ml,Gordons,,"28,41€/L","19,89€",https://cdn.intermarche.pt/pt/Content/images/boitmal/produit/zoom/0F56757DBC906CD8543AA1D2C69BBA86.jpg,,/product/gin-pink/5000289929417
14964,Gin london dry 40,0897076002010,11668,11618,Embalagem de 0.70L,Bulldog,,"42,84€/L","29,99€",https://cdn.intermarche.pt/pt/Content/images/boitmal/produit/zoom/A8745F6685EF75C3E5A0E785428D0157.jpg,,/product/gin-london-dry-40/0897076002010
15612,Gin dry beefeater,5000329002209,11668,11618,Garrafa de 700 ml,Beefeater,,"27,84€/L","19,49€",https://cdn.intermarche.pt/pt/Content/images/boitmal/produit/zoom/647450EEA605FE861EC11DD69E3131FD.jpg,,/product/gin-dry-beefeater/5000329002209
18860,Gin dry,3147690060703,11668,11618,Garrafa de 700 ml,Gibson's,,"18,27€/L","12,79€",https://cdn.intermarche.pt/pt/Content/images/boitmal/produit/zoom/356BCF7639C2931C45526A98D695FA83.jpg,,/product/gin-dry/3147690060703
49966,Gin pressé,7640175744168,11668,11618,Garrafa de 700 ml,Bombay,,"39,99€/L","27,99€",https://cdn.intermarche.pt/pt/Content/images/boitmal/produit/zoom/BCDBC53DC6948E6C3C1935BA2A4EBF85.jpg,,/product/gin-presse/7640175744168
52829,"Gin Black, garrafa de 700 ml",5000299634493,11668,11618,,Beefeater,,"36,41€/L","25,49€",https://cdn.intermarche.pt/pt/Content/images/boitmal/produit/zoom/8882B7BE4919640EC13F7CF28D867A8E.jpg,,/product/gin-black-garrafa-de-700-ml/5000299634493
14702,Gin premium hendricks 0.70l,5010327755014,11668,11618,Garrafa de 700 ml,Hendricks,,"55,56€/L","38,89€",https://cdn.intermarche.pt/pt/Content/images/boitmal/produit/zoom/D22E7B547237FE15A90109E1A226E00E.jpg,,/product/gin-premium-hendricks-0.70l/5010327755014
16328,Gin Ten Premium,5000281020761,11668,11618,Garrafa de 0.70L,Tanqueray,,"62,84€/L","43,99€",https://cdn.intermarche.pt/pt/Content/images/boitmal/produit/zoom/992706F26FCC88159FBF9F301D33DA2E.jpg,,/product/gin-ten-premium/5000281020761
18188,Gin Beefeater Light,5000299618981,11668,11618,"Garrafa de 0,70 l",Beefeater,,"27,13€/L","18,99€",https://cdn.intermarche.pt/pt/Content/images/boitmal/produit/zoom/0B49B9F35488B6D888DD84876781930C.jpg,,/product/gin-beefeater-light/5000299618981
21661,Irish whiskey original,5055966800022,11668,11618,Garrafa de 700 ml,Bushmills,,"28,56€/L","19,99€",https://cdn.intermarche.pt/pt/Content/images/boitmal/produit/zoom/74582FB0E0761B0FD5EEC3EE00FF6FF6.jpg,,/product/irish-whiskey-original/5055966800022
21977,Gin Premium |Blue Magic,5600267173063,11668,11618,"Embalagem de 0,50L + Oferta 1 Copo",Sharish,,"42,84€/L","29,99€",https://cdn.intermarche.pt/pt/Content/images/boitmal/produit/zoom/717CD6E7FFA3536AA1034A1357832C22.jpg,,/product/gin-premium-|blue-magic/5600267173063
30529,Beefeater «pink»  70cl,5000299605950,11668,11618,Garrafa de 700 ml,Beefeater,,"31,99€/L","22,39€",https://cdn.intermarche.pt/pt/Content/images/boitmal/produit/zoom/A72F0C236A65DAD9C4F7F18E818AECE1.jpg,,/product/beefeater-«pink»-70cl/5000299605950
30530,Beefeater 24              70cl,5000299605004,11668,11618,Garrafa de 700 ml,Beefeater,,"49,99€/L","34,99€",https://cdn.intermarche.pt/pt/Content/images/boitmal/produit/zoom/CCA3B8D8F71616EF5D9388B1450FE76E.jpg,,/product/beefeater-24-70cl/5000299605004
32958,Gin Sevilha,5000291023462,11668,11618,Garrafa de 0.70 l,Tanqueray,,"13,32€/L","9,99€",https://cdn.intermarche.pt/pt/Content/images/boitmal/produit/zoom/967CC4773464747022ADFDA478A92DE3.jpg,,/product/gin-sevilha/5000291023462
41824,Gin dry bombay bramble,7640175742522,11668,11618,Garrafa de 700 ml,Bombay,,"35,70€/L","24,99€",https://cdn.intermarche.pt/pt/Content/images/boitmal/produit/zoom/31BD9A23259880728BC3B896DF1B2BAF.jpg,,/product/gin-dry-bombay-bramble/7640175742522
49403,Gin zesty lemon,5000299634295,11668,11618,Garrafa de 700 ml,Beefeater,,"31,27€/L","21,89€",https://cdn.intermarche.pt/pt/Content/images/boitmal/produit/zoom/9C059C3741A9C1CCD8068EE3AA3F741E.jpg,,/product/gin-zesty-lemon/5000299634295
49734,Beefeater pink & tonic,5000299618448,11668,11618,Garrafa de 250 ml,Beefeater,,"11,96€/L","2,99€",https://cdn.intermarche.pt/pt/Content/images/boitmal/produit/zoom/A8601D72AF5E922B340D018F99D6E389.jpg,,/product/beefeater-pink-&-tonic/5000299618448
50070,Gin Sicilian Lemon,5000289932479,11668,11618,Garrafa de 1 l,Gordons,,"19,89€/L","19,89€",https://cdn.intermarche.pt/pt/Content/images/boitmal/produit/zoom/736ABFEECE19F3BA3C50ED741EDF56DF.jpg,,/product/gin-sicilian-lemon/5000289932479
8039,Whisky original,5010314700003,11668,11618,Garrafa de 700 ml,The Famous Grouse,,"28,56€/L","19,99€",https://cdn.intermarche.pt/pt/Content/images/boitmal/produit/zoom/F261A6493FB3F529D11343DF0C5C25C4.jpg,,/product/whisky-original/5010314700003
7354,Gin London Dry,3250390031918,11668,11618,Garrafa 0.70L,On/Off,,"14,27€/L","9,99€",https://cdn.intermarche.pt/pt/Content/images/boitmal/produit/zoom/5ED474A8F60BD5C315AEFA20A6CEFAE7.jpg,,/product/gin-london-dry/3250390031918
31905,Gin blue magic c/ oferta de copo,5600267173032,11668,11618,500 ml,Sharish,,"59,98€/L","29,99€",https://cdn.intermarche.pt/pt/Content/images/boitmal/produit/zoom/4DC79A6FC5C3AA043D662DACB493F167.jpg,,/product/gin-blue-magic-c-ou-oferta-de-copo/5600267173032
