Product ID,Title,EAN,Family ID,Department ID,Packaging,Brand,Category,Price,Price Per Unit,Image URL,Promo End,Product URL
54321,"Pasta De Dentes Tripla Ação, 100ml",8718951477957,10471,10069,,Colgate,,"19,50€/L","1,95€",https://cdn.intermarche.pt/pt/Content/images/boitmal/produit/zoom/6A66738B64F04C4649C8E34FD10D1AE8.jpg,2024-10-04T22:59:59.999Z,/product/pasta-de-dentes-tripla-acao-100ml/8718951477957
46730,Dentífrico cuidado extra fresco,5054563049063,10471,10069,Embalagem de 75 ml,Parodontax,,"63,87€/L","4,79€",https://cdn.intermarche.pt/pt/Content/images/boitmal/produit/zoom/C56C41AD87E833591F33AC729652E2B6.jpg,2024-09-25T22:59:59.999Z,/product/dentifrico-cuidado-extra-fresco/5054563049063
11392,Dentífrico Complete Elixir e Branqueador,5410076960651,10471,10069,Embalagem de 75 ml,Oral B,,"29,87€/L","2,24€",https://cdn.intermarche.pt/pt/Content/images/boitmal/produit/zoom/E0FA37D23E4C3314DFC0B99006F5FE34.jpg,2024-09-25T22:59:59.999Z,/product/dentifrico-complete-elixir-e-branqueador/5410076960651
28640,Dentífrico Tripla Proteção,5054563030948,10471,10069,Embalagem de 75 ml,Aquafresh,,"23,87€/L","1,79€",https://cdn.intermarche.pt/pt/Content/images/boitmal/produit/zoom/2F0758EC50E92354A2691A9D74801B48.jpg,2024-09-25T22:59:59.999Z,/product/dentifrico-tripla-protecao/5054563030948
45773,"Pasta dentífrica eucalipto, lima e menta",5054563087829,10471,10069,Embalagem de 75ml,Aquafresh,,"24,67€/L","1,85€",https://cdn.intermarche.pt/pt/Content/images/boitmal/produit/zoom/9BD714E3A534CEE4C22E5ACF847E84CE.jpg,2024-09-25T22:59:59.999Z,/product/pasta-dentifrica-eucalipto-lima-e-menta/5054563087829
45774,"Pasta dentífrica toranja, limão e menta",5054563107800,10471,10069,Embalagem de 75ml,Aquafresh,,"24,67€/L","1,85€",https://cdn.intermarche.pt/pt/Content/images/boitmal/produit/zoom/14337ACDA5395CC2FA0C709CC7D82E7C.jpg,2024-09-25T22:59:59.999Z,/product/pasta-dentifrica-toranja-limao-e-menta/5054563107800
45883,Dentifrico max white  cristais brancos,8718951315365,10471,10069,Embalagem 75 ml,Colgate,,"26,53€/L","1,99€",https://cdn.intermarche.pt/pt/Content/images/boitmal/produit/zoom/4E172F27888BCC4326288509CC9468FE.jpg,2024-09-25T22:59:59.999Z,/product/dentifrico-max-white-cristais-brancos/8718951315365
46509,Dentífrico Pro-Expert Proteção Profissional,8001841811963,10471,10069,Embalagem de 75 ml,Oral B,,"39,87€/L","2,99€",https://cdn.intermarche.pt/pt/Content/images/boitmal/produit/zoom/E636154D7C9B191D1E1EEEB8C6AE6960.jpg,2024-10-04T22:59:59.999Z,/product/dentifrico-pro-expert-protecao-profissional/8001841811963
53667,Pasta de Dentes Multiprotection Branqueadora,5054563109705,10471,10069,Embalagem de 75ml,Sensodyne,,"52,53€/L","3,94€",https://cdn.intermarche.pt/pt/Content/images/boitmal/produit/zoom/4ECD05DE4F9A66A4E1002721FFFE0E09.jpg,2024-09-25T22:59:59.999Z,/product/pasta-de-dentes-multiprotection-branqueadora/5054563109705
54320,"Pasta De Dentes Maximum Caries Protection, 100ml",8718951559721,10471,10069,,Colgate,,"19,50€/L","1,95€",https://cdn.intermarche.pt/pt/Content/images/boitmal/produit/zoom/3307B8514AC5F0DDBC9E6D628C947BDB.jpg,2024-10-04T22:59:59.999Z,/product/pasta-de-dentes-maximum-caries-protection-100ml/8718951559721
48281,Pasta de Dentes Original,8718951465756,10471,10069,Embalagem de 75 ml,Colgate,,"33,87€/L","2,54€",https://cdn.intermarche.pt/pt/Content/images/boitmal/produit/zoom/49BB359E9C7607165895D2460C62E204.jpg,2024-09-25T22:59:59.999Z,/product/pasta-de-dentes-original/8718951465756
15810,Pasta Dentífrica Menta Suave,3094900059593,10471,10069,Embalagem de 75 ml,Aquafresh,,"24,67€/L","1,85€",https://cdn.intermarche.pt/pt/Content/images/boitmal/produit/zoom/36417FD84E6918863BC4A9B51808C017.jpg,2024-09-25T22:59:59.999Z,/product/pasta-dentifrica-menta-suave/3094900059593
48246,Pasta de Dentes Branqueadora,8718951465848,10471,10069,Embalagem de 75 ml,Colgate,,"34,53€/L","2,59€",https://cdn.intermarche.pt/pt/Content/images/boitmal/produit/zoom/2547C946AEFC081BD73394BED3137189.jpg,2024-09-25T22:59:59.999Z,/product/pasta-de-dentes-branqueadora/8718951465848
44961,Pasta dentífrica repair & protect branqueadora,5054563098757,10471,10069,Embalagem de 75 ml,Sensodyne,,"52,53€/L","3,94€",https://cdn.intermarche.pt/pt/Content/images/boitmal/produit/zoom/A635A3648DCB48F3466BC2FA7131A17D.jpg,2024-09-25T22:59:59.999Z,/product/pasta-dentifrica-repair-&-protect-branqueadora/5054563098757
46333,Dentífrico sensibilidade e gengivas,5054563107510,10471,10069,Embalagem de 75 ml,Sensodyne,,"52,53€/L","3,94€",https://cdn.intermarche.pt/pt/Content/images/boitmal/produit/zoom/2A004B499C48581E0F2ACB572ECC96FB.jpg,2024-09-25T22:59:59.999Z,/product/dentifrico-sensibilidade-e-gengivas/5054563107510
46729,Pasta Dentífrica Branqueadora Sensibilidade e Gengivas,5054563109743,10471,10069,Embalagem de 75 ml,Sensodyne,,"52,53€/L","3,94€",https://cdn.intermarche.pt/pt/Content/images/boitmal/produit/zoom/BF37E4C9030B80291EBCB54013CB3494.jpg,2024-09-25T22:59:59.999Z,/product/pasta-dentifrica-branqueadora-sensibilidade-e-gengivas/5054563109743
49258,Pasta de Dentes Gengivas Limpeza Interdentária,8718951476271,10471,10069,Embalagem de 75 ml,Colgate,,"43,20€/L","3,24€",https://cdn.intermarche.pt/pt/Content/images/boitmal/produit/zoom/E7FF1C0096CE044713C2591A9F09FD0E.jpg,2024-09-25T22:59:59.999Z,/product/pasta-de-dentes-gengivas-limpeza-interdentaria/8718951476271
44048,Dentífrico branqueador,5054563101846,10471,10069,Embalagem de 75 ml,Sensodyne,,"39,87€/L","2,99€",https://cdn.intermarche.pt/pt/Content/images/boitmal/produit/zoom/7B21500470D8763BB41FDC49C18F3355.jpg,2024-09-25T22:59:59.999Z,/product/dentifrico-branqueador/5054563101846
45032,Pasta dentífrica repair&protect,5054563098795,10471,10069,Embalagem de 75 ml,Sensodyne,,"46,53€/L","3,49€",https://cdn.intermarche.pt/pt/Content/images/boitmal/produit/zoom/1971DE24C5C4B21970E17F4B9857FD14.jpg,2024-09-25T22:59:59.999Z,/product/pasta-dentifrica-repair&protect/5054563098795
53670,Pasta de Dentes Branqueadora Nourish Branco Saudável,5054563119827,10471,10069,Embalagem de 75ml,Sensodyne,,"46,53€/L","3,49€",https://cdn.intermarche.pt/pt/Content/images/boitmal/produit/zoom/130D159800BD3EBD441CCD4A909E65AF.jpg,2024-09-25T22:59:59.999Z,/product/pasta-de-dentes-branqueadora-nourish-branco-saudavel/5054563119827
49259,Dentífrico herbal naturals,5054563119933,10471,10069,75 ml,Aquafresh,,"24,67€/L","1,85€",https://cdn.intermarche.pt/pt/Content/images/boitmal/produit/zoom/DC36897E4C7BC17809701C693CA58165.jpg,2024-09-25T22:59:59.999Z,/product/dentifrico-herbal-naturals/5054563119933
38340,Dentífrico cuidado branqueador,5054563049018,10471,10069,Embalagem de 75 ml,Parodontax,,"63,87€/L","4,79€",https://cdn.intermarche.pt/pt/Content/images/boitmal/produit/zoom/95DBC5080ED69B006349E0661E3A5219.jpg,2024-09-25T22:59:59.999Z,/product/dentifrico-cuidado-branqueador/5054563049018
46331,Dentífrico gengivas,5054563101969,10471,10069,Embalagem de 75 ml,Sensodyne,,"42,53€/L","3,19€",https://cdn.intermarche.pt/pt/Content/images/boitmal/produit/zoom/6DBFB1FCEF2A5F0F2CD9C79123864DD8.jpg,2024-09-25T22:59:59.999Z,/product/dentifrico-gengivas/5054563101969
50520,Pasta de Dentes Pro-Expert Frescura Saudável,8001841811888,10471,10069,Embalagem de 75 ml,Oral B,,"39,87€/L","2,99€",https://cdn.intermarche.pt/pt/Content/images/boitmal/produit/zoom/646285E351A01CF9ACC26486D4EEEF2D.jpg,2024-10-04T22:59:59.999Z,/product/pasta-de-dentes-pro-expert-frescura-saudavel/8001841811888
53672,"Pasta de Dentes Gengivas, Sensibilidade, Hálito e Branqueadora",5054563155535,10471,10069,Embalagem de 75ml,Parodontax,,"69,20€/L","5,19€",https://cdn.intermarche.pt/pt/Content/images/boitmal/produit/zoom/CAEAE99690570043B426021DC5A4A0BA.jpg,2024-09-25T22:59:59.999Z,/product/pasta-de-dentes-gengivas-sensibilidade-halito-e-branqueadora/5054563155535
5471,"Pasta dentífrica, pro-esmalte",5601385502575,10471,10069,Embalagem de 75 ml,Sensodyne,,"52,53€/L","3,94€",https://cdn.intermarche.pt/pt/Content/images/boitmal/produit/zoom/60069AE851DC89AE2DCA4F4FE3F830CC.jpg,2024-09-25T22:59:59.999Z,/product/pasta-dentifrica-pro-esmalte/5601385502575
16066,Pasta de dentes max white expert white,7509546064864,10471,10069,Embalagem de 75 ml,Colgate,,"51,20€/L","3,84€",https://cdn.intermarche.pt/pt/Content/images/boitmal/produit/zoom/0EA2A285777A75857921065AAC674A4A.jpg,2024-09-25T22:59:59.999Z,/product/pasta-de-dentes-max-white-expert-white/7509546064864
29528,Dentífrico 3DWhite Brancura Revitalizante,8001090673848,10471,10069,Embalagem de 75 ml,Oral B,,"39,87€/L","2,99€",https://cdn.intermarche.pt/pt/Content/images/boitmal/produit/zoom/CFC1527AFE820CED2A4D5240643212D0.jpg,2024-09-25T22:59:59.999Z,/product/dentifrico-3dwhite-brancura-revitalizante/8001090673848
46510,Dentífrico Pro-Expert Limpeza Profunda,8001841811840,10471,10069,Embalagem de 75 ml,Oral B,,"38,53€/L","2,89€",https://cdn.intermarche.pt/pt/Content/images/boitmal/produit/zoom/0FCDA29D55DFBE223550A3D225F99CDB.jpg,2024-10-04T22:59:59.999Z,/product/dentifrico-pro-expert-limpeza-profunda/8001841811840
46511,Dentífrico proteção diária,5054563103260,10471,10069,Embalagem de 75 ml,Sensodyne,,"39,87€/L","2,99€",https://cdn.intermarche.pt/pt/Content/images/boitmal/produit/zoom/BE198C1EA5CA97B5F87E345E50A565D7.jpg,2024-09-25T22:59:59.999Z,/product/dentifrico-protecao-diaria/5054563103260
47470,Dentífrico Pro-Expert Branqueamento,8001841811925,10471,10069,Embalagem de 75 ml,Oral B,,"39,87€/L","2,99€",https://cdn.intermarche.pt/pt/Content/images/boitmal/produit/zoom/11253ED47BC980DDB95B516B9CA9E0EE.jpg,2024-10-04T22:59:59.999Z,/product/dentifrico-pro-expert-branqueamento/8001841811925
50076,"Dentífrico Senses Melancia, Pepino e Menta",6001076003241,10471,10069,75 ml,Aquafresh,,"24,67€/L","1,85€",https://cdn.intermarche.pt/pt/Content/images/boitmal/produit/zoom/559EAD4BEEBFD4065BB8C74F79A0FF02.jpg,2024-09-25T22:59:59.999Z,/product/dentifrico-senses-melancia-pepino-e-menta/6001076003241
52541,Pasta de Dentes Total Limpeza Interdentária,8718951471481,10471,10069,Embalagem de 75ml,Colgate,,"43,20€/L","3,24€",https://cdn.intermarche.pt/pt/Content/images/boitmal/produit/zoom/634352B7AEB7C99FF8C40F094990B8FA.jpg,2024-09-25T22:59:59.999Z,/product/pasta-de-dentes-total-limpeza-interdentaria/8718951471481
52546,Pasta de Dentes Total Carvão,6920354835667,10471,10069,Embalagem de 75ml,Colgate,,"39,87€/L","2,99€",https://cdn.intermarche.pt/pt/Content/images/boitmal/produit/zoom/773CE281CCD94B7BF8E632F060BC89FF.jpg,2024-09-25T22:59:59.999Z,/product/pasta-de-dentes-total-carvao/6920354835667
53668,"Pasta de Dentes Gengivas, Sensibilidade e Hálito",5054563118226,10471,10069,Embalagem de 75ml,Parodontax,,"69,20€/L","5,19€",https://cdn.intermarche.pt/pt/Content/images/boitmal/produit/zoom/9847C35CE8C798A05A44E23A5DC95725.jpg,2024-09-25T22:59:59.999Z,/product/pasta-de-dentes-gengivas-sensibilidade-e-halito/5054563118226
42647,Dentífrico cuidado diário,5054563049360,10471,10069,Embalagem de 75 ml,Parodontax,,"63,87€/L","4,79€",https://cdn.intermarche.pt/pt/Content/images/boitmal/produit/zoom/73DA2348A5A842D31475E7DA6C37B154.jpg,2024-09-25T22:59:59.999Z,/product/dentifrico-cuidado-diario/5054563049360
45588,Pasta dentífrica branqueadora,5054563107282,10471,10069,Embalagem de 75 ml,Sensodyne,,"52,53€/L","3,94€",https://cdn.intermarche.pt/pt/Content/images/boitmal/produit/zoom/95A2A6E83C2EA42A06CA8F8C6A2BA5AB.jpg,2024-09-25T22:59:59.999Z,/product/pasta-dentifrica-branqueadora/5054563107282
46330,Dentífrico limpeza e frescura,5054563101808,10471,10069,Embalagem de 75 ml,Sensodyne,,"39,87€/L","2,99€",https://cdn.intermarche.pt/pt/Content/images/boitmal/produit/zoom/A251F845B0964F1C7AB8F55E88096599.jpg,2024-09-25T22:59:59.999Z,/product/dentifrico-limpeza-e-frescura/5054563101808
46728,Pasta dentífrica rapid action,5054563107244,10471,10069,Embalagem de 75 ml,Sensodyne,,"52,53€/L","3,94€",https://cdn.intermarche.pt/pt/Content/images/boitmal/produit/zoom/6D463C8E4A06B08BDD5D6DEFED1B7ED8.jpg,2024-09-25T22:59:59.999Z,/product/pasta-dentifrica-rapid-action/5054563107244
46956,Pasta dentífrica ação completa,5054563108463,10471,10069,Embalagem de 75 ml,Sensodyne,,"52,53€/L","3,94€",https://cdn.intermarche.pt/pt/Content/images/boitmal/produit/zoom/6713CED320034F64A52535E5BC098372.jpg,2024-09-25T22:59:59.999Z,/product/pasta-dentifrica-acao-completa/5054563108463
51700,Escovas de destes Perfect White Suave,5604260326426,10473,10069,2 unidades,Labell,,"1,49€/Unidade","1,49€",https://cdn.intermarche.pt/pt/Content/images/boitmal/produit/zoom/B3B7EA3B67AB7A9BBB0738952C8EF04A.jpg,,/product/escovas-de-destes-perfect-white-suave/5604260326426
18045,"Escova de dentes max white média, 1 + 1 unidades",8714789637389,10473,10069,,Colgate,,"2,99€/Unidade","2,99€",https://cdn.intermarche.pt/pt/Content/images/boitmal/produit/zoom/F11421023C55C6D54EA60B07F063A229.jpg,2024-09-25T22:59:59.999Z,/product/escova-de-dentes-max-white-media-1-+-1-unidades/8714789637389
38342,Escova de dentes expert clean suave,5054563053077,10473,10069,1 unidade,Parodontax,,"3,64€/Unidade","3,64€",https://cdn.intermarche.pt/pt/Content/images/boitmal/produit/zoom/72DE25D8112F40EBA3D88CEE9F795F94.jpg,2024-09-25T22:59:59.999Z,/product/escova-de-dentes-expert-clean-suave/5054563053077
27479,Escova Dentes Gengiva Extra Suave,5054563019257,10473,10069,1 un.,Sensodyne,,"2,99€/Unidade","2,99€",https://cdn.intermarche.pt/pt/Content/images/boitmal/produit/zoom/6EF377E8D5980A5411D1D2A8DE3EFDA9.jpg,2024-09-25T22:59:59.999Z,/product/escova-dentes-gengiva-extra-suave/5054563019257
51701,Escovas de destes Perfect White Média,5604260326433,10473,10069,2 unidades,Labell,,"1,49€/Unidade","1,49€",https://cdn.intermarche.pt/pt/Content/images/boitmal/produit/zoom/05768433A5688CD1CD4DF3876F103742.jpg,,/product/escovas-de-destes-perfect-white-media/5604260326433
51702,Escovas de Próteses Dentárias,5604260326457,10473,10069,2 unidades,Labell,,"1,79€/Unidade","1,79€",https://cdn.intermarche.pt/pt/Content/images/boitmal/produit/zoom/FA80556DB739A96D7D7D5E4E34110152.jpg,,/product/escovas-de-proteses-dentarias/5604260326457
7188,Escova de dentes complete 5 benefícios,3014260020118,10473,10069,,Oral B,,"1,64€/Unidade","1,64€",https://cdn.intermarche.pt/pt/Content/images/boitmal/produit/zoom/5E38E514F24D153CF9FFD1A7BE14CBDB.jpg,2024-09-25T22:59:59.999Z,/product/escova-de-dentes-complete-5-beneficios/3014260020118
26549,Escovas Dentífricas Limpeza Flex,3094905001436,10473,10069,2 un. + 1 Grátis,Aquafresh,,"2,84€/Unidade","2,84€",https://cdn.intermarche.pt/pt/Content/images/boitmal/produit/zoom/F1287D0C49D30EE3EDA2BDFA782E59CD.jpg,2024-09-25T22:59:59.999Z,/product/escovas-dentifricas-limpeza-flex/3094905001436
27478,Escova Dentes Suave Limpeza e Frescura,5054563019295,10473,10069,1 un.,Sensodyne,,"2,99€/Unidade","2,99€",https://cdn.intermarche.pt/pt/Content/images/boitmal/produit/zoom/0DEF445D71CE41F62382B0C06706D961.jpg,2024-09-25T22:59:59.999Z,/product/escova-dentes-suave-limpeza-e-frescura/5054563019295
52548,"Escova de Dentes Total Média, 2 unidades",8718951490765,10473,10069,,Colgate,,"2,59€/Unidade","2,59€",https://cdn.intermarche.pt/pt/Content/images/boitmal/produit/zoom/549AA72547A5183CE74A4C732B54EA68.jpg,2024-09-25T22:59:59.999Z,/product/escova-de-dentes-total-media-2-unidades/8718951490765
8947,Escova de Dentes de Leite,5601385503350,10473,10069,1 unidade,Aquafresh,,"2,44€/Unidade","2,44€",https://cdn.intermarche.pt/pt/Content/images/boitmal/produit/zoom/03492E9B20DC3374A4CA85BF36584E8D.jpg,2024-09-25T22:59:59.999Z,/product/escova-de-dentes-de-leite/5601385503350
18157,Escova de Dentes 1-2-3 Shiny Clean,3014260014278,10473,10069,4 unidades,Oral B,,"3,74€/Unidade","3,74€",https://cdn.intermarche.pt/pt/Content/images/boitmal/produit/zoom/EE420F01232DA02DDCE64F2D90E0E035.jpg,2024-09-25T22:59:59.999Z,/product/escova-de-dentes-1-2-3-shiny-clean/3014260014278
20468,Escova de Dentes Extra Interdental,5601385503176,10473,10069,1 + 1 unidades,Aquafresh,,"2,59€/Unidade","2,59€",https://cdn.intermarche.pt/pt/Content/images/boitmal/produit/zoom/0B2E336EEFDFB0FD62157BC1CC341884.jpg,2024-09-25T22:59:59.999Z,/product/escova-de-dentes-extra-interdental/5601385503176
26237,Escova de Dentes Extra Interdental Média,8016825968076,10473,10069,,Aquafresh,,"2,19€/Unidade","2,19€",https://cdn.intermarche.pt/pt/Content/images/boitmal/produit/zoom/A3A8E962CE77010C9899E87523DB1432.jpg,2024-09-25T22:59:59.999Z,/product/escova-de-dentes-extra-interdental-media/8016825968076
27477,Escova Dentes Multicare Media,5054563019608,10473,10069,1 un.,Sensodyne,,"2,24€/Unidade","2,24€",https://cdn.intermarche.pt/pt/Content/images/boitmal/produit/zoom/404C85AA371AF168AA96C60476DBDE8A.jpg,2024-09-25T22:59:59.999Z,/product/escova-dentes-multicare-media/5054563019608
30846,Escovilhão Interdental,5601385505392,10473,10069,,Sensodyne,,"3,94€/Unidade","3,94€",https://cdn.intermarche.pt/pt/Content/images/boitmal/produit/zoom/AB61F55FAE6478FD4113EDC799E2CD46.jpg,2024-09-25T22:59:59.999Z,/product/escovilhao-interdental/5601385505392
33542,Escova dentes multicare media,5054563023551,10473,10069,Embalagem com 2 unidades,Sensodyne,,"2,99€/Unidade","2,99€",https://cdn.intermarche.pt/pt/Content/images/boitmal/produit/zoom/AB77597C52584145D19C10BE62D3A7A1.jpg,2024-09-25T22:59:59.999Z,/product/escova-dentes-multicare-media/5054563023551
33661,Escova dentes sensibilidade e gengivas,5054563056832,10473,10069,1 un.,Sensodyne,,"3,14€/Unidade","3,14€",https://cdn.intermarche.pt/pt/Content/images/boitmal/produit/zoom/A7E9A978CB00C3BDA65F2EF9CD185ABC.jpg,2024-09-25T22:59:59.999Z,/product/escova-dentes-sensibilidade-e-gengivas/5054563056832
34028,Recarga escova dentes bateria universal,3250392149468,10473,10069,Embalagem com 2 un.,Labell,,"5,99€/Unidade","5,99€",https://cdn.intermarche.pt/pt/Content/images/boitmal/produit/zoom/F6EC990336944B0563754BE13FFEA344.jpg,,/product/recarga-escova-dentes-bateria-universal/3250392149468
3612,Escova de dentes pulsar média,3014260319557,10473,10069,,Oral B,,"4,19€/Unidade","4,19€",https://cdn.intermarche.pt/pt/Content/images/boitmal/produit/zoom/73A6D95BE549F47685FE62BB3924A48C.jpg,2024-09-25T22:59:59.999Z,/product/escova-de-dentes-pulsar-media/3014260319557
38341,Escova de dentes e gengivas,5054563052964,10473,10069,1 unidade,Parodontax,,"3,64€/Unidade","3,64€",https://cdn.intermarche.pt/pt/Content/images/boitmal/produit/zoom/22E0341894279534C1EC958D59559CF5.jpg,2024-09-25T22:59:59.999Z,/product/escova-de-dentes-e-gengivas/5054563052964
38343,Escova de dentes interdental suave,5054563052940,10473,10069,1 unidade,Parodontax,,"3,64€/Unidade","3,64€",https://cdn.intermarche.pt/pt/Content/images/boitmal/produit/zoom/1D7A5D70C2487A87B76F35EA4FBE5BDC.jpg,2024-09-25T22:59:59.999Z,/product/escova-de-dentes-interdental-suave/5054563052940
53459,Escova de Dentes Repair&Protect Suave,5054563019332,10473,10069,,Sensodyne,,"3,14€/Unidade","3,14€",https://cdn.intermarche.pt/pt/Content/images/boitmal/produit/zoom/E5F6092397C5B36E660DBCEE698592D2.jpg,2024-09-25T22:59:59.999Z,/product/escova-de-dentes-repair&protect-suave/5054563019332
53460,Escova de Dentes Nourish Suave,5054563129536,10473,10069,,Sensodyne,,"3,36€/Unidade","3,36€",https://cdn.intermarche.pt/pt/Content/images/boitmal/produit/zoom/D744B4623FDEF0CFB055D4201849704B.jpg,2024-09-25T22:59:59.999Z,/product/escova-de-dentes-nourish-suave/5054563129536
53559,Escova Elétrica Vitality Kids Princ/Cars,8006540773154,10473,10069,,Oral B,,"25,49€/Unidade","25,49€",https://cdn.intermarche.pt/pt/Content/images/boitmal/produit/zoom/82ABF1FCA985F501278DBD66DF986C35.jpg,2024-09-25T22:59:59.999Z,/product/escova-eletrica-vitality-kids-princ-ou-cars/8006540773154
54581,"Escova Dentes Infantil +3 Anos, 1un.",5604260331758,10473,10069,,Labell,,"0,89€/Unidade","0,89€",https://cdn.intermarche.pt/pt/Content/images/boitmal/produit/zoom/69E00F73F366CB1D947FB2E1E2EE52D6.jpg,,/product/escova-dentes-infantil-+3-anos-1un./5604260331758
54582,"Escova Dentes Proteção Total Suave, 3un.",5604260331772,10473,10069,,Labell,,"1,09€/Unidade","1,09€",https://cdn.intermarche.pt/pt/Content/images/boitmal/produit/zoom/DD06F20AA877D290B5051229E38C3FE3.jpg,,/product/escova-dentes-protecao-total-suave-3un./5604260331772
54583,"Escova Dentes Proteção Total Média, 3un.",5604260331789,10473,10069,,Labell,,"1,09€/Unidade","1,09€",https://cdn.intermarche.pt/pt/Content/images/boitmal/produit/zoom/7AFBCF57BA546B59CBFE3624DF227F2D.jpg,,/product/escova-dentes-protecao-total-media-3un./5604260331789
54584,"Escova Dentes X-Action Média, 2un.",5604260331796,10473,10069,,Labell,,"1,49€/Unidade","1,49€",https://cdn.intermarche.pt/pt/Content/images/boitmal/produit/zoom/759EDC4614254BB1E679FD2CDBFF6049.jpg,,/product/escova-dentes-x-action-media-2un./5604260331796
54585,"Escova Dentes X-Action Suave, 2un.",5604260331802,10473,10069,,Labell,,"1,49€/Unidade","1,49€",https://cdn.intermarche.pt/pt/Content/images/boitmal/produit/zoom/235A3E535E07A58B291E1B21F0BC80BD.jpg,,/product/escova-dentes-x-action-suave-2un./5604260331802
54586,"Escova Dentes Gengivas Sensiveis, 1un.",5604260331819,10473,10069,,Labell,,"1,29€/Unidade","1,29€",https://cdn.intermarche.pt/pt/Content/images/boitmal/produit/zoom/3B26A1E25D0EC30CD83557194DB19A8A.jpg,,/product/escova-dentes-gengivas-sensiveis-1un./5604260331819
54587,"Escova Dentes Ortodontica, 1 un.",5604260331826,10473,10069,,Labell,,"1,79€/Unidade","1,79€",https://cdn.intermarche.pt/pt/Content/images/boitmal/produit/zoom/E8D3D7CE0717E209BA9EA53E3330DF49.jpg,,/product/escova-dentes-ortodontica-1-un./5604260331826
54612,"Escova de Dentes Limpeza Flexível, 2un.",5054563183330,10473,10069,,Aquafresh,,"2,24€/Unidade","2,24€",https://cdn.intermarche.pt/pt/Content/images/boitmal/produit/zoom/B4D7EE28E0D810C78367DC6C38C6CE77.jpg,2024-09-25T22:59:59.999Z,/product/escova-de-dentes-limpeza-flexivel-2un./5054563183330
7187,"Escova dentes, pro-expert limpa em profundidade",3014260019907,10473,10069,,Oral B,,"3,74€/Unidade","3,74€",https://cdn.intermarche.pt/pt/Content/images/boitmal/produit/zoom/D5A887CB9AC53979E25E882661759BD8.jpg,2024-09-25T22:59:59.999Z,/product/escova-dentes-pro-expert-limpa-em-profundidade/3014260019907
7189,"Escova dentes, complete 5 benefícios, 2 unidades, 1 embalagem",3014260020453,10473,10069,,Oral B,,"2,90€/Unidade","2,90€",https://cdn.intermarche.pt/pt/Content/images/boitmal/produit/zoom/E6F22FE4AAC25BBBDFCE833069D831E5.jpg,2024-09-25T22:59:59.999Z,/product/escova-dentes-complete-5-beneficios-2-unidades-1-embalagem/3014260020453
28664,Escova dentífrica zig zag suave,8714789135274,10473,10069,2 + 1 un. grátis,Colgate,,"3,99€/Unidade","3,99€",https://cdn.intermarche.pt/pt/Content/images/boitmal/produit/zoom/183C712414EE3F9DB21695274506A5F4.jpg,,/product/escova-dentifrica-zig-zag-suave/8714789135274
44045,Escova de dentes tripla ação,8714789738536,10473,10069,4 unidades,Colgate,,"3,99€/Unidade","3,99€",https://cdn.intermarche.pt/pt/Content/images/boitmal/produit/zoom/D8B7452D144CB89AA3F337A74BD95769.jpg,,/product/escova-de-dentes-tripla-acao/8714789738536
6834,"Escova de dentes, extra clean, 2 unidades",8714789162607,10473,10069,,Colgate,,"3,99€/Unidade","3,99€",https://cdn.intermarche.pt/pt/Content/images/boitmal/produit/zoom/69029B8B6EDB589B43F18BBBDF7A7870.jpg,,/product/escova-de-dentes-extra-clean-2-unidades/8714789162607
42036,Escova de dentes bambu,8718951295735,10473,10069,,Colgate,,"3,99€/Unidade","3,99€",https://cdn.intermarche.pt/pt/Content/images/boitmal/produit/zoom/ED2C3CABF04954E9D690D86F487915E6.jpg,,/product/escova-de-dentes-bambu/8718951295735
10694,"Escova dentes, slim soft, média",8714789861647,10473,10069,1 unidade,Colgate,,"3,99€/Unidade","3,99€",https://cdn.intermarche.pt/pt/Content/images/boitmal/produit/zoom/755937F11DF97D813073B271E7BB24D5.jpg,,/product/escova-dentes-slim-soft-media/8714789861647
51704,Fita Dentária com Cera Menta,5604260326471,10470,10069,50 m,Labell,,"1,49€/Unidade","1,49€",https://cdn.intermarche.pt/pt/Content/images/boitmal/produit/zoom/BF6C1BC4416522D5E04865203B1ECC4B.jpg,,/product/fita-dentaria-com-cera-menta/5604260326471
51703,Fio Dentário com Cera Menta,5604260326464,10470,10069,50 m,Labell,,"0,99€/Unidade","0,99€",https://cdn.intermarche.pt/pt/Content/images/boitmal/produit/zoom/808BE648E22E6D4F4B7DEDE2335B1E5D.jpg,,/product/fio-dentario-com-cera-menta/5604260326464
8942,Fita dental,5601385501592,10470,10069,1 unidade,Sensodyne,,"2,84€/Unidade","2,84€",https://cdn.intermarche.pt/pt/Content/images/boitmal/produit/zoom/031017C980F3FE714EDAA8B7AEB1254D.jpg,2024-09-25T22:59:59.999Z,/product/fita-dental/5601385501592
51705,Escovilhões Interdentários,5604260326488,10470,10069,6 unidades,Labell,,"1,89€/Unidade","1,89€",https://cdn.intermarche.pt/pt/Content/images/boitmal/produit/zoom/0034268276211322556CC38FD45C3E54.jpg,,/product/escovilhoes-interdentarios/5604260326488
5469,Fio dental gentle suave,5601385501585,10470,10069,1 unidade,Sensodyne,,"2,84€/Unidade","2,84€",https://cdn.intermarche.pt/pt/Content/images/boitmal/produit/zoom/11C8B2D0DFB5154A0245076E795F487D.jpg,2024-09-25T22:59:59.999Z,/product/fio-dental-gentle-suave/5601385501585
3830,Fio dentário fluór+menta 50m,3250390760146,10470,10069,1 unidade,Labell,,"0,99€/Unidade","0,99€",https://cdn.intermarche.pt/pt/Content/images/boitmal/produit/zoom/7E068F37DD55318A313B20AD2B2588C6.jpg,,/product/fio-dentario-fluor+menta-50m/3250390760146
30886,Elixir Anti-Tartaro,3574661319520,10474,10069,500 ml,Listerine,,"9,78€/L","4,89€",https://cdn.intermarche.pt/pt/Content/images/boitmal/produit/zoom/7F5FC0D99305D2C22E8E265400A9B2D3.jpg,2024-09-25T22:59:59.999Z,/product/elixir-anti-tartaro/3574661319520
19671,"Elixir bocal, cool mint",8431890077230,10474,10069,Embalagem de 500 ml,Sensodyne,,"8,38€/L","4,19€",https://cdn.intermarche.pt/pt/Content/images/boitmal/produit/zoom/9CA3443EE95C2673A2769CBE6902F921.jpg,2024-09-25T22:59:59.999Z,/product/elixir-bocal-cool-mint/8431890077230
22930,Elixir intense clean,8016825967857,10474,10069,Embalagem de 500 ml,Aquafresh,,"7,58€/L","3,79€",https://cdn.intermarche.pt/pt/Content/images/boitmal/produit/zoom/C67F93CF441C79AD9CEEECE935189D03.jpg,2024-09-25T22:59:59.999Z,/product/elixir-intense-clean/8016825967857
12765,Elixir bocal para crianças,3574660571783,10474,10069,Embalagem de 500 ml,Listerine,,"8,38€/L","4,19€",https://cdn.intermarche.pt/pt/Content/images/boitmal/produit/zoom/9879612C2408C6F73A34652EDBBF2A01.jpg,2024-09-25T22:59:59.999Z,/product/elixir-bocal-para-criancas/3574660571783
18581,Elixir Bocal ProExpert Proteção Profunda,4084500924055,10474,10069,Embalagem de 500 ml,Oral B,,"8,98€/L","4,49€",https://cdn.intermarche.pt/pt/Content/images/boitmal/produit/zoom/EEB3C5CAC2CA8997E5DED74AF2F5AEE6.jpg,2024-09-25T22:59:59.999Z,/product/elixir-bocal-proexpert-protecao-profunda/4084500924055
22189,Elixir Total Care Zero,3574661305288,10474,10069,Embalagem de 500 ml,Listerine,,"9,98€/L","4,99€",https://cdn.intermarche.pt/pt/Content/images/boitmal/produit/zoom/9B1605FEBB3BD1CE27FF620BB19E2B78.jpg,2024-09-25T22:59:59.999Z,/product/elixir-total-care-zero/3574661305288
41615,Elixir bocal advanced white,3574661491769,10474,10069,Embalagem de 500 ml,Listerine,,"9,78€/L","4,89€",https://cdn.intermarche.pt/pt/Content/images/boitmal/produit/zoom/1FC013BF26DC5C4733065B5D60C6F03E.jpg,2024-09-25T22:59:59.999Z,/product/elixir-bocal-advanced-white/3574661491769
48400,Elixir Naturals Esmalte,3574661643359,10474,10069,500 ml,Listerine,,"10,38€/L","5,19€",https://cdn.intermarche.pt/pt/Content/images/boitmal/produit/zoom/766EE4977B50990E2046E14A112BD1D0.jpg,2024-09-25T22:59:59.999Z,/product/elixir-naturals-esmalte/3574661643359
53395,"Elixir Listerine Dentes E Gengivas Suave, 500ml",3574661397740,10474,10069,,Listerine,,"11,98€/L","5,99€",https://cdn.intermarche.pt/pt/Content/images/boitmal/produit/zoom/AB149A370438437EBCAA02626E5866D3.jpg,,/product/elixir-listerine-dentes-e-gengivas-suave-500ml/3574661397740
34117,Elixir tripla ação,8718951178779,10474,10069,500 ml,Colgate,,"7,48€/L","3,74€",https://cdn.intermarche.pt/pt/Content/images/boitmal/produit/zoom/3B340797DE2A21209CC6F82D71A9B02E.jpg,,/product/elixir-tripla-acao/8718951178779
12763,"Elixir bocal, dentes e gengivas",3574660400762,10474,10069,Embalagem de 250 ml,Listerine,,"15,96€/L","3,99€",https://cdn.intermarche.pt/pt/Content/images/boitmal/produit/zoom/3FE4EF629C17999AD9E8422A03EFE2C0.jpg,,/product/elixir-bocal-dentes-e-gengivas/3574660400762
52506,Elíxir Oral Protecção Completa,5604260326280,10474,10069,Embalagem de 500 ml,Labell,,"2,98€/L","1,49€",https://cdn.intermarche.pt/pt/Content/images/boitmal/produit/zoom/E415A245B62AC9E8845FAA469E699EEF.jpg,,/product/elixir-oral-proteccao-completa/5604260326280
52505,Elíxir Oral Sensitive,5604260327515,10474,10069,Embalagem de 500 ml,Labell,,"2,78€/L","1,39€",https://cdn.intermarche.pt/pt/Content/images/boitmal/produit/zoom/A9803BE68F478E0D7DC5787A5AADCBF0.jpg,,/product/elixir-oral-sensitive/5604260327515
11097,Elixir bocal dentes e gengivas,3574660521832,10474,10069,Embalagem de 1 l,Listerine,,"7,99€/L","7,99€",https://cdn.intermarche.pt/pt/Content/images/boitmal/produit/zoom/AF87DAC77E4E0B2AF66E6F262F025E94.jpg,,/product/elixir-bocal-dentes-e-gengivas/3574660521832
34471,Elexir mentol,8412101026001,10474,10069,Embalagem de 500 ml,Listerine,,"11,98€/L","5,99€",https://cdn.intermarche.pt/pt/Content/images/boitmal/produit/zoom/8C30DC8A973B691345B06EB106A999E8.jpg,,/product/elexir-mentol/8412101026001
52504,Elíxir Oral Frescura Intensa,5604260327508,10474,10069,Embalagem de 500 ml,Labell,,"2,78€/L","1,39€",https://cdn.intermarche.pt/pt/Content/images/boitmal/produit/zoom/ECEB4A95E975C748E7FDA926176F2230.jpg,,/product/elixir-oral-frescura-intensa/5604260327508
31948,Elixir Nightly Reset,3574661401126,10474,10069,400 ml,Listerine,,"14,98€/L","5,99€",https://cdn.intermarche.pt/pt/Content/images/boitmal/produit/zoom/BAD45F3CE613EC0A3F86E96D92BC1099.jpg,,/product/elixir-nightly-reset/3574661401126
42960,Elixir fresh mint,5054563051363,10474,10069,Embalagem de 500 ml,Parodontax,,"11,98€/L","5,99€",https://cdn.intermarche.pt/pt/Content/images/boitmal/produit/zoom/D29E453995FEF884C98DFC99F6E57CAE.jpg,,/product/elixir-fresh-mint/5054563051363
43645,Elixir menta,8718951179042,10474,10069,embalagem de 500 ml,Colgate,,"7,98€/L","3,99€",https://cdn.intermarche.pt/pt/Content/images/boitmal/produit/zoom/6B1921AE2558C62488A0676C2D2745A0.jpg,,/product/elixir-menta/8718951179042
53596,Elixir Bucal Suave Dentes e Gengivas,3574661638348,10474,10069,Embalagem de 1000ml,Listerine,,"7,99€/L","7,99€",https://cdn.intermarche.pt/pt/Content/images/boitmal/produit/zoom/C37CBE7B21F84F7707D2C04D584A64A5.jpg,,/product/elixir-bucal-suave-dentes-e-gengivas/3574661638348
20403,Elixir Bocal Complete,8470001673435,10474,10069,Embalagem de 500 ml,Oral B,,"11,98€/L","5,99€",https://cdn.intermarche.pt/pt/Content/images/boitmal/produit/zoom/ADAFF4BE9F55E2FEA788C5B0DB7D88F1.jpg,,/product/elixir-bocal-complete/8470001673435
24630,Elíxir Oral Branqueador,5604260327522,10474,10069,Embalagem de 500 ml,Labell,,"3,38€/L","1,69€",https://cdn.intermarche.pt/pt/Content/images/boitmal/produit/zoom/A9D57D65C2D9E722B19D9007CE6129A3.jpg,,/product/elixir-oral-branqueador/5604260327522
45591,Elixir plax carvão,8718951414426,10474,10069,500 ml,Colgate,,"13,98€/L","6,99€",https://cdn.intermarche.pt/pt/Content/images/boitmal/produit/zoom/2B69F43C19297F329C8FD0B4E32E0280.jpg,,/product/elixir-plax-carvao/8718951414426
51607,Elixir Cuidado das Gengivas PerioGard,8718951472846,10474,10069,400 ml,Colgate,,"16,23€/L","6,49€",https://cdn.intermarche.pt/pt/Content/images/boitmal/produit/zoom/BCDFF56567836FCD870B3EEB501252D1.jpg,,/product/elixir-cuidado-das-gengivas-periogard/8718951472846
53671,Elixir Bucal Gengivas Extra Fresh,5054563129864,10474,10069,Embalagem de 500ml,Parodontax,,"11,98€/L","5,99€",https://cdn.intermarche.pt/pt/Content/images/boitmal/produit/zoom/A6727C9675BAA314829810087AF8882F.jpg,,/product/elixir-bucal-gengivas-extra-fresh/5054563129864
53769,Elixir Bucal Menta Fresca,8412101045002,10474,10069,Embalagem de 500ml,Listerine,,"11,98€/L","5,99€",https://cdn.intermarche.pt/pt/Content/images/boitmal/produit/zoom/57918650148135ED13F30010D33B326D.jpg,,/product/elixir-bucal-menta-fresca/8412101045002
53770,Elixir Bucal Mentol,8412101254008,10474,10069,Embalagem de 250ml,Listerine,,"15,96€/L","3,99€",https://cdn.intermarche.pt/pt/Content/images/boitmal/produit/zoom/4576E27E5652F8560D668485ED1105B1.jpg,,/product/elixir-bucal-mentol/8412101254008
7504,Creme de fixação para dentaduras,3250391421794,10472,10069,Embalagem de 50 g,Labell,,"83,00€/Kg","4,15€",https://cdn.intermarche.pt/pt/Content/images/boitmal/produit/zoom/E5CE2013645D4B2D54FA275953ADE445.jpg,,/product/creme-de-fixacao-para-dentaduras/3250391421794
16675,Pastilhas de Limpeza Dentífrica Branqueadora,8431890051971,10472,10069,Embalagem com 30 unidades ,Polident,,"3,29€/Unidade","3,29€",https://cdn.intermarche.pt/pt/Content/images/boitmal/produit/zoom/753963B4E640D4EC281201432E756B6A.jpg,2024-09-25T22:59:59.999Z,/product/pastilhas-de-limpeza-dentifrica-branqueadora/8431890051971
48279,Pastilhas de Limpeza Aparelho Dentário,5054563108203,10472,10069,Embalagem com 30 unidades ,Polident,,"4,39€/Unidade","4,39€",https://cdn.intermarche.pt/pt/Content/images/boitmal/produit/zoom/0FB9D80F4A25AFA9B454CEB4BA68ED5F.jpg,2024-09-25T22:59:59.999Z,/product/pastilhas-de-limpeza-aparelho-dentario/5054563108203
11749,"Pasta de limpeza com oxigénio activo, 48 unidades",5601385504852,10472,10069,Uma embalagem,Polident,,"4,99€/Unidade","4,99€",https://cdn.intermarche.pt/pt/Content/images/boitmal/produit/zoom/AC483E1AD960CCBCC920CFB27F488BEA.jpg,,/product/pasta-de-limpeza-com-oxigenio-activo-48-unidades/5601385504852
24394,Creme proteção de gengivas,5054563016966,10472,10069,Embalagem de 40 g,Polident,,"174,75€/Kg","6,99€",https://cdn.intermarche.pt/pt/Content/images/boitmal/produit/zoom/1666A1B72DFE13B5523164A433F2FFC4.jpg,,/product/creme-protecao-de-gengivas/5054563016966
54580,"Escova Dentes Junior +6 Anos, 1 un.",5604260331741,10469,10069,,Labell,,"0,99€/Unidade","0,99€",https://cdn.intermarche.pt/pt/Content/images/boitmal/produit/zoom/7467A2C3713C5EE39EF6D72C861EDB95.jpg,,/product/escova-dentes-junior-+6-anos-1-un./5604260331741
47890,Dentífrico júnior 7 a 12 anos,8718951434912,10469,10069,Embalagem de 50 ml,Aquafresh,,"51,80€/L","2,59€",https://cdn.intermarche.pt/pt/Content/images/boitmal/produit/zoom/1B8C1747C81E0A12757D62D2E9D1BB95.jpg,2024-09-25T22:59:59.999Z,/product/dentifrico-junior-7-a-12-anos/8718951434912
8945,Dentifríco p/ Dentes de Leite,5601385503329,10469,10069,Embalagem de 50 ml,Aquafresh,,"44,80€/L","2,24€",https://cdn.intermarche.pt/pt/Content/images/boitmal/produit/zoom/B0CD98112B11ABD5A72D29EB6212A2AF.jpg,2024-09-25T22:59:59.999Z,/product/dentifrico-p-ou-dentes-de-leite/5601385503329
46885,Dentifríco splash morango,5054563087195,10469,10069,Embalagem de 75 ml,Aquafresh,,"34,67€/L","2,60€",https://cdn.intermarche.pt/pt/Content/images/boitmal/produit/zoom/157FA78C33772AE4775327861F73C2AC.jpg,2024-09-25T22:59:59.999Z,/product/dentifrico-splash-morango/5054563087195
11744,Escova de Dentes Júnior,5601385503367,10469,10069,1 unidade,Aquafresh,,"2,44€/Unidade","2,44€",https://cdn.intermarche.pt/pt/Content/images/boitmal/produit/zoom/0160271DAF706285EBC770A381C4D6B1.jpg,2024-09-25T22:59:59.999Z,/product/escova-de-dentes-junior/5601385503367
53560,"Recarga Escova Stages Princ/Cars/Mickey, 3 unidades",8006540805725,10469,10069,,Oral B,,"15,29€/Unidade","15,29€",https://cdn.intermarche.pt/pt/Content/images/boitmal/produit/zoom/0D23EA1AD736640CAA725EA3F6A45006.jpg,2024-09-25T22:59:59.999Z,/product/recarga-escova-stages-princ-ou-cars-ou-mickey-3-unidades/8006540805725
54600,"Pasta de Dentes Criança 0 a 2 Anos, 50ml",5054563206152,10469,10069,,Aquafresh,,"44,80€/L","2,24€",https://cdn.intermarche.pt/pt/Content/images/boitmal/produit/zoom/950BA60A1F4588E282E6B2A9544A3E5B.jpg,2024-09-25T22:59:59.999Z,/product/pasta-de-dentes-crianca-0-a-2-anos-50ml/5054563206152
54613,"Escova de Dentes Suave Criança 0 a 2 Anos, 1un.",5054563196149,10469,10069,,Aquafresh,,"2,46€/Unidade","2,46€",https://cdn.intermarche.pt/pt/Content/images/boitmal/produit/zoom/915B3766B8D5EC5751BE2111E6A91A60.jpg,2024-09-25T22:59:59.999Z,/product/escova-de-dentes-suave-crianca-0-a-2-anos-1un./5054563196149
7428,Pasta dentífrica gel kids,3250390658412,10469,10069,Embalagem de 50 ml,Labell,,"11,80€/L","0,59€",https://cdn.intermarche.pt/pt/Content/images/boitmal/produit/zoom/A07A1A6119F834359350939BBE809931.jpg,,/product/pasta-dentifrica-gel-kids/3250390658412
3916,"Pasta dentífrica, 7-13 anos",3250391332779,10469,10069,Embalagem de 75 ml,Labell,,"10,53€/L","0,79€",https://cdn.intermarche.pt/pt/Content/images/boitmal/produit/zoom/10678F87A981A5AAF4532D32395C45CA.jpg,,/product/pasta-dentifrica-7-13-anos/3250391332779
23077,"Escova dentífrica infantil, minions, + 6 anos",8718951122857,10469,10069,1 + 1 unidade grátis,Colgate,,"3,49€/Unidade","3,49€",https://cdn.intermarche.pt/pt/Content/images/boitmal/produit/zoom/FB1FC5619002431B4429C3A5C255426F.jpg,,/product/escova-dentifrica-infantil-minions-+-6-anos/8718951122857
40233,Escova de Dentes Manual Kids,8718951078994,10469,10069,Embalagem de 2 unidades,Colgate,,"3,49€/Unidade","3,49€",https://cdn.intermarche.pt/pt/Content/images/boitmal/produit/zoom/EC595AC4DBD69869C960A690306EC781.jpg,,/product/escova-de-dentes-manual-kids/8718951078994
42950,Dentífrico infantil frutas naturais 3 aos 5 anos,8718951265677,10469,10069,50 ml,Colgate,,"57,80€/L","2,89€",https://cdn.intermarche.pt/pt/Content/images/boitmal/produit/zoom/607DEB799458602BFDE713868B93C216.jpg,,/product/dentifrico-infantil-frutas-naturais-3-aos-5-anos/8718951265677
25623,"Escova dentes kids minions bateria, 1 un.",8718951145191,10469,10069,,Colgate,,"9,49€/Unidade","9,49€",https://cdn.intermarche.pt/pt/Content/images/boitmal/produit/zoom/F0C73CFD5DFACA37E19433E56E78596C.jpg,,/product/escova-dentes-kids-minions-bateria-1-un./8718951145191
45590,Escova dentífrica infantil bambu,8718951376595,10469,10069,1 unidade,Colgate,,"3,99€/Unidade","3,99€",https://cdn.intermarche.pt/pt/Content/images/boitmal/produit/zoom/C16D455992231F49F6A6F652F138C489.jpg,,/product/escova-dentifrica-infantil-bambu/8718951376595
18426,Champô Delicias de Aveia,3600541887817,11758,10071,Embalagem de 400 ml,Garnier,,"9,48€/L","3,79€",https://cdn.intermarche.pt/pt/Content/images/boitmal/produit/zoom/6E178A060EBA624F1168DFA6C596E4DF.jpg,2024-09-25T22:59:59.999Z,/product/champo-delicias-de-aveia/3600541887817
4315,Champô de abacate & karité,3600540542861,11758,10071,Embalagem de 400 ml,Garnier,,"9,48€/L","3,79€",https://cdn.intermarche.pt/pt/Content/images/boitmal/produit/zoom/E826DE4F268362A3E1B1E27463FF1F1A.jpg,2024-09-25T22:59:59.999Z,/product/champo-de-abacate-&-karite/3600540542861
7550,Champô tesouros de mel,3600541550087,11758,10071,Embalagem de 400 ml,Garnier,,"9,48€/L","3,79€",https://cdn.intermarche.pt/pt/Content/images/boitmal/produit/zoom/E6566E0DAE3A76CF422C4F3C02B07F81.jpg,2024-09-25T22:59:59.999Z,/product/champo-tesouros-de-mel/3600541550087
40776,Champô familiar,5604260290628,11758,10071,Embalagem de 750 ml,Labell,,"2,21€/L","1,66€",https://cdn.intermarche.pt/pt/Content/images/boitmal/produit/zoom/324FA6815CF13697DE6A34056E0450B5.jpg,,/product/champo-familiar/5604260290628
22254,Champô Limão & Argila,3600542027533,11758,10071,Embalagem de 400 ml,Garnier,,"15,16€/L","3,79€",https://cdn.intermarche.pt/pt/Content/images/boitmal/produit/zoom/E3CC3793DBEA441FB5E435D1445DE8F2.jpg,2024-09-25T22:59:59.999Z,/product/champo-limao-&-argila/3600542027533
33536,Champô leite amêndoa,3600542182485,11758,10071,400 ml,Garnier,,"9,48€/L","3,79€",https://cdn.intermarche.pt/pt/Content/images/boitmal/produit/zoom/F3B1CF4AEFF71FB10FB8C2143F7B79A7.jpg,2024-09-25T22:59:59.999Z,/product/champo-leite-amendoa/3600542182485
52302,Champô Ultra Suave Carvão,3600542512428,11758,10071,Embalagem de 400ml,Garnier,,"9,48€/L","3,79€",https://cdn.intermarche.pt/pt/Content/images/boitmal/produit/zoom/8126B6DDAA84D0A1234F6E7D42BC7B29.jpg,2024-09-25T22:59:59.999Z,/product/champo-ultra-suave-carvao/3600542512428
25331,Champô Leite de Coco e Macadâmia,3600542075015,11758,10071,Embalagem com 400 ml,Garnier,,"9,48€/L","3,79€",https://cdn.intermarche.pt/pt/Content/images/boitmal/produit/zoom/32C336B9D33C06DAFE850C5DF44E7250.jpg,2024-09-25T22:59:59.999Z,/product/champo-leite-de-coco-e-macadamia/3600542075015
4400,Champô gama maravilhosa,3600541533226,11758,10071,Embalagem de 400 ml,Garnier,,"9,48€/L","3,79€",https://cdn.intermarche.pt/pt/Content/images/boitmal/produit/zoom/28CA81276EA21AB8CD8D9A9F969FF989.jpg,2024-09-25T22:59:59.999Z,/product/champo-gama-maravilhosa/3600541533226
25334,Champô Água de Coco e Aloe Vera,3600542087711,11758,10071,Embalagem com 400 ml,Garnier,,"9,48€/L","3,79€",https://cdn.intermarche.pt/pt/Content/images/boitmal/produit/zoom/6AF4658212F1BF0CEE8C3ACF1FE15B99.jpg,2024-09-25T22:59:59.999Z,/product/champo-agua-de-coco-e-aloe-vera/3600542087711
4310,"Champô de camomila, 400 ml",3600540362384,11758,10071,,Garnier,,"8,98€/L","3,59€",https://cdn.intermarche.pt/pt/Content/images/boitmal/produit/zoom/3682EA1516F924548CF0016D3C028605.jpg,2024-09-25T22:59:59.999Z,/product/champo-de-camomila-400-ml/3600540362384
28637,Champô Long&Sublime,8410436307222,11758,10071,Embalagem de 250 ml,Gliss,,"11,16€/L","2,79€",https://cdn.intermarche.pt/pt/Content/images/boitmal/produit/zoom/49845631DCACA8A98C5F67153834210A.jpg,2024-10-04T22:59:59.999Z,/product/champo-long&sublime/8410436307222
45029,"Champô camomila, 400 ml",3600542369794,11758,10071,,Garnier,,"9,48€/L","3,79€",https://cdn.intermarche.pt/pt/Content/images/boitmal/produit/zoom/73403B5ECEB69F8724178BEE15399F77.jpg,2024-09-25T22:59:59.999Z,/product/champo-camomila-400-ml/3600542369794
21357,Champô color protect,8410436235549,11758,10071,Embalagem de 250 ml,Gliss,,"11,16€/L","2,79€",https://cdn.intermarche.pt/pt/Content/images/boitmal/produit/zoom/EF3681F69BFE6202B923352B1491C761.jpg,2024-10-04T22:59:59.999Z,/product/champo-color-protect/8410436235549
27895,Champô Riqueza D'Argão,3600542139977,11758,10071,Embalagem de 400 ml,Garnier,,"9,48€/L","3,79€",https://cdn.intermarche.pt/pt/Content/images/boitmal/produit/zoom/8428BBAA939FAE56FE9F8C8E31454CAF.jpg,2024-09-25T22:59:59.999Z,/product/champo-riqueza-d'argao/3600542139977
54277,"Shampoo Água de Arroz, 400ml",3600542571982,11758,10071,,Garnier,,"9,48€/L","3,79€",https://cdn.intermarche.pt/pt/Content/images/boitmal/produit/zoom/633F76135084FA5A4EDBF3B3A51265C6.jpg,2024-09-25T22:59:59.999Z,/product/shampoo-agua-de-arroz-400ml/3600542571982
43520,Champô argila cabelos normais,8411300478116,11758,10071,Embalagem com 400ml,Elvive,,"14,98€/L","5,99€",https://cdn.intermarche.pt/pt/Content/images/boitmal/produit/zoom/4FA9549FFEB000EE016E8AB88BD8B66F.jpg,,/product/champo-argila-cabelos-normais/8411300478116
8329,Champô color-vive,5601036207231,11758,10071,Embalagem de 250 ml,Elvive,,"15,96€/L","3,99€",https://cdn.intermarche.pt/pt/Content/images/boitmal/produit/zoom/CA0094685BB8B59868B7F520922AA975.jpg,,/product/champo-color-vive/5601036207231
10980,Champô nutri proteção,3250391506002,11758,10071,Embalagem de 250 ml,Labell,,"5,56€/L","1,39€",https://cdn.intermarche.pt/pt/Content/images/boitmal/produit/zoom/9980FCE99FC18C7C98690E1AEC40181A.jpg,,/product/champo-nutri-protecao/3250391506002
12819,Champô total repair,3600522023883,11758,10071,Embalagem de 400 ml,Elvive,,"14,98€/L","5,99€",https://cdn.intermarche.pt/pt/Content/images/boitmal/produit/zoom/EA7D6E07CD09475944FC0B7344377C93.jpg,,/product/champo-total-repair/3600522023883
4236,Champô color-vive,3600521519479,11758,10071,Embalagem de 400 ml,Elvive,,"14,98€/L","5,99€",https://cdn.intermarche.pt/pt/Content/images/boitmal/produit/zoom/9488D59592F5790FC0E9B4078309C960.jpg,,/product/champo-color-vive/3600521519479
27891,Champô Reconstrutor Dream Long,3600523586387,11758,10071,Embalagem de 400 ml,Elvive,,"14,98€/L","5,99€",https://cdn.intermarche.pt/pt/Content/images/boitmal/produit/zoom/84CC356C36067BE7C6654BA5E8036F86.jpg,,/product/champo-reconstrutor-dream-long/3600523586387
36806,Champô 3 em 1 anti-caspa,8001090639011,11758,10071,Embalagem de 300 ml,Pantene,,"16,63€/L","4,99€",https://cdn.intermarche.pt/pt/Content/images/boitmal/produit/zoom/8746DD75302C2EE11A6AA00EB69F26D7.jpg,,/product/champo-3-em-1-anti-caspa/8001090639011
5063,"Champô para crianças, alperce",5601036303148,11758,10071,Embalagem de 250 ml,Garnier,,"14,76€/L","3,69€",https://cdn.intermarche.pt/pt/Content/images/boitmal/produit/zoom/0FADA19591C6134DFC18CB4B52991ADB.jpg,,/product/champo-para-criancas-alperce/5601036303148
28583,Champô Caracóis Perfeitos,8006540876213,11758,10071,385 ml,Pantene,,"15,56€/L","5,99€",https://cdn.intermarche.pt/pt/Content/images/boitmal/produit/zoom/0B37A3422C290D74458F14C6AA3B3486.jpg,,/product/champo-caracois-perfeitos/8006540876213
32400,Champô Anticaspa,8006540876947,11758,10071,385 ml,Pantene,,"15,56€/L","5,99€",https://cdn.intermarche.pt/pt/Content/images/boitmal/produit/zoom/C394656D5A326E8E294168046065036F.jpg,,/product/champo-anticaspa/8006540876947
33406,Champô amêndoa 2 em 1,3250392602840,11758,10071,Embalagem de 400 ml,Labell,,"4,23€/L","1,69€",https://cdn.intermarche.pt/pt/Content/images/boitmal/produit/zoom/E14AFD4446E65829A0F5220602944A9D.jpg,,/product/champo-amendoa-2-em-1/3250392602840
12825,Champô Arginina,3600522282006,11758,10071,Embalagem de 400 ml,Elvive,,"14,98€/L","5,99€",https://cdn.intermarche.pt/pt/Content/images/boitmal/produit/zoom/832D274A47C2AA7B477B5C7301E042D6.jpg,,/product/champo-arginina/3600522282006
24579,Champô força e brilho,3600541946309,11758,10071,Embalagem com 400 ml,Fructis,,"14,98€/L","5,99€",https://cdn.intermarche.pt/pt/Content/images/boitmal/produit/zoom/889DD4760AF67C7030DF4A37769866C1.jpg,,/product/champo-forca-e-brilho/3600541946309
26485,Champô Hidraliso,3600542034074,11758,10071,Embalagem de 400 ml,Fructis,,"14,98€/L","5,99€",https://cdn.intermarche.pt/pt/Content/images/boitmal/produit/zoom/C2E0C40688CAB3AE7D5A72BCE5A3B761.jpg,,/product/champo-hidraliso/3600542034074
27896,Champô Riqueza D'Argão,3600542139984,11758,10071,Embalagem de 250 ml,Garnier,,"8,98€/L","3,59€",https://cdn.intermarche.pt/pt/Content/images/boitmal/produit/zoom/7293457F28DEF21E8565EC96AA514271.jpg,,/product/champo-riqueza-d'argao/3600542139984
4309,Champô hydra caracóis,3600540342461,11758,10071,Embalagem de 250 ml,Fructis,,"15,96€/L","3,99€",https://cdn.intermarche.pt/pt/Content/images/boitmal/produit/zoom/3FF362631286B786639AE724AB7322DA.jpg,,/product/champo-hydra-caracois/3600540342461
24583,Champô hidra caracóis,3600541946262,11758,10071,Embalagem de 400 ml,Fructis,,"14,98€/L","5,99€",https://cdn.intermarche.pt/pt/Content/images/boitmal/produit/zoom/23FB1A9BD2556C983C108B149D937211.jpg,,/product/champo-hidra-caracois/3600541946262
33657,Champô violeta matizador antiamarelecimento,3600523682799,11758,10071,Embalagem de 200 ml,Elvive,,"29,95€/L","5,99€",https://cdn.intermarche.pt/pt/Content/images/boitmal/produit/zoom/D60B4E0CE58FB72EFAFE6372F8D8B50F.jpg,,/product/champo-violeta-matizador-antiamarelecimento/3600523682799
4255,Champô arginina,3600522016069,11758,10071,Embalagem de 250 ml,Elvive,,"15,96€/L","3,99€",https://cdn.intermarche.pt/pt/Content/images/boitmal/produit/zoom/944029A9C44E20712CA80A0AB48C8BC9.jpg,,/product/champo-arginina/3600522016069
51683,Champô 5 plantas cabelos normais,5604260326976,11758,10071,Embalagem de 500 ml,Labell,,"5,58€/L","2,79€",https://cdn.intermarche.pt/pt/Content/images/boitmal/produit/zoom/751043CEDFD6037E97E2AC818C9CA692.jpg,,/product/champo-5-plantas-cabelos-normais/5604260326976
7827,Champô Classic,8006540876039,11758,10071,Embalagem de 385 ml,Pantene,,"15,56€/L","5,99€",https://cdn.intermarche.pt/pt/Content/images/boitmal/produit/zoom/098EB270BD10DFDDE6327DD100D78985.jpg,,/product/champo-classic/8006540876039
12854,"Champô de criança, cereja",3600540809483,11758,10071,Embalagem de 250 ml,Garnier,,"13,16€/L","3,29€",https://cdn.intermarche.pt/pt/Content/images/boitmal/produit/zoom/1F5632CE3F05755F626A8F35BED7B87B.jpg,,/product/champo-de-crianca-cereja/3600540809483
25329,Champô Óleo Extraordinário Coco,3600523493654,11758,10071,Embalagem de 400 ml,Elvive,,"14,98€/L","5,99€",https://cdn.intermarche.pt/pt/Content/images/boitmal/produit/zoom/86FC06DD0D7EE3332EF69255626438B0.jpg,,/product/champo-oleo-extraordinario-coco/3600523493654
35258,Champô bio cabelos normais,3250392149529,11758,10071,Embalagem de 250 ml,Labell Bio,,"7,96€/L","1,99€",https://cdn.intermarche.pt/pt/Content/images/boitmal/produit/zoom/6744F081191FE2EFFCA43F1970FF8B12.jpg,,/product/champo-bio-cabelos-normais/3250392149529
18427,Amaciador Tesouros de Mel,3600541743922,11759,10071,Embalagem de 400 ml,Garnier,,"9,48€/L","3,79€",https://cdn.intermarche.pt/pt/Content/images/boitmal/produit/zoom/B4091EC57C459EFD1BDBC735001CDFEF.jpg,2024-09-25T22:59:59.999Z,/product/amaciador-tesouros-de-mel/3600541743922
33659,Condicionador leite amêndoa,3600542182492,11759,10071,Embalagem de 400 ml,Garnier,,"9,48€/L","3,79€",https://cdn.intermarche.pt/pt/Content/images/boitmal/produit/zoom/DEAD82467DDC93B6370C614580E5C99E.jpg,2024-09-25T22:59:59.999Z,/product/condicionador-leite-amendoa/3600542182492
25338,Condicionador Leite de Coco e Macadâmia,3600542075350,11759,10071,Embalagem de 400 ml,Garnier,,"9,48€/L","3,79€",https://cdn.intermarche.pt/pt/Content/images/boitmal/produit/zoom/5E8E5BE7843BC84D401EC87981F1391B.jpg,2024-09-25T22:59:59.999Z,/product/condicionador-leite-de-coco-e-macadamia/3600542075350
16869,Amaciador Nutritivo com Óleos Maravilhosos,3600541575790,11759,10071,Embalagem de 400 ml,Garnier,,"9,48€/L","3,79€",https://cdn.intermarche.pt/pt/Content/images/boitmal/produit/zoom/A1E72E12671EF8522EC8B1125864013C.jpg,2024-09-25T22:59:59.999Z,/product/amaciador-nutritivo-com-oleos-maravilhosos/3600541575790
35753,Creme para pentear caracóis,8001841240640,11759,10071,270 ml,Pantene,,"22,19€/L","5,99€",https://cdn.intermarche.pt/pt/Content/images/boitmal/produit/zoom/574B3E314AF635DCDB9A6448E3C017C1.jpg,2024-09-25T22:59:59.999Z,/product/creme-para-pentear-caracois/8001841240640
36807,Condicionador repara e protege,8001090374462,11759,10071,Embalagem de 200 ml,Pantene,,"22,45€/L","4,49€",https://cdn.intermarche.pt/pt/Content/images/boitmal/produit/zoom/3A2682FB48632A600621FBE47BA7FEAF.jpg,2024-09-25T22:59:59.999Z,/product/condicionador-repara-e-protege/8001090374462
48922,Máscara Caracóis Perfeitos,8006540417072,11759,10071,300 ml,Pantene,,"16,47€/L","4,94€",https://cdn.intermarche.pt/pt/Content/images/boitmal/produit/zoom/EB7E52D162BFDEBC6AEA41630D49AB71.jpg,2024-09-25T22:59:59.999Z,/product/mascara-caracois-perfeitos/8006540417072
24586,Condicionador abacate,3600541946293,11759,10071,Embalagem de 400 ml,Garnier,,"9,48€/L","3,79€",https://cdn.intermarche.pt/pt/Content/images/boitmal/produit/zoom/C5EB58C1545FD8E4BAD494C97A04FE68.jpg,2024-09-25T22:59:59.999Z,/product/condicionador-abacate/3600541946293
15463,Spray Condicionador Express Oil Nutrition,8410436165648,11759,10071,Embalagem de 200ml,Gliss,,"19,95€/L","3,99€",https://cdn.intermarche.pt/pt/Content/images/boitmal/produit/zoom/E82162E68CB35BD87DFD98C6B523EDBF.jpg,2024-10-04T22:59:59.999Z,/product/spray-condicionador-express-oil-nutrition/8410436165648
25339,Condicionador Água de Coco e Aloé Vera,3600542075343,11759,10071,Embalagem de 400 ml,Garnier,,"9,48€/L","3,79€",https://cdn.intermarche.pt/pt/Content/images/boitmal/produit/zoom/A7E3A377513CFB2FB643A4FF2C50970D.jpg,2024-09-25T22:59:59.999Z,/product/condicionador-agua-de-coco-e-aloe-vera/3600542075343
27919,Condicionador Riqueza D'Argão,3600542140058,11759,10071,Embalagem de 400 ml,Garnier,,"9,48€/L","3,79€",https://cdn.intermarche.pt/pt/Content/images/boitmal/produit/zoom/6EEEB43D831B31372269D9B3F1BDF816.jpg,2024-09-25T22:59:59.999Z,/product/condicionador-riqueza-d'argao/3600542140058
28638,Condicionador Long&Sublime,8410436307383,11759,10071,Embalagem de 200 ml,Gliss,,"13,95€/L","2,79€",https://cdn.intermarche.pt/pt/Content/images/boitmal/produit/zoom/183861D8561D5F0F706EE94B1432D883.jpg,2024-10-04T22:59:59.999Z,/product/condicionador-long&sublime/8410436307383
43418,Sérum selador de pontas abertas,8001841889573,11759,10071,75 ml,Pantene,,"99,87€/L","7,49€",https://cdn.intermarche.pt/pt/Content/images/boitmal/produit/zoom/1B5D0C56A8BEBCCB389999487B45B4A3.jpg,2024-09-25T22:59:59.999Z,/product/serum-selador-de-pontas-abertas/8001841889573
48920,Máscara Hidratante repara e protege,8006540417119,11759,10071,300 ml,Pantene,,"16,47€/L","4,94€",https://cdn.intermarche.pt/pt/Content/images/boitmal/produit/zoom/F57A085460D9603C4FB629C8C537D5EB.jpg,2024-09-25T22:59:59.999Z,/product/mascara-hidratante-repara-e-protege/8006540417119
12391,Elixir oil,8410436183338,11759,10071,Embalagem de 75 ml,Gliss,,"79,87€/L","5,99€",https://cdn.intermarche.pt/pt/Content/images/boitmal/produit/zoom/099A071CBB18C995CB02ADE470EFFCD5.jpg,2024-10-04T22:59:59.999Z,/product/elixir-oil/8410436183338
15462,Condicionador Ultimate Color,8410436165495,11759,10071,Embalagem de 200 ml,Gliss,,"13,95€/L","2,79€",https://cdn.intermarche.pt/pt/Content/images/boitmal/produit/zoom/BF2979B3BEBCAEF7F06410F9DA1FEE9D.jpg,2024-10-04T22:59:59.999Z,/product/condicionador-ultimate-color/8410436165495
15464,Spray Condicionador Express Reparação Total 19,8410436168090,11759,10071,Embalagem de 200ml,Gliss,,"19,95€/L","3,99€",https://cdn.intermarche.pt/pt/Content/images/boitmal/produit/zoom/AD752DB07482702E2A35B54FAA82F50C.jpg,2024-10-04T22:59:59.999Z,/product/spray-condicionador-express-reparacao-total-19/8410436168090
18428,Amaciador Delicadeza de Aveia,3600541888197,11759,10071,Embalagem de 400 ml,Garnier,,"9,48€/L","3,79€",https://cdn.intermarche.pt/pt/Content/images/boitmal/produit/zoom/C66C70930530F5A1EE5AE1CA8230FA2F.jpg,2024-09-25T22:59:59.999Z,/product/amaciador-delicadeza-de-aveia/3600541888197
28765,Spray Condicionador Long e Sublime,8410436307277,11759,10071,Embalagem de 200 ml,Gliss,,"19,95€/L","3,99€",https://cdn.intermarche.pt/pt/Content/images/boitmal/produit/zoom/E8C1F6F5ADA285DE9E8F186FA40794B2.jpg,2024-10-04T22:59:59.999Z,/product/spray-condicionador-long-e-sublime/8410436307277
35409,Creme para pentear ondas com movimento,8001841240541,11759,10071,270 ml,Pantene,,"22,19€/L","5,99€",https://cdn.intermarche.pt/pt/Content/images/boitmal/produit/zoom/BA723C838BF5911775B214680D7F1982.jpg,2024-09-25T22:59:59.999Z,/product/creme-para-pentear-ondas-com-movimento/8001841240541
44593,Condicionador Camomila,3600541946286,11759,10071,Embalagem de 400 ml,Garnier,,"9,48€/L","3,79€",https://cdn.intermarche.pt/pt/Content/images/boitmal/produit/zoom/F04D1E5D7B5BC4C16694F0AF1D7F57FA.jpg,2024-09-25T22:59:59.999Z,/product/condicionador-camomila/3600541946286
48921,Máscara Liso e Sedoso,8006540417157,11759,10071,300 ml,Pantene,,"16,47€/L","4,94€",https://cdn.intermarche.pt/pt/Content/images/boitmal/produit/zoom/643829EDA57D5ADED472077BB0F4DDDE.jpg,2024-09-25T22:59:59.999Z,/product/mascara-liso-e-sedoso/8006540417157
53733,Sérum Cabelo Pós Lavagem sem Enxaguar Longo Infinito,8006540849774,11759,10071,Embalagem de 200ml,Pantene,,"22,45€/L","4,49€",https://cdn.intermarche.pt/pt/Content/images/boitmal/produit/zoom/CB4142B0B300AB9CEB433FA86C392B0E.jpg,2024-09-25T22:59:59.999Z,/product/serum-cabelo-pos-lavagem-sem-enxaguar-longo-infinito/8006540849774
53734,Máscara Cabelo Longo Infinito,8006540849811,11759,10071,Embalagem de 300ml,Pantene,,"19,97€/L","5,99€",https://cdn.intermarche.pt/pt/Content/images/boitmal/produit/zoom/F1CB0A2A60DD17F498F26DCBACDE308D.jpg,2024-09-25T22:59:59.999Z,/product/mascara-cabelo-longo-infinito/8006540849811
53735,Spray Cabelo Fortificante Longo Infinito,8006540849859,11759,10071,Embalagem de 200ml,Pantene,,"37,45€/L","7,49€",https://cdn.intermarche.pt/pt/Content/images/boitmal/produit/zoom/39260CBEB38D3B9D6C7CBD5224C92AE7.jpg,2024-09-25T22:59:59.999Z,/product/spray-cabelo-fortificante-longo-infinito/8006540849859
54278,"Amaciador Água de Arroz, 400ml",3600542572149,11759,10071,,Garnier,,"9,48€/L","3,79€",https://cdn.intermarche.pt/pt/Content/images/boitmal/produit/zoom/ED92659A67CBB495314CC610B7907F8C.jpg,2024-09-25T22:59:59.999Z,/product/amaciador-agua-de-arroz-400ml/3600542572149
54327,"Máscara Bomb Proteína Caracóis, 320ml",3600542024051,11759,10071,,Fructis,,"15,28€/L","4,89€",https://cdn.intermarche.pt/pt/Content/images/boitmal/produit/zoom/95B5737706AA005A91FAF03D84AE414E.jpg,2024-10-04T22:59:59.999Z,/product/mascara-bomb-proteina-caracois-320ml/3600542024051
54328,"Máscara Bomb Biotina Fortificante, 320ml",3600542542807,11759,10071,,Fructis,,"15,28€/L","4,89€",https://cdn.intermarche.pt/pt/Content/images/boitmal/produit/zoom/0F1207AEE207389D610035CA924B9803.jpg,2024-10-04T22:59:59.999Z,/product/mascara-bomb-biotina-fortificante-320ml/3600542542807
54329,"Máscara Hidraliso, 320ml",3600541969728,11759,10071,,Fructis,,"15,28€/L","4,89€",https://cdn.intermarche.pt/pt/Content/images/boitmal/produit/zoom/3CE6C640B903AD708F40C136BB6103CA.jpg,2024-10-04T22:59:59.999Z,/product/mascara-hidraliso-320ml/3600541969728
54330,"Máscara Adeus Danos, 320ml",3600542023962,11759,10071,,Fructis,,"15,28€/L","4,89€",https://cdn.intermarche.pt/pt/Content/images/boitmal/produit/zoom/8F6AEE494BC9382DBD638780073F8B43.jpg,2024-10-04T22:59:59.999Z,/product/mascara-adeus-danos-320ml/3600542023962
54460,"Máscara Cabelo Color Radiance 4 Em 1, 400ml",8015700167801,11759,10071,,Gliss,,"12,48€/L","4,99€",https://cdn.intermarche.pt/pt/Content/images/boitmal/produit/zoom/160680EC11761F2D066F45AFE87A7887.jpg,2024-10-04T22:59:59.999Z,/product/mascara-cabelo-color-radiance-4-em-1-400ml/8015700167801
54471,"Máscara Cabelo Pro-V Miracles Controlo Frizz, 300ml",8700216173186,11759,10071,,Pantene,,"32,47€/L","9,74€",https://cdn.intermarche.pt/pt/Content/images/boitmal/produit/zoom/394EDB306AE85C1D941C5F5A592E8626.jpg,2024-09-25T22:59:59.999Z,/product/mascara-cabelo-pro-v-miracles-controlo-frizz-300ml/8700216173186
54472,"Sérum Cabelo Pro-V Miracles Controlo Frizz, 70ml",8700216280877,11759,10071,,Pantene,,"70,57€/L","4,94€",https://cdn.intermarche.pt/pt/Content/images/boitmal/produit/zoom/078B30B62ABF4510E8DF2875A5A25A67.jpg,2024-09-25T22:59:59.999Z,/product/serum-cabelo-pro-v-miracles-controlo-frizz-70ml/8700216280877
54474,"Fortalecedor Raízes Pro-V Miracles Crescimento Com Força, 100ml",8700216233163,11759,10071,,Pantene,,"149,90€/L","14,99€",https://cdn.intermarche.pt/pt/Content/images/boitmal/produit/zoom/5810BDA39219478E318DDBAE607CA872.jpg,2024-09-25T22:59:59.999Z,/product/fortalecedor-raizes-pro-v-miracles-crescimento-com-forca-100ml/8700216233163
54477,"Máscara Cabelo Pro-V Miracles Bond Repair, 300ml",8700216173391,11759,10071,,Pantene,,"32,47€/L","9,74€",https://cdn.intermarche.pt/pt/Content/images/boitmal/produit/zoom/24D4D89AD84CC8E397D5D6171A4DCF61.jpg,2024-09-25T22:59:59.999Z,/product/mascara-cabelo-pro-v-miracles-bond-repair-300ml/8700216173391
54478,"Condicionador Intensivo Pro-V Miracles Bond Repair, 150ml",8700216178112,11759,10071,,Pantene,,"99,93€/L","14,99€",https://cdn.intermarche.pt/pt/Content/images/boitmal/produit/zoom/1A11A9CB93FB40CBA30010D648DD72D7.jpg,2024-09-25T22:59:59.999Z,/product/condicionador-intensivo-pro-v-miracles-bond-repair-150ml/8700216178112
54610,"Máscara Cabelo Pro-V Miracles Hidratação e Brilho, 300ml",8700216173155,11759,10071,,Pantene,,"32,47€/L","9,74€",https://cdn.intermarche.pt/pt/Content/images/boitmal/produit/zoom/AC082DBEAECA04A2802E3E58597B8CA7.jpg,2024-09-25T22:59:59.999Z,/product/mascara-cabelo-pro-v-miracles-hidratacao-e-brilho-300ml/8700216173155
54611,"Máscara Pro-V Miracles Sedoso e Brilhante, 300ml",8700216173100,11759,10071,,Pantene,,"32,47€/L","9,74€",https://cdn.intermarche.pt/pt/Content/images/boitmal/produit/zoom/A1BBF49C9DD099C7BD922682C4C92D50.jpg,2024-09-25T22:59:59.999Z,/product/mascara-pro-v-miracles-sedoso-e-brilhante-300ml/8700216173100
27921,Mascara Dream Long,3600523587315,11759,10071,Embalagem de 200 ml,Elvive,,"34,95€/L","6,99€",https://cdn.intermarche.pt/pt/Content/images/boitmal/produit/zoom/61D0C91F4BB2FE4F8431D0BB37B06E71.jpg,,/product/mascara-dream-long/3600523587315
51692,Máscara Abacate e Karité,5604260326969,11759,10071,Embalagem de 300 ml,Labell,,"8,63€/L","2,59€",https://cdn.intermarche.pt/pt/Content/images/boitmal/produit/zoom/BA175796EFCB993A2AC83C77FDFF75CE.jpg,,/product/mascara-abacate-e-karite/5604260326969
10225,Coloração Permanente Preto |1.0,8410436170734,11760,10071,,Palette,,"3,89€/Unidade","3,89€",https://cdn.intermarche.pt/pt/Content/images/boitmal/produit/zoom/3D320481C3E167112FB4631E709E7762.jpg,2024-10-04T22:59:59.999Z,/product/coloracao-permanente-preto-|1.0/8410436170734
10229,Coloração Permanente Louro Escuro |6,8410436171014,11760,10071,,Palette,,"3,89€/Unidade","3,89€",https://cdn.intermarche.pt/pt/Content/images/boitmal/produit/zoom/7FC818F9C38775A51FAF7DC630A628FB.jpg,2024-10-04T22:59:59.999Z,/product/coloracao-permanente-louro-escuro-|6/8410436171014
10226,Coloração Permanente Castanho Chocolate |3.65,8410436170888,11760,10071,,Palette,,"3,89€/Unidade","3,89€",https://cdn.intermarche.pt/pt/Content/images/boitmal/produit/zoom/C83CC9CF839331A4D00913EF6A03BF54.jpg,2024-10-04T22:59:59.999Z,/product/coloracao-permanente-castanho-chocolate-|3.65/8410436170888
10227,Coloração Permanente Caju |3.68,8410436170932,11760,10071,,Palette,,"3,89€/Unidade","3,89€",https://cdn.intermarche.pt/pt/Content/images/boitmal/produit/zoom/61B25CA5E13B26960CE84ABB6D8AD286.jpg,2024-10-04T22:59:59.999Z,/product/coloracao-permanente-caju-|3.68/8410436170932
10230,Coloração Permanente Preto Azulado |1.1,8410436171052,11760,10071,,Palette,,"3,89€/Unidade","3,89€",https://cdn.intermarche.pt/pt/Content/images/boitmal/produit/zoom/CCD23953C6EA7FEE418C1C7B5327B9BB.jpg,2024-10-04T22:59:59.999Z,/product/coloracao-permanente-preto-azulado-|1.1/8410436171052
18976,"Coloração permanente, castanho caramelo nº5.6",8410436210454,11760,10071,1 unidade,Palette,,"3,89€/Unidade","3,89€",https://cdn.intermarche.pt/pt/Content/images/boitmal/produit/zoom/448FDBE5165CB96A8A4D50639AA5F247.jpg,2024-10-04T22:59:59.999Z,/product/coloracao-permanente-castanho-caramelo-nº5.6/8410436210454
49658,Coloração Permanente Castanho Claro Nº 5,8410436409933,11760,10071,,Palette,,"5,59€/Unidade","5,59€",https://cdn.intermarche.pt/pt/Content/images/boitmal/produit/zoom/BDCD679519702665CB5143875311456C.jpg,2024-10-04T22:59:59.999Z,/product/coloracao-permanente-castanho-claro-nº-5/8410436409933
53571,Coloração 4-99 Violino,8410436170451,11760,10071,,Palette,,"3,89€/Unidade","3,89€",https://cdn.intermarche.pt/pt/Content/images/boitmal/produit/zoom/F69619F6FDA55BA60205D368913BE703.jpg,2024-10-04T22:59:59.999Z,/product/coloracao-4-99-violino/8410436170451
53818,Coloração Retoca Raízes Compact Root Retouch Castanho,8410436409636,11760,10071,Embalagem de 1 un.,Palette,,"5,59€/Unidade","5,59€",https://cdn.intermarche.pt/pt/Content/images/boitmal/produit/zoom/E922BB70FD4C4C0E3B14F0989B25CD88.jpg,2024-10-04T22:59:59.999Z,/product/coloracao-retoca-raizes-compact-root-retouch-castanho/8410436409636
53819,Coloração Retoca Raízes Compact Root Retouch Louro Escuro,8410436409858,11760,10071,Embalagem de 1 un.,Palette,,"5,59€/Unidade","5,59€",https://cdn.intermarche.pt/pt/Content/images/boitmal/produit/zoom/C01EE16005A11AA493FA759AE61A0012.jpg,2024-10-04T22:59:59.999Z,/product/coloracao-retoca-raizes-compact-root-retouch-louro-escuro/8410436409858
53820,Coloração Retoca Raízes Compact Root Retouch Preto,8410436410038,11760,10071,Embalagem de 1 un.,Palette,,"5,59€/Unidade","5,59€",https://cdn.intermarche.pt/pt/Content/images/boitmal/produit/zoom/18FC3AC98DF42B21BF1F3AA13BC62117.jpg,2024-10-04T22:59:59.999Z,/product/coloracao-retoca-raizes-compact-root-retouch-preto/8410436410038
10357,"Coloração permanente, castanho dourado, nº43",8411300041686,11760,10071,1 unidade,Nutrisse,,"8,99€/Unidade","8,99€",https://cdn.intermarche.pt/pt/Content/images/boitmal/produit/zoom/F3CAD81C888E9FFE93917424EC3657D7.jpg,,/product/coloracao-permanente-castanho-dourado-nº43/8411300041686
48278,Coloração permanente chocolate nº 6.35,3600520968261,11760,10071,1 unidade,Excellence,,"9,49€/Unidade","9,49€",https://cdn.intermarche.pt/pt/Content/images/boitmal/produit/zoom/817C633E41F17B00953A79E27C95660D.jpg,,/product/coloracao-permanente-chocolate-nº-6.35/3600520968261
6556,"Coloração permanente, louro escuro nº6",8411300565052,11760,10071,1 unidade,Excellence,,"9,49€/Unidade","9,49€",https://cdn.intermarche.pt/pt/Content/images/boitmal/produit/zoom/046670657520E90973C411B21F396F6F.jpg,,/product/coloracao-permanente-louro-escuro-nº6/8411300565052
6561,"Coloração permanente, louro natural, nº8.1",8411300565120,11760,10071,1 unidade,Excellence,,"9,49€/Unidade","9,49€",https://cdn.intermarche.pt/pt/Content/images/boitmal/produit/zoom/1940E9A7D591433F63C907B00C0AB069.jpg,,/product/coloracao-permanente-louro-natural-nº8.1/8411300565120
10394,"Coloração permanente, preto natural, nº3",8411300565021,11760,10071,1 unidade,Excellence,,"9,49€/Unidade","9,49€",https://cdn.intermarche.pt/pt/Content/images/boitmal/produit/zoom/3AE4B048E3BBB64A5FDE33709033D254.jpg,,/product/coloracao-permanente-preto-natural-nº3/8411300565021
11116,"Coloração permanente, caramelo avelã, nº 6.41",3600521639221,11760,10071,1 unidade,Excellence,,"9,49€/Unidade","9,49€",https://cdn.intermarche.pt/pt/Content/images/boitmal/produit/zoom/EDE5C11388B45D615C78C1EFF7F11BEA.jpg,,/product/coloracao-permanente-caramelo-avela-nº-6.41/3600521639221
12859,"Coloração permanente, castanho tiramissu nº4.15",3600541043176,11760,10071,1 unidade,Nutrisse,,"8,99€/Unidade","8,99€",https://cdn.intermarche.pt/pt/Content/images/boitmal/produit/zoom/3DD39849E806A8E12336B08F658CBD79.jpg,,/product/coloracao-permanente-castanho-tiramissu-nº4.15/3600541043176
12860,"Coloração permanente, vermelho ousado nº5.62",3600541043190,11760,10071,1 unidade,Nutrisse,,"8,99€/Unidade","8,99€",https://cdn.intermarche.pt/pt/Content/images/boitmal/produit/zoom/ACDF101EBCADF5D8C7D4F1830BB4D6DA.jpg,,/product/coloracao-permanente-vermelho-ousado-nº5.62/3600541043190
14250,Colaração Permanete Castanho Claro Dourado 5.3,5601036205596,11760,10071,1 unidade,Excellence,,"9,49€/Unidade","9,49€",https://cdn.intermarche.pt/pt/Content/images/boitmal/produit/zoom/E776E03B14AA4B542BF2A9571B5B02F4.jpg,,/product/colaracao-permanete-castanho-claro-dourado-5.3/5601036205596
4226,"Coloração tom sobre tom, semi permanente, preto, azul, nº210",3600520983783,11760,10071,1 unidade,Casting,,"9,99€/Unidade","9,99€",https://cdn.intermarche.pt/pt/Content/images/boitmal/produit/zoom/7F70B112B3BF4CA1D49AE56264C97621.jpg,,/product/coloracao-tom-sobre-tom-semi-permanente-preto-azul-nº210/3600520983783
4227,"Coloração tom sobre tom, semi permanente, nº400",3600520983813,11760,10071,1 unidade,Casting,,"9,99€/Unidade","9,99€",https://cdn.intermarche.pt/pt/Content/images/boitmal/produit/zoom/92F706D45D099C77A0297964A2A0E2EC.jpg,,/product/coloracao-tom-sobre-tom-semi-permanente-nº400/3600520983813
4234,"Coloração tom sobre tom, semi-permanente, chocolate, nº535",3600521188668,11760,10071,1 unidade,Casting,,"9,99€/Unidade","9,99€",https://cdn.intermarche.pt/pt/Content/images/boitmal/produit/zoom/FE16C14522C75749173DEA36BDC4757E.jpg,,/product/coloracao-tom-sobre-tom-semi-permanente-chocolate-nº535/3600521188668
42870,Root Retoucher louro claro,8410436289450,11760,10071,,Schwarzkopf,,"99,92€/L","11,99€",https://cdn.intermarche.pt/pt/Content/images/boitmal/produit/zoom/459274083D81A16462DDF694685E2EC2.jpg,,/product/root-retoucher-louro-claro/8410436289450
44467,Magic Retouch Spray Retoca Raízes Castanho Escuro,3600523683291,11760,10071,100 ml,L'oreal,,"99,90€/L","9,99€",https://cdn.intermarche.pt/pt/Content/images/boitmal/produit/zoom/DD5A067A792BD5F7AD10D31ADA7313D8.jpg,,/product/magic-retouch-spray-retoca-raizes-castanho-escuro/3600523683291
45011,Coloração permanente preto safira 1.10,3600542306997,11760,10071,1 unidade,Olia,,"11,99€/Unidade","11,99€",https://cdn.intermarche.pt/pt/Content/images/boitmal/produit/zoom/7EB091375AAB9B9EC49D8E95EFABFD6C.jpg,,/product/coloracao-permanente-preto-safira-1.10/3600542306997
4650,Coloração Permanente Azulado 2/8,4056800559176,11760,10071,,Bellady,,"6,99€/Unidade","6,99€",https://cdn.intermarche.pt/pt/Content/images/boitmal/produit/zoom/69C9FF3195771F95BBCF1019E03887CC.jpg,,/product/coloracao-permanente-azulado-2-ou-8/4056800559176
49186,Coloração Permanente Universal Nudes 4U Castanho,3600523999231,11760,10071,1 unidade,Excellence,,"11,99€/Unidade","11,99€",https://cdn.intermarche.pt/pt/Content/images/boitmal/produit/zoom/664648CE66D062F3888D5E1815D3013B.jpg,,/product/coloracao-permanente-universal-nudes-4u-castanho/3600523999231
49187,Coloração Permanente Universal Nudes 5U Castanho Claro,3600523999248,11760,10071,1 unidade,Excellence,,"11,99€/Unidade","11,99€",https://cdn.intermarche.pt/pt/Content/images/boitmal/produit/zoom/1365233FA2B0180AAED76DDA7E84F534.jpg,,/product/coloracao-permanente-universal-nudes-5u-castanho-claro/3600523999248
49188,Coloração Permanente Universal Nudes 7U Louro,3600523999279,11760,10071,1 unidade,Excellence,,"11,99€/Unidade","11,99€",https://cdn.intermarche.pt/pt/Content/images/boitmal/produit/zoom/918DBA1E6D79D6214B3FB898E88539D6.jpg,,/product/coloracao-permanente-universal-nudes-7u-louro/3600523999279
5072,"Coloração permanente, castanho avermelhado nº 36",5601036305203,11760,10071,1 unidade,Nutrisse,,"8,99€/Unidade","8,99€",https://cdn.intermarche.pt/pt/Content/images/boitmal/produit/zoom/8D3D6F961DC03B718E99C3CE8A125B23.jpg,,/product/coloracao-permanente-castanho-avermelhado-nº-36/5601036305203
5287,"Coloração Permanente Caju, 5/5",5601171103528,11760,10071,,Bellady,,"6,99€/Unidade","6,99€",https://cdn.intermarche.pt/pt/Content/images/boitmal/produit/zoom/6942932CBEF3AB91C58A4CF99B6F6326.jpg,,/product/coloracao-permanente-caju-5-ou-5/5601171103528
54423,"Coloração Retoca Raízes Spray Moreno 2, 75ml",3600524146153,11760,10071,,L'oreal,,"119,87€/L","8,99€",https://cdn.intermarche.pt/pt/Content/images/boitmal/produit/zoom/4CC784BD4050DE0D453E994A3A0C733A.jpg,,/product/coloracao-retoca-raizes-spray-moreno-2-75ml/3600524146153
54424,"Coloração Retoca Raízes Spray Castanho 3, 75ml",3600524146160,11760,10071,,L'oreal,,"119,87€/L","8,99€",https://cdn.intermarche.pt/pt/Content/images/boitmal/produit/zoom/001848211165DE7B721FF37B22F4204A.jpg,,/product/coloracao-retoca-raizes-spray-castanho-3-75ml/3600524146160
54425,"Coloração Retoca Raízes Spray Bege, 75ml",3600524146177,11760,10071,,L'oreal,,"119,87€/L","8,99€",https://cdn.intermarche.pt/pt/Content/images/boitmal/produit/zoom/2522F1A301326DCD44890A46F35CB441.jpg,,/product/coloracao-retoca-raizes-spray-bege-75ml/3600524146177
54426,"Coloração Retoca Raízes Spray Blond 5, 75ml",3600524146184,11760,10071,,L'oreal,,"119,87€/L","8,99€",https://cdn.intermarche.pt/pt/Content/images/boitmal/produit/zoom/489F3AD9B77FA31DD011F415F3E0E20A.jpg,,/product/coloracao-retoca-raizes-spray-blond-5-75ml/3600524146184
54496,"Coloração Semi-Permanente Color Sensation Castanho 4.0, 1un.",3600542563895,11760,10071,,Garnier,,"4,99€/Unidade","4,99€",https://cdn.intermarche.pt/pt/Content/images/boitmal/produit/zoom/0D741F1F88276739A917A0A2C5B43317.jpg,,/product/coloracao-semi-permanente-color-sensation-castanho-4.0-1un./3600542563895
6544,"Coloração permanente, louro, nº 70",8411300041754,11760,10071,1 unidade,Nutrisse,,"8,99€/Unidade","8,99€",https://cdn.intermarche.pt/pt/Content/images/boitmal/produit/zoom/1BDFBCB9EC9CF449E5B430BDE0A834F5.jpg,,/product/coloracao-permanente-louro-nº-70/8411300041754
6558,"Coloração permanente, louro claro nº8",8411300565076,11760,10071,1 unidade,Excellence,,"9,49€/Unidade","9,49€",https://cdn.intermarche.pt/pt/Content/images/boitmal/produit/zoom/BD3E36BC9006470E685DF71F8D3EF7E3.jpg,,/product/coloracao-permanente-louro-claro-nº8/8411300565076
6560,"Coloração permanente, louro dourado, nº7.3",8411300565113,11760,10071,1 unidade,Excellence,,"9,49€/Unidade","9,49€",https://cdn.intermarche.pt/pt/Content/images/boitmal/produit/zoom/9DC97409DFF7206E360851979C1CB370.jpg,,/product/coloracao-permanente-louro-dourado-nº7.3/8411300565113
5045,Laca fixação normal,5601036100068,11761,10071,Embalagem de 300 ml,Elnett,,"14,97€/L","4,49€",https://cdn.intermarche.pt/pt/Content/images/boitmal/produit/zoom/CF71A80B2D5B0669E397341C40ADCC26.jpg,2024-09-25T22:59:59.999Z,/product/laca-fixacao-normal/5601036100068
4231,"Laca para cabelos pintados , 300 ml",3600521095645,11761,10071,,Elnett,,"14,97€/L","4,49€",https://cdn.intermarche.pt/pt/Content/images/boitmal/produit/zoom/FBB45C5A63EBFC40EFD00D5220D628FF.jpg,2024-09-25T22:59:59.999Z,/product/laca-para-cabelos-pintados-300-ml/3600521095645
5044,Laca fixação forte,5601036100051,11761,10071,Embalagem de 300 ml,Elnett,,"14,97€/L","4,49€",https://cdn.intermarche.pt/pt/Content/images/boitmal/produit/zoom/11A362762302E063A7B77ACB80B4C8EE.jpg,2024-09-25T22:59:59.999Z,/product/laca-fixacao-forte/5601036100051
5046,Laca fixação extra forte,5601036100099,11761,10071,Embalagem de 300 ml,Elnett,,"14,97€/L","4,49€",https://cdn.intermarche.pt/pt/Content/images/boitmal/produit/zoom/C490658F7B66B0DC41F25015CE1A41A7.jpg,2024-09-25T22:59:59.999Z,/product/laca-fixacao-extra-forte/5601036100099
12877,"Espuma cabelo, hidra caracóis",3600541219823,11761,10071,Embalagem de 200 ml,Fructis Style,,"24,95€/L","4,99€",https://cdn.intermarche.pt/pt/Content/images/boitmal/produit/zoom/AAC6D618794B322ACAFBE0F4C79F3168.jpg,,/product/espuma-cabelo-hidra-caracois/3600541219823
51504,Espuma Caracóis Perfeitos,8006540346976,11761,10071,Embalagem de 200 ml,Pantene,,"19,95€/L","3,99€",https://cdn.intermarche.pt/pt/Content/images/boitmal/produit/zoom/25BB7B1758CE71AF8E488B2CC7F521DF.jpg,,/product/espuma-caracois-perfeitos/8006540346976
12796,"Gel para o cabelo, pasta remix",3600521127490,11761,10071,Embalagem de 150 ml,Studio Line,,"43,27€/L","6,49€",https://cdn.intermarche.pt/pt/Content/images/boitmal/produit/zoom/5927CAD4B1B3370EB0203BA9CB46FEBC.jpg,,/product/gel-para-o-cabelo-pasta-remix/3600521127490
3897,"Espuma de cabelo, volume",3250391217588,11761,10071,Embalagem de 200 ml,Labell,,"5,95€/L","1,19€",https://cdn.intermarche.pt/pt/Content/images/boitmal/produit/zoom/0D2F765564CD67F5CF817DBA26187353.jpg,,/product/espuma-de-cabelo-volume/3250391217588
4303,"Espuma de cabelo, ondas&caracóis",3600540225092,11761,10071,Embalagem de 200 ml,Grafic,,"24,45€/L","4,89€",https://cdn.intermarche.pt/pt/Content/images/boitmal/produit/zoom/26D19519ECA17BDDC5964714FE8011CF.jpg,,/product/espuma-de-cabelo-ondas&caracois/3600540225092
45772,Laca fixação normal,0000050991297,11761,10071,Embalagem de 75 ml,Elnett,,"53,20€/L","3,99€",https://cdn.intermarche.pt/pt/Content/images/boitmal/produit/zoom/EA6C30B81636943558F89CDAFA560F6E.jpg,,/product/laca-fixacao-normal/0000050991297
51505,Espuma Volume Perfeito,8006540347058,11761,10071,Embalagem de 200 ml,Pantene,,"24,95€/L","4,99€",https://cdn.intermarche.pt/pt/Content/images/boitmal/produit/zoom/B8105F066A2EF8F54877704981FE9A80.jpg,,/product/espuma-volume-perfeito/8006540347058
7417,Laca fixação normal,3250390593225,11761,10071,Embalagem de 300 ml,Labell,,"4,97€/L","1,49€",https://cdn.intermarche.pt/pt/Content/images/boitmal/produit/zoom/CB509C19564FAEB9AF58368FE8189014.jpg,,/product/laca-fixacao-normal/3250390593225
742,Laca Fixação Flexível,8006540348925,11761,10071,Embalagem de 250 ml,Pantene,,"19,96€/L","4,99€",https://cdn.intermarche.pt/pt/Content/images/boitmal/produit/zoom/73B5C91C3C3278D6DBDCC4E421A05C5A.jpg,,/product/laca-fixacao-flexivel/8006540348925
12797,"Cera cabelo, indestructible",3600521329900,11761,10071,Embalagem de 75 ml,Studio Line,,"79,87€/L","5,99€",https://cdn.intermarche.pt/pt/Content/images/boitmal/produit/zoom/578774A946ED78330A1DDB88DFA0E10C.jpg,,/product/cera-cabelo-indestructible/3600521329900
12846,"Gel para o cabelo, wet shine",3600540582775,11761,10071,Embalagem de 200 ml,Fructis Style,,"22,45€/L","4,49€",https://cdn.intermarche.pt/pt/Content/images/boitmal/produit/zoom/7A42017FE37EA9204C5008D7B7B5E02F.jpg,,/product/gel-para-o-cabelo-wet-shine/3600540582775
12873,"Gel cabelo, hard cement",3600541193161,11761,10071,Embalagem de 200 ml,Fructis Style,,"24,95€/L","4,99€",https://cdn.intermarche.pt/pt/Content/images/boitmal/produit/zoom/7A0FF139EE123885BCDDA2CE3DCC4C23.jpg,,/product/gel-cabelo-hard-cement/3600541193161
15549,Mousse cabelo caracois,3250391217670,11761,10071,Embalagem de 200ml,Labell,,"5,95€/L","1,19€",https://cdn.intermarche.pt/pt/Content/images/boitmal/produit/zoom/82A429C5AEABC8FF3C09D2755394DEE9.jpg,,/product/mousse-cabelo-caracois/3250391217670
4318,"Gel cabelo, style, extra forte",3600540582768,11761,10071,Embalagem de 200 ml,Fructis Style,,"24,95€/L","4,99€",https://cdn.intermarche.pt/pt/Content/images/boitmal/produit/zoom/B3CCD5E5FB7A474C6842C8B75BD541D1.jpg,,/product/gel-cabelo-style-extra-forte/3600540582768
43893,"Espuma Caracóis Botanique, 200 ml",8717163639573,11761,10071,,Tresemmé,,"23,95€/L","4,79€",https://cdn.intermarche.pt/pt/Content/images/boitmal/produit/zoom/0E9D33FBA2D93A4BFD13FAF87CC49007.jpg,,/product/espuma-caracois-botanique-200-ml/8717163639573
48554,Laca cabelos normais,8710522741993,11761,10071,300 ml,Sunsilk,,"19,97€/L","5,99€",https://cdn.intermarche.pt/pt/Content/images/boitmal/produit/zoom/35A932E0EDE482D32376B69F5B175742.jpg,,/product/laca-cabelos-normais/8710522741993
49661,Gel Cabelo Ultra Fixante,5601036208382,11761,10071,Embalagem de 150 ml,Studio Line,,"39,93€/L","5,99€",https://cdn.intermarche.pt/pt/Content/images/boitmal/produit/zoom/0F3F1BFEAA16DB106AAC74C3F92857EF.jpg,,/product/gel-cabelo-ultra-fixante/5601036208382
51506,Espuma Ondas Perfeitas,8006540349205,11761,10071,Embalagem de 200 ml,Pantene,,"24,95€/L","4,99€",https://cdn.intermarche.pt/pt/Content/images/boitmal/produit/zoom/B13BB13473B2D8222DEDE684BD6CF559.jpg,,/product/espuma-ondas-perfeitas/8006540349205
52303,Laca Cabelo Fixação Ultra Forte,8006540346938,11761,10071,Embalagem de 250ml,Pantene,,"19,96€/L","4,99€",https://cdn.intermarche.pt/pt/Content/images/boitmal/produit/zoom/6C5017F093438E86E09997A31556E1FB.jpg,,/product/laca-cabelo-fixacao-ultra-forte/8006540346938
8328,"Gel cabelo, wet, efeito molhado",5601036202892,11761,10071,Embalagem de 150 ml,Studio Line,,"39,93€/L","5,99€",https://cdn.intermarche.pt/pt/Content/images/boitmal/produit/zoom/142BA4BD79BF9BC10FDB5FE8781DDB64.jpg,,/product/gel-cabelo-wet-efeito-molhado/5601036202892
4224,"Gel para o cabelo, indestructible",3600520921310,11761,10071,Embalagem de 150 ml,Studio Line,,"39,93€/L","5,99€",https://cdn.intermarche.pt/pt/Content/images/boitmal/produit/zoom/C21BC7E43C984D3DBA130AF9AA051D00.jpg,,/product/gel-para-o-cabelo-indestructible/3600520921310
10398,Laca fixação forte,8411300746000,11761,10071,Embalagem de 75 ml,Elnett,,"53,20€/L","3,99€",https://cdn.intermarche.pt/pt/Content/images/boitmal/produit/zoom/CE44F5869701F93F8EEDC33F3EAA0D7C.jpg,,/product/laca-fixacao-forte/8411300746000
5050,"Gel cabelo, invisible, magic fix",5601036206036,11761,10071,Embalagem de 150 ml,Studio Line,,"39,93€/L","5,99€",https://cdn.intermarche.pt/pt/Content/images/boitmal/produit/zoom/E0AD1D4EAD22763F100FF730995C8387.jpg,,/product/gel-cabelo-invisible-magic-fix/5601036206036
52304,Laca Cabelo Volume Perfeito,8006540346891,11761,10071,Embalagem de 250ml,Pantene,,"19,96€/L","4,99€",https://cdn.intermarche.pt/pt/Content/images/boitmal/produit/zoom/F8E9FC63BE4564904C0F0354FFD7C7B9.jpg,,/product/laca-cabelo-volume-perfeito/8006540346891
15550,"Escova de cabelo, esqueleto",3250391637096,11762,10071,Embalagem com 1 unidade,Labell,,"1,99€/Unidade","1,99€",https://cdn.intermarche.pt/pt/Content/images/boitmal/produit/zoom/136EA745F91B1F1E56FDDF6D3C01E646.jpg,,/product/escova-de-cabelo-esqueleto/3250391637096
23316,"Escova de cabelo, brushing média",3250391733774,11762,10071,Uma unidade,Labell,,"4,69€/Unidade","4,69€",https://cdn.intermarche.pt/pt/Content/images/boitmal/produit/zoom/02948173D88EDF5426F36A7E8A623847.jpg,,/product/escova-de-cabelo-brushing-media/3250391733774
19077,"Escova de cabelo, Pontas Nylon Premium",3250391733736,11762,10071,Uma unidade,Labell,,"5,99€/Unidade","5,99€",https://cdn.intermarche.pt/pt/Content/images/boitmal/produit/zoom/7B3C254F58762373BDD97D9ABCB75C45.jpg,,/product/escova-de-cabelo-pontas-nylon-premium/3250391733736
23315,"Escova de cabelo, pneumática javali",3250391733712,11762,10071,Uma unidade,Labell,,"5,99€/Unidade","5,99€",https://cdn.intermarche.pt/pt/Content/images/boitmal/produit/zoom/1B07C9A9833DB2CEB1A3E4BA190E0DFA.jpg,,/product/escova-de-cabelo-pneumatica-javali/3250391733712
54588,"Pente Desembaraçador Fibras Naturais, 1 un.",5604260331543,11762,10071,,Labell,,"1,99€/Unidade","1,99€",https://cdn.intermarche.pt/pt/Content/images/boitmal/produit/zoom/91A8EDFFB93593B1E579763BC0FD2B05.jpg,,/product/pente-desembaracador-fibras-naturais-1-un./5604260331543
54589,"Mola Média Fibras Naturais, 1un.",5604260331567,11762,10071,,Labell,,"1,99€/Unidade","1,99€",https://cdn.intermarche.pt/pt/Content/images/boitmal/produit/zoom/708236169CF9BA1AC5F601D79F10580F.jpg,,/product/mola-media-fibras-naturais-1un./5604260331567
54590,"Mola Grande Fibras Naturais, 1un.",5604260331574,11762,10071,,Labell,,"1,99€/Unidade","1,99€",https://cdn.intermarche.pt/pt/Content/images/boitmal/produit/zoom/C974CC244611F9A67686561C39D056B6.jpg,,/product/mola-grande-fibras-naturais-1un./5604260331574
5939,Acetona,5604260264216,11764,10072,Embalagem de 250 ml,PorSi,,"4,76€/L","1,19€",https://cdn.intermarche.pt/pt/Content/images/boitmal/produit/zoom/F5A62C0E8C0D87BD67AFD8D663A0F8C1.jpg,,/product/acetona/5604260264216
45453,Acetona perfumada com doseador,5604260275168,11764,10072,Embalagem de 200 ml,PorSi,,"9,45€/L","1,89€",https://cdn.intermarche.pt/pt/Content/images/boitmal/produit/zoom/E31ED8DCFCE5104E7C810B158D71ABDE.jpg,,/product/acetona-perfumada-com-doseador/5604260275168
40580,Acetona,5604260275175,11764,10072,Embalagem de 200 ml,PorSi,,"9,45€/L","1,89€",https://cdn.intermarche.pt/pt/Content/images/boitmal/produit/zoom/F943C2712BC3D207531A90A253B6D8DC.jpg,,/product/acetona/5604260275175
51577,"Removedor de verniz sem acetona, 200 ml",5604260326341,11764,10072,,PorSi,,"7,95€/L","1,59€",https://cdn.intermarche.pt/pt/Content/images/boitmal/produit/zoom/60DF860D2960663B4AFFD6ED0E3CAA88.jpg,,/product/removedor-de-verniz-sem-acetona-200-ml/5604260326341
9375,Acetona,5604260015252,11764,10072,Embalagem de 60 ml,PorSi,,"14,83€/L","0,89€",https://cdn.intermarche.pt/pt/Content/images/boitmal/produit/zoom/2C696DB0CA2A8DF441AF8E0C1A4F35D9.jpg,,/product/acetona/5604260015252
18170,Remov. de Verniz com Esponja,3250391825059,11764,10072,Embalagem de 75 ml,Labell,,"53,20€/L","3,99€",https://cdn.intermarche.pt/pt/Content/images/boitmal/produit/zoom/63EC9D4BC918A0B5B534A1CEF938F473.jpg,,/product/remov.-de-verniz-com-esponja/3250391825059
53716,Removedor de Cutículas Abacate,5907609333506,11764,10072,Embalagem de 12ml,Eveline,,"482,50€/L","5,79€",https://cdn.intermarche.pt/pt/Content/images/boitmal/produit/zoom/36EDAA7660C92A779530212834168436.jpg,,/product/removedor-de-cuticulas-abacate/5907609333506
24509,Água micelar 3 em 1 peles sensíveis,4005900342980,11765,10072,Embalagem com 400 ml,Nivea,,"11,13€/L","4,45€",https://cdn.intermarche.pt/pt/Content/images/boitmal/produit/zoom/DF8878D7BAC36CD7CA9EC83DBC76078A.jpg,2024-09-25T22:59:59.999Z,/product/agua-micelar-3-em-1-peles-sensiveis/4005900342980
52186,"Gel de Limpeza, 150 ml",4005900973726,11765,10072,,Nivea,,"32,27€/L","4,84€",https://cdn.intermarche.pt/pt/Content/images/boitmal/produit/zoom/097BCAE5809DC1D7456867518320AC5D.jpg,2024-09-25T22:59:59.999Z,/product/gel-de-limpeza-150-ml/4005900973726
16283,Demaquilhante Dupla Ação,4005900100962,11765,10072,1 embalagem de 125g,Nivea,,"3,74€/Unidade","3,74€",https://cdn.intermarche.pt/pt/Content/images/boitmal/produit/zoom/1357091F139443F547C90D6EF3ECDE9D.jpg,2024-09-25T22:59:59.999Z,/product/demaquilhante-dupla-acao/4005900100962
4509,Leite de limpeza,4005808182534,11765,10072,Embalagem de 200 ml,Nivea,,"20,95€/L","4,19€",https://cdn.intermarche.pt/pt/Content/images/boitmal/produit/zoom/9E0C4DFA7702117EE979B76A6363FD18.jpg,2024-09-25T22:59:59.999Z,/product/leite-de-limpeza/4005808182534
4510,"Tónico suave, 200 ml",4005808182688,11765,10072,,Nivea,,"20,95€/L","4,19€",https://cdn.intermarche.pt/pt/Content/images/boitmal/produit/zoom/82519D9021875F3176E8FD2820D7CCC3.jpg,2024-09-25T22:59:59.999Z,/product/tonico-suave-200-ml/4005808182688
4557,Gel Exfoliante Anti-Impurezas,4005900079008,11765,10072,Embalagem de 150 ml,Nivea,,"34,60€/L","5,19€",https://cdn.intermarche.pt/pt/Content/images/boitmal/produit/zoom/692041A6342A8F6B14CD74B62E9B8397.jpg,2024-09-25T22:59:59.999Z,/product/gel-exfoliante-anti-impurezas/4005900079008
45880,Barra de Limpeza Facial Refrescante Naturally Clean,4005900835185,11765,10072,Embalagem de 75 g,Nivea,,"64,53€/Kg","4,84€",https://cdn.intermarche.pt/pt/Content/images/boitmal/produit/zoom/A08E732AB84D05C07D3D7DCE230F9AA9.jpg,2024-09-25T22:59:59.999Z,/product/barra-de-limpeza-facial-refrescante-naturally-clean/4005900835185
52183,"Derma Skin Clear Exfolinate, 150 ml",4005900976666,11765,10072,,Nivea,,"34,60€/L","5,19€",https://cdn.intermarche.pt/pt/Content/images/boitmal/produit/zoom/23D6B8461DBF04635A56F99F4C4B9426.jpg,2024-09-25T22:59:59.999Z,/product/derma-skin-clear-exfolinate-150-ml/4005900976666
52184,"Derma Skin Clear Peeling Exfoliante da Noite, 40 ml",4005900975799,11765,10072,,Nivea,,"146,00€/L","5,84€",https://cdn.intermarche.pt/pt/Content/images/boitmal/produit/zoom/DC0D9B8A076329AB706649E71C3BA6D8.jpg,2024-09-25T22:59:59.999Z,/product/derma-skin-clear-peeling-exfoliante-da-noite-40-ml/4005900975799
7634,"Clear up srtip, com 6 unidades z. t",4005808190195,11765,10072,1 embalagem,Nivea,,"5,19€/Unidade","5,19€",https://cdn.intermarche.pt/pt/Content/images/boitmal/produit/zoom/51D4C73B944DBA0691B3C52164CC5E93.jpg,2024-09-25T22:59:59.999Z,/product/clear-up-srtip-com-6-unidades-z.-t/4005808190195
40863,Toalhitas desmaquilhantes bio 25 unidades,3250392739669,11765,10072,Uma embalagem,Labell Bio,,"1,49€/Unidade","1,49€",https://cdn.intermarche.pt/pt/Content/images/boitmal/produit/zoom/05A927ED28BE1CA78F900B5F112E25CD.jpg,,/product/toalhitas-desmaquilhantes-bio-25-unidades/3250392739669
23611,"Creme esfoliante para rosto, pele normal/mista",3250391548613,11765,10072,Embalagem de 75 ml,Labell,,"37,20€/L","2,79€",https://cdn.intermarche.pt/pt/Content/images/boitmal/produit/zoom/38E17C007244F81FDD491CAC239B7334.jpg,,/product/creme-esfoliante-para-rosto-pele-normal-ou-mista/3250391548613
15763,Água Micelar c/doseador,3250392055837,11765,10072,Embalagem de 500ml,Labell,,"6,58€/L","3,29€",https://cdn.intermarche.pt/pt/Content/images/boitmal/produit/zoom/5131AF6F25C50C42E9D9217BE204E603.jpg,,/product/agua-micelar-c-ou-doseador/3250392055837
27932,"Mascara Negra Carvão Puro, 1 un.",3600542097123,11765,10072,,Garnier,,"2,99€/Unidade","2,99€",https://cdn.intermarche.pt/pt/Content/images/boitmal/produit/zoom/90DB1481C2BEF10C569D995ED2FE60B5.jpg,,/product/mascara-negra-carvao-puro-1-un./3600542097123
10991,Creme de corpo exfoliante,3250391548644,11765,10072,Embalagem de 150 ml,Labell,,"21,93€/L","3,29€",https://cdn.intermarche.pt/pt/Content/images/boitmal/produit/zoom/D4B94A7CDB4C51D484BECB732AAF35C1.jpg,,/product/creme-de-corpo-exfoliante/3250391548644
20141,Gel de Limpeza Refrescante,3250390242758,11765,10072,Embalagem de 150 ml,Labell,,"9,93€/L","1,49€",https://cdn.intermarche.pt/pt/Content/images/boitmal/produit/zoom/3E99F73FE91A21149908A209AFA7CF96.jpg,,/product/gel-de-limpeza-refrescante/3250390242758
38278,Creme Q10 Anti-Rugas de Noite,4005900676054,11765,10072,50 ml,Nivea,,"259,80€/L","12,99€",https://cdn.intermarche.pt/pt/Content/images/boitmal/produit/zoom/5A02542CB83F734B7AA3C746DE00D053.jpg,,/product/creme-q10-anti-rugas-de-noite/4005900676054
4512,Creme de dia nutritivo para peles normais,4005808192045,11765,10072,Embalagem de 50 ml,Nivea,,"119,80€/L","5,99€",https://cdn.intermarche.pt/pt/Content/images/boitmal/produit/zoom/B31FC43250D3D4A813A216B02CBCCC65.jpg,,/product/creme-de-dia-nutritivo-para-peles-normais/4005808192045
49664,Máscara Anti Olheiras,3600542154741,11765,10072,,Garnier,,"2,99€/Unidade","2,99€",https://cdn.intermarche.pt/pt/Content/images/boitmal/produit/zoom/39EE4DC037C2B396DD351128468C978A.jpg,,/product/mascara-anti-olheiras/3600542154741
7537,"Água facial micelar , 400 ml",3600541358485,11765,10072,,Garnier,,"17,48€/L","6,99€",https://cdn.intermarche.pt/pt/Content/images/boitmal/produit/zoom/DF345BFB935247CE9B92646755C19746.jpg,,/product/agua-facial-micelar-400-ml/3600541358485
10932,Creme de dia para pele seca,3250390340669,11765,10072,Embalagem de 50 ml,Labell,,"39,80€/L","1,99€",https://cdn.intermarche.pt/pt/Content/images/boitmal/produit/zoom/42D6BF9265EF885F9FA1A60D910CE010.jpg,,/product/creme-de-dia-para-pele-seca/3250390340669
10933,Creme de dia para pele normal,3250390340683,11765,10072,Embalagem de 50 ml,Labell,,"39,80€/L","1,99€",https://cdn.intermarche.pt/pt/Content/images/boitmal/produit/zoom/9D419F0F71527D1D3A6775B3C6A3CE01.jpg,,/product/creme-de-dia-para-pele-normal/3250390340683
18048,Creme Active Antirrugas Dia,3600523183845,11765,10072,Embalagem de 35+50 ml,L'oreal,,"117,53€/L","9,99€",https://cdn.intermarche.pt/pt/Content/images/boitmal/produit/zoom/A5D74BADF8C4A26067901625610E2908.jpg,,/product/creme-active-antirrugas-dia/3600523183845
18458,"Creme Dia Age Perfect Golden Age, 50 ml",3600523216642,11765,10072,,L'oreal,,"279,80€/L","13,99€",https://cdn.intermarche.pt/pt/Content/images/boitmal/produit/zoom/990AA2FEB34271F908A842B499067263.jpg,,/product/creme-dia-age-perfect-golden-age-50-ml/3600523216642
20591,Creme de Rosto Antirrugas Q10 Plus SPF30,4005900288479,11765,10072,Embalagem de 50 ml,Nivea,,"319,80€/L","15,99€",https://cdn.intermarche.pt/pt/Content/images/boitmal/produit/zoom/8BC2CBB3B1C31D5C37FF9D0947BE2CC5.jpg,,/product/creme-de-rosto-antirrugas-q10-plus-spf30/4005900288479
23501,"Máscara hidratante, pele desidratada, 1 unidade",3600541945043,11765,10072,,Garnier,,"2,99€/Unidade","2,99€",https://cdn.intermarche.pt/pt/Content/images/boitmal/produit/zoom/1519B6D8E232DAB23E0C7CA0A7A7A1EA.jpg,,/product/mascara-hidratante-pele-desidratada-1-unidade/3600541945043
24590,"Água micelar oil, 400 ml",3600541744523,11765,10072,,Garnier,,"17,48€/L","6,99€",https://cdn.intermarche.pt/pt/Content/images/boitmal/produit/zoom/74E4DDF6FD6EB70E886BED994E6BEFBF.jpg,,/product/agua-micelar-oil-400-ml/3600541744523
24647,"Creme hidratante Vitamina C, 50 ml",3600542453127,11765,10072,,Garnier,,"179,80€/L","8,99€",https://cdn.intermarche.pt/pt/Content/images/boitmal/produit/zoom/F72F3EFA3CAC5341834B8BD2127236F5.jpg,,/product/creme-hidratante-vitamina-c-50-ml/3600542453127
33133,"Bandas anti pontos negros, embalagem c/ 4 un.",3600542154666,11765,10072,,Garnier,,"6,99€/Unidade","6,99€",https://cdn.intermarche.pt/pt/Content/images/boitmal/produit/zoom/CBA6B2DF1DA3FEA9F10807126D7FAD1D.jpg,,/product/bandas-anti-pontos-negros-embalagem-c-ou-4-un./3600542154666
35261,Água de micelar bio rosto e olhos,3250392149611,11765,10072,Embalagem de 250 ml,Labell Bio,,"10,76€/L","2,69€",https://cdn.intermarche.pt/pt/Content/images/boitmal/produit/zoom/585771A6B2DE42B2F660814CA524848B.jpg,,/product/agua-de-micelar-bio-rosto-e-olhos/3250392149611
4346,Aperfeiçoador BB Cream Claro,3600541116382,11765,10072,Embalagem de 50 ml,Garnier,,"199,80€/L","9,99€",https://cdn.intermarche.pt/pt/Content/images/boitmal/produit/zoom/84E64EF43D523420BD77C440DB5039E9.jpg,,/product/aperfeicoador-bb-cream-claro/3600541116382
4542,Gel limpeza refrescante,4005808669707,11765,10072,Embalagem de 150 ml,Nivea,,"46,60€/L","6,99€",https://cdn.intermarche.pt/pt/Content/images/boitmal/produit/zoom/667858DE76AC9AC374B2370AA37ACD1C.jpg,,/product/gel-limpeza-refrescante/4005808669707
45735,Creme Dia Anti Manchas FP50,4005900782892,11765,10072,40 ml,Nivea,,"674,75€/L","26,99€",https://cdn.intermarche.pt/pt/Content/images/boitmal/produit/zoom/1CF1BD223B373C936ACDA9D6A38FA80E.jpg,,/product/creme-dia-anti-manchas-fp50/4005900782892
49157,Máscara Vitamina C,3600542427555,11765,10072,1 unidade,Garnier,,"2,99€/Unidade","2,99€",https://cdn.intermarche.pt/pt/Content/images/boitmal/produit/zoom/7235CB4A448FD57A318D42CE4146C894.jpg,,/product/mascara-vitamina-c/3600542427555
51102,"Sérum Rosto Noite Antirrugas Ultra Regenerador Q10, 30 ml",4005900892829,11765,10072,,Nivea,,"566,33€/L","16,99€",https://cdn.intermarche.pt/pt/Content/images/boitmal/produit/zoom/1AF29F24F75A867D80C05C0C49ED587A.jpg,,/product/serum-rosto-noite-antirrugas-ultra-regenerador-q10-30-ml/4005900892829
51890,"Creme de Noite Cellular Filler Extra Firmeza , 50 ml",4005900966292,11765,10072,,Nivea,,"399,80€/L","19,99€",https://cdn.intermarche.pt/pt/Content/images/boitmal/produit/zoom/313D31B3E9E12C7AF9F20655051CA454.jpg,,/product/creme-de-noite-cellular-filler-extra-firmeza-50-ml/4005900966292
5303,Gel facial exfoliante,5601182502020,11765,10072,Embalagem de 150 ml,Clean&Clear,,"46,60€/L","6,99€",https://cdn.intermarche.pt/pt/Content/images/boitmal/produit/zoom/84940620A6364D349BA49E12C0E1731B.jpg,,/product/gel-facial-exfoliante/5601182502020
53617,Água Micelar Tudo em 1,3600542081160,11765,10072,Embalagem de 100ml,Garnier,,"29,90€/L","2,99€",https://cdn.intermarche.pt/pt/Content/images/boitmal/produit/zoom/31C85FC4085D68BC306DC975E878C4A4.jpg,,/product/agua-micelar-tudo-em-1/3600542081160
53651,Sérum Facial Cellular Luminous 630º Anti-idade e Antimanchas,4006000013664,11765,10072,Embalagem de 30ml,Nivea,,"733,00€/L","21,99€",https://cdn.intermarche.pt/pt/Content/images/boitmal/produit/zoom/90E49908CB375CEA00D7B59DBD6EC405.jpg,,/product/serum-facial-cellular-luminous-630º-anti-idade-e-antimanchas/4006000013664
6564,Creme anti-rugas de dia revitalift,8411300657009,11765,10072,Embalagem de 50 ml,L'oreal,,"299,80€/L","14,99€",https://cdn.intermarche.pt/pt/Content/images/boitmal/produit/zoom/68D18059EDD51719125049C57C7D905E.jpg,,/product/creme-anti-rugas-de-dia-revitalift/8411300657009
53584,Máscara Colossal Curl Bounce Very Black,0000030150546,11766,10072,Embalagem de 1 unidades,Maybelline,,"10,99€/Unidade","10,99€",https://cdn.intermarche.pt/pt/Content/images/boitmal/produit/zoom/A037AA905D061AC81B3E299FC6F1BB59.jpg,,/product/mascara-colossal-curl-bounce-very-black/0000030150546
25328,Máscara Colossal Big Shot,3600531377441,11766,10072,1 un.,Maybelline,,"8,99€/Unidade","8,99€",https://cdn.intermarche.pt/pt/Content/images/boitmal/produit/zoom/997B0C140A979866976B2EEB547CC1C9.jpg,,/product/mascara-colossal-big-shot/3600531377441
27482,Sombra Tatto Brow 1,8411300710315,11766,10072,1 un.,Maybelline,,"12,99€/Unidade","12,99€",https://cdn.intermarche.pt/pt/Content/images/boitmal/produit/zoom/960230C105BECF64F527F87352C09656.jpg,,/product/sombra-tatto-brow-1/8411300710315
27504,Sombra Tatto Brow 2,8411300710384,11766,10072,1 un.,Maybelline,,"12,99€/Unidade","12,99€",https://cdn.intermarche.pt/pt/Content/images/boitmal/produit/zoom/669AFAF9221FB5AB34B9D261978EED7D.jpg,,/product/sombra-tatto-brow-2/8411300710384
27686,Eyeliner Glame Eyes Liquid 001,5605667001626,11766,10072,1 un.,Rimmel,,"6,99€/Unidade","6,99€",https://cdn.intermarche.pt/pt/Content/images/boitmal/produit/zoom/9F0CE9E00E87AE74954020DDDE28E13B.jpg,,/product/eyeliner-glame-eyes-liquid-001/5605667001626
29332,Fit Me Concealer 25 ME,8411300760198,11766,10072,1 un.,Maybelline,,"7,49€/Unidade","7,49€",https://cdn.intermarche.pt/pt/Content/images/boitmal/produit/zoom/BDC9A0143A97CFC0920FEB3D904ACBC3.jpg,,/product/fit-me-concealer-25-me/8411300760198
30065,Base de Rosto Fit Me Matte 115,8411300531958,11766,10072,1 un.,Maybelline,,"8,99€/Unidade","8,99€",https://cdn.intermarche.pt/pt/Content/images/boitmal/produit/zoom/F23374C18E37EC3F5AE89ADC3CB59C9E.jpg,,/product/base-de-rosto-fit-me-matte-115/8411300531958
33148,Base fit me matte 130,8411300835520,11766,10072,1 un.,Maybelline,,"10,29€/Unidade","10,29€",https://cdn.intermarche.pt/pt/Content/images/boitmal/produit/zoom/6C769EA23AD89B986BB2F20FD7A8F62B.jpg,,/product/base-fit-me-matte-130/8411300835520
52777,"Creme Dia Anti Age FPS15, 50 ml",5604260325580,11766,10072,,Labell,,"99,80€/L","4,99€",https://cdn.intermarche.pt/pt/Content/images/boitmal/produit/zoom/80041E0C414AC6A4696AC991241FFDE4.jpg,,/product/creme-dia-anti-age-fps15-50-ml/5604260325580
52778,"Creme Noite Anti Age Regenerador FPS15, 50 ml",5604260325597,11766,10072,,Labell,,"99,80€/L","4,99€",https://cdn.intermarche.pt/pt/Content/images/boitmal/produit/zoom/F448C4AA51A723BFAB5A56505A9886CC.jpg,,/product/creme-noite-anti-age-regenerador-fps15-50-ml/5604260325597
52779,"Serum Anti Age, 50 ml",5604260325603,11766,10072,,Labell,,"99,80€/L","4,99€",https://cdn.intermarche.pt/pt/Content/images/boitmal/produit/zoom/57F7C7DBD656D47207A7E7227AC56E06.jpg,,/product/serum-anti-age-50-ml/5604260325603
53419,Máscara Falsies Lash Lift Black,3600531584702,11766,10072,Embalagem de 1 unidades,Maybelline,,"12,99€/Unidade","12,99€",https://cdn.intermarche.pt/pt/Content/images/boitmal/produit/zoom/30FBE71818AB03E687DD2B888879C084.jpg,,/product/mascara-falsies-lash-lift-black/3600531584702
53581,Base Líquida Nº 31 Warm Nude,8445098145233,11766,10072,,Maybelline,,"12,49€/Unidade","12,49€",https://cdn.intermarche.pt/pt/Content/images/boitmal/produit/zoom/F0809B124EA7A9D16ACFFCC3CA27EC3E.jpg,,/product/base-liquida-nº-31-warm-nude/8445098145233
54552,"Creme Contorno Olhos Antirugas Q10, 15ml",5604260325573,11766,10072,,Labell,,"132,67€/L","1,99€",https://cdn.intermarche.pt/pt/Content/images/boitmal/produit/zoom/969EBFE785BE7278C401C74E26DC4920.jpg,,/product/creme-contorno-olhos-antirugas-q10-15ml/5604260325573
48515,Pó Compacto Classic Beige 006,5605667001411,11766,10072,1 unidade,Rimmel,,"9,99€/Unidade","9,99€",https://cdn.intermarche.pt/pt/Content/images/boitmal/produit/zoom/FCC3EF83539BDA0E361DB0B90D4637BD.jpg,,/product/po-compacto-classic-beige-006/5605667001411
53492,Corretor Anti-Olheiras Hide the Blemish 004 Beige,5605667001343,11766,10072,,Rimmel,,"7,99€/Unidade","7,99€",https://cdn.intermarche.pt/pt/Content/images/boitmal/produit/zoom/1B00F901E6D12FE530F1EE29FB2AAC92.jpg,,/product/corretor-anti-olheiras-hide-the-blemish-004-beige/5605667001343
53493,Corretor Anti-Olheiras Hide the Blemish 103 Soft Honey,5605667001350,11766,10072,,Rimmel,,"7,99€/Unidade","7,99€",https://cdn.intermarche.pt/pt/Content/images/boitmal/produit/zoom/C2B63B56A2AEE2EBB2CD58EB24653289.jpg,,/product/corretor-anti-olheiras-hide-the-blemish-103-soft-honey/5605667001350
53495,Lápis para Sobrancelhas 001 Dark Brown,5605667001640,11766,10072,,Rimmel,,"5,99€/Unidade","5,99€",https://cdn.intermarche.pt/pt/Content/images/boitmal/produit/zoom/936FE3E7F9913E05FDE766037A57D431.jpg,,/product/lapis-para-sobrancelhas-001-dark-brown/5605667001640
23153,Lip Gloss #500,5605667007796,11767,10072,1 unidade,Rimmel,,"9,99€/Unidade","9,99€",https://cdn.intermarche.pt/pt/Content/images/boitmal/produit/zoom/10BE16BF3587DF56B2D98C1F05B45E80.jpg,,/product/lip-gloss-#500/5605667007796
30368,Baton Superstay Matte INK 25,8411300710124,11767,10072,1 un.,Maybelline,,"7,84€/Unidade","7,84€",https://cdn.intermarche.pt/pt/Content/images/boitmal/produit/zoom/E8572481C9773AAC22F63B0D9C7D9BBC.jpg,,/product/baton-superstay-matte-ink-25/8411300710124
44575,Baton Superstay Matte INK 20,8411300689529,11767,10072,1 un.,Maybelline,,"8,99€/Unidade","8,99€",https://cdn.intermarche.pt/pt/Content/images/boitmal/produit/zoom/704003A7DE177F8D115A87EA0F6EDDC6.jpg,,/product/baton-superstay-matte-ink-20/8411300689529
45569,Baton Nº 373 Mauve Color Sensational,8411300884009,11767,10072,Embalagem de 4 g,Maybelline,,"2997,50€/Kg","11,99€",https://cdn.intermarche.pt/pt/Content/images/boitmal/produit/zoom/96210B1C218E4FC550D723A8AF838CA2.jpg,,/product/baton-nº-373-mauve-color-sensational/8411300884009
54303,"Baton com Extracto de Girassol FP 30, 55ml",4006000005829,10530,10074,,Labello,,"54,36€/L","2,99€",https://cdn.intermarche.pt/pt/Content/images/boitmal/produit/zoom/C93DB0983AB2857EFE7676DA333ACC91.jpg,,/product/baton-com-extracto-de-girassol-fp-30-55ml/4006000005829
54314,"Protetor Labial Sun & Aftersun Duopack, 2un.",4005900983114,10530,10074,,Labello,,"4,79€/Unidade","4,79€",https://cdn.intermarche.pt/pt/Content/images/boitmal/produit/zoom/D0AF3C6441DCB045361A55BF69BCDDFF.jpg,,/product/protetor-labial-sun-&-aftersun-duopack-2un./4005900983114
54370,"Batom Do Cieiro Original Duopack, 2Un.",4005900982520,11767,10072,,Labello,,"3,99€/Unidade","3,99€",https://cdn.intermarche.pt/pt/Content/images/boitmal/produit/zoom/09483B531BBEB68CF1FB503DC30930FC.jpg,,/product/batom-do-cieiro-original-duopack-2un./4005900982520
54371,"Batom Disney, 1Un.",4006000100814,11767,10072,,Labello,,"3,79€/Unidade","3,79€",https://cdn.intermarche.pt/pt/Content/images/boitmal/produit/zoom/6157F423E98B1E3F4401A6B676FD3EF6.jpg,,/product/batom-disney-1un./4006000100814
54372,"Batom Do Cieiro Repara E Cuida, 1Un.",4006000002521,11767,10072,,Labello,,"3,99€/Unidade","3,99€",https://cdn.intermarche.pt/pt/Content/images/boitmal/produit/zoom/157D53348301E14F9E2DE52914B83697.jpg,,/product/batom-do-cieiro-repara-e-cuida-1un./4006000002521
20477,Gel Banho Coco,8714789876801,10476,10070,Embalagem de 650 ml,Palmolive,,"5,06€/L","3,29€",https://cdn.intermarche.pt/pt/Content/images/boitmal/produit/zoom/C841EAB15BFBC711E7703D2FB84F7757.jpg,2024-10-04T22:59:59.999Z,/product/gel-banho-coco/8714789876801
54606,"Gel de Banho Hydrate, 720ml",8720181466359,10476,10070,,Dove,,"11,10€/L","7,99€",https://cdn.intermarche.pt/pt/Content/images/boitmal/produit/zoom/51582424E5EFBC10A0EF315ACF547FD2.jpg,2024-09-25T22:59:59.999Z,/product/gel-de-banho-hydrate-720ml/8720181466359
45863,"Gel de banho natural, macadâmia",8714789943206,10476,10070,Embalagem de 650 ml,Palmolive,,"5,06€/L","3,29€",https://cdn.intermarche.pt/pt/Content/images/boitmal/produit/zoom/7502EDB53AFBA22EE165353840D36E3F.jpg,2024-10-04T22:59:59.999Z,/product/gel-de-banho-natural-macadamia/8714789943206
54269,"Gel de Banho Care & Relax, 750ml",4005900422705,10476,10070,,Nivea,,"6,79€/L","5,09€",https://cdn.intermarche.pt/pt/Content/images/boitmal/produit/zoom/57FCA31F957C439C69B1E00E153632CE.jpg,2024-09-25T22:59:59.999Z,/product/gel-de-banho-care-&-relax-750ml/4005900422705
54605,"Gel de Banho Fruity Nourish, 720ml",8720181468377,10476,10070,,Dove,,"11,10€/L","7,99€",https://cdn.intermarche.pt/pt/Content/images/boitmal/produit/zoom/EFA6D2A6F73FE50D8AE238900A2FAE01.jpg,2024-09-25T22:59:59.999Z,/product/gel-de-banho-fruity-nourish-720ml/8720181468377
54607,"Gel de Banho Bath Care & Dimond, 750ml",4006000095790,10476,10070,,Nivea,,"6,79€/L","5,09€",https://cdn.intermarche.pt/pt/Content/images/boitmal/produit/zoom/FA52FC911F576A0C07C36E8C850D88BB.jpg,2024-09-25T22:59:59.999Z,/product/gel-de-banho-bath-care-&-dimond-750ml/4006000095790
49712,Gel de Banho Aveia,5604260319916,10476,10070,Embalagem com 750 ml,Labell,,"1,85€/L","1,39€",https://cdn.intermarche.pt/pt/Content/images/boitmal/produit/zoom/C5B07D3A6199001C9ABD5510D3E02F49.jpg,,/product/gel-de-banho-aveia/5604260319916
45600,Gel de banho creme aloe vera,4005900648181,10476,10070,750 ml,Nivea,,"6,65€/L","4,99€",https://cdn.intermarche.pt/pt/Content/images/boitmal/produit/zoom/D8584FF8D0A63931C78ACFD9761F35A2.jpg,,/product/gel-de-banho-creme-aloe-vera/4005900648181
48059,Gel Banho Óleo de Argão & Monoi de Tahiti,5604260319947,10476,10070,Embalagem com 750 ml,Labell,,"1,99€/L","1,49€",https://cdn.intermarche.pt/pt/Content/images/boitmal/produit/zoom/80831C9F90A97633F4C7E3710E09833A.jpg,,/product/gel-banho-oleo-de-argao-&-monoi-de-tahiti/5604260319947
49555,Gel de banho aveia,5604260324972,10476,10070,Embalagem de 1 litro,Labell,,"1,09€/L","1,09€",https://cdn.intermarche.pt/pt/Content/images/boitmal/produit/zoom/50A06D963E48CF5656DC0A780277F187.jpg,,/product/gel-de-banho-aveia/5604260324972
51076,Gel de Banho Hidratante,5604260319961,10476,10070,Embalagem com 750 ml,Labell,,"1,85€/L","1,39€",https://cdn.intermarche.pt/pt/Content/images/boitmal/produit/zoom/9E44F3FA6C594C1722E4076A08ABA8D0.jpg,,/product/gel-de-banho-hidratante/5604260319961
32306,Gel de banho naturals amêndoa e leite,8718951202979,10476,10070,500 ml,Palmolive,,"6,58€/L","3,29€",https://cdn.intermarche.pt/pt/Content/images/boitmal/produit/zoom/679D3CFCC9969DD874FD147C2208C882.jpg,,/product/gel-de-banho-naturals-amendoa-e-leite/8718951202979
48057,Gel de Banho Iogurte e Mel,5604260319923,10476,10070,Embalagem com 750 ml,Labell,,"1,99€/L","1,49€",https://cdn.intermarche.pt/pt/Content/images/boitmal/produit/zoom/E52DF0BD88BE2932DBA270D6A665E9C3.jpg,,/product/gel-de-banho-iogurte-e-mel/5604260319923
29356,Gel de banho natural leite e mel,8718951202856,10476,10070,500 ml,Palmolive,,"6,58€/L","3,29€",https://cdn.intermarche.pt/pt/Content/images/boitmal/produit/zoom/03DDD6064F175B5617E28ECB6E66862A.jpg,,/product/gel-de-banho-natural-leite-e-mel/8718951202856
48056,Gel de Banho Flor de Laranjeira,5604260319978,10476,10070,Embalagem com 750 ml,Labell,,"1,99€/L","1,49€",https://cdn.intermarche.pt/pt/Content/images/boitmal/produit/zoom/3969C8A9852660CCE292CCADFBB58A9A.jpg,,/product/gel-de-banho-flor-de-laranjeira/5604260319978
49868,Gel de banho abacate,5604260324965,10476,10070,Embalagem de 1 litro,Labell,,"1,09€/L","1,09€",https://cdn.intermarche.pt/pt/Content/images/boitmal/produit/zoom/706733110DEDCC741B362BBD938220F7.jpg,,/product/gel-de-banho-abacate/5604260324965
48058,Gel de Banho Romã e Bambu,5604260319930,10476,10070,Embalagem com 750 ml,Labell,,"1,99€/L","1,49€",https://cdn.intermarche.pt/pt/Content/images/boitmal/produit/zoom/FFAF9CD287511B35BF5A2AF807A9AB07.jpg,,/product/gel-de-banho-roma-e-bambu/5604260319930
25685,Gel de Banho Argão e Rosas,3250391351893,10476,10070,Embalagem de 250 ml,Labell,,"5,16€/L","1,29€",https://cdn.intermarche.pt/pt/Content/images/boitmal/produit/zoom/C03C4BCC12FBA1C3575E1DAE6BFB91DB.jpg,,/product/gel-de-banho-argao-e-rosas/3250391351893
25225,Gel de banho leite hidratante intense,3250392361228,10476,10070,Embalagem com 250 ml,Labell,,"5,56€/L","1,39€",https://cdn.intermarche.pt/pt/Content/images/boitmal/produit/zoom/C6BDA86BFFA2899BC6A846238C4E3B44.jpg,,/product/gel-de-banho-leite-hidratante-intense/3250392361228
29355,Gel de banho natural leite oliva,8718951202795,10476,10070,500 ml,Palmolive,,"6,58€/L","3,29€",https://cdn.intermarche.pt/pt/Content/images/boitmal/produit/zoom/77171253CA8BE22F47735182D75DE702.jpg,,/product/gel-de-banho-natural-leite-oliva/8718951202795
48169,Gel banho gordo,5604260318681,10476,10070,Embalagem de 750 ml,Labell,,"3,19€/L","2,39€",https://cdn.intermarche.pt/pt/Content/images/boitmal/produit/zoom/80971CABA26293141273589E454C7779.jpg,,/product/gel-banho-gordo/5604260318681
17155,Gel de Banho Deeply Nourishing,8712561594424,10476,10070,Embalagem de 750 ml,Dove,,"10,65€/L","7,99€",https://cdn.intermarche.pt/pt/Content/images/boitmal/produit/zoom/674CAAC37A81DCDE19A5744A0C166FCA.jpg,,/product/gel-de-banho-deeply-nourishing/8712561594424
40676,Gel de banho hidra essencial,8717163798256,10476,10070,Embalagem de 700 ml,Vasenol,,"7,13€/L","4,99€",https://cdn.intermarche.pt/pt/Content/images/boitmal/produit/zoom/89B8706050BC167F114FC787BFB91177.jpg,,/product/gel-de-banho-hidra-essencial/8717163798256
50427,Gel Banho Coconut Care By Nature,8720181222634,10476,10070,400 ml,Dove,,"9,98€/L","3,99€",https://cdn.intermarche.pt/pt/Content/images/boitmal/produit/zoom/18F8580BC80F8FEDB25F0206AE152A99.jpg,,/product/gel-banho-coconut-care-by-nature/8720181222634
10401,"Gel banho, nutritivo",8411660350107,10476,10070,Embalagem de 650 ml,Lactovit,,"6,14€/L","3,99€",https://cdn.intermarche.pt/pt/Content/images/boitmal/produit/zoom/915B0F357EAA142ED52FF60AE6A8AD48.jpg,,/product/gel-banho-nutritivo/8411660350107
10403,"Gel banho, hidratante lactourea",8411660351708,10476,10070,Embalagem de 650 ml,Lactovit,,"6,14€/L","3,99€",https://cdn.intermarche.pt/pt/Content/images/boitmal/produit/zoom/045EFE602CE0C537FA07FA6426B47783.jpg,,/product/gel-banho-hidratante-lactourea/8411660351708
35259,Gel de banho bio,3250392149550,10476,10070,Embalagem de 250 ml,Labell Bio,,"7,16€/L","1,79€",https://cdn.intermarche.pt/pt/Content/images/boitmal/produit/zoom/0E8968F7B42CA1E7C9B8AE1B3BA62DD3.jpg,,/product/gel-de-banho-bio/3250392149550
45856,"Gel de banho memories of nature, summer dreams",8718951427358,10476,10070,Embalagem de 500 ml,Palmolive,,"7,98€/L","3,99€",https://cdn.intermarche.pt/pt/Content/images/boitmal/produit/zoom/8D6029F902784C79AAB06326C1871CE6.jpg,,/product/gel-de-banho-memories-of-nature-summer-dreams/8718951427358
48170,Gel Banho Hipoalergénico,5604260318698,10476,10070,Embalagem de 750 ml,Labell,,"3,19€/L","2,39€",https://cdn.intermarche.pt/pt/Content/images/boitmal/produit/zoom/C5AE1A9F54C94DB6C0388C2A99C7533F.jpg,,/product/gel-banho-hipoalergenico/5604260318698
39006,"Gel banho jojoba + calêndula, garrafa de 400 ml",5604321005055,10476,10070,,Goldensilk,,"11,98€/L","4,79€",https://cdn.intermarche.pt/pt/Content/images/boitmal/produit/zoom/9F1C5993DDB505AE471E6D5CE0589357.jpg,,/product/gel-banho-jojoba-+-calendula-garrafa-de-400-ml/5604321005055
45865,"Gel de banho memories of nature, palm beach",8718951436855,10476,10070,Embalagem de 650 ml,Palmolive,,"6,58€/L","3,29€",https://cdn.intermarche.pt/pt/Content/images/boitmal/produit/zoom/609EC3E50246D034BC755FC50E3B846E.jpg,,/product/gel-de-banho-memories-of-nature-palm-beach/8718951436855
54337,"Gel Banho Exotic Watermelon, 500ml",8718951593190,10476,10070,,Palmolive,,"7,98€/L","3,99€",https://cdn.intermarche.pt/pt/Content/images/boitmal/produit/zoom/402E86C2A96F32D2BA2C6C24958E4E22.jpg,,/product/gel-banho-exotic-watermelon-500ml/8718951593190
54339,"Gel De Banho Aroma Essence Delight, 500ml",8718951425408,10476,10070,,Palmolive,,"7,98€/L","3,99€",https://cdn.intermarche.pt/pt/Content/images/boitmal/produit/zoom/104E3E1784E63C6E5F1568C5C3FE91C9.jpg,,/product/gel-de-banho-aroma-essence-delight-500ml/8718951425408
54523,"Gel de Banho Rosas e Jasmim, 750ml",8720181510007,10476,10070,,Vaseline,,"5,32€/L","3,99€",https://cdn.intermarche.pt/pt/Content/images/boitmal/produit/zoom/DBC99D54EBDBAA1B8107D63DD2783964.jpg,,/product/gel-de-banho-rosas-e-jasmim-750ml/8720181510007
20262,Gel Banho Care&Orange,4005900264411,10476,10070,Embalagem de 500 ml,Nivea,,"5,98€/L","2,99€",https://cdn.intermarche.pt/pt/Content/images/boitmal/produit/zoom/A696973529873C71CF5316DB7CBF5E57.jpg,,/product/gel-banho-care&orange/4005900264411
20547,Gel de Duche Care & Rosas,4005900264381,10476,10070,Embalagem de 750 ml,Nivea,,"5,19€/L","3,89€",https://cdn.intermarche.pt/pt/Content/images/boitmal/produit/zoom/CD73164BFF640F592CC78260EB9DE07E.jpg,,/product/gel-de-duche-care-&-rosas/4005900264381
39005,"Gel banho algas + melissa, garrafa de 500 ml",5604321005048,10476,10070,,Goldensi,,"9,58€/L","4,79€",https://cdn.intermarche.pt/pt/Content/images/boitmal/produit/zoom/205D31F980C7DD02E241DD2634ED6494.jpg,,/product/gel-banho-algas-+-melissa-garrafa-de-500-ml/5604321005048
45858,"Gel de banho wellness, balance",8718951425835,10476,10070,Embalagem de 500 ml,Palmolive,,"7,98€/L","3,99€",https://cdn.intermarche.pt/pt/Content/images/boitmal/produit/zoom/BB8E03A57BC0BC9AEF057A032B73C0DB.jpg,,/product/gel-de-banho-wellness-balance/8718951425835
45862,"Gel de banho natural, shea butter",8718951401945,10476,10070,Embalagem de 650 ml,Palmolive,,"5,06€/L","3,29€",https://cdn.intermarche.pt/pt/Content/images/boitmal/produit/zoom/5242A38DBDA0E1CCCDAE666C147CA770.jpg,,/product/gel-de-banho-natural-shea-butter/8718951401945
53699,Gel Banho Hipoalergénico Mel e Geleia Real,5600356071164,10476,10070,Embalagem de 650ml,Feno,,"9,22€/L","5,99€",https://cdn.intermarche.pt/pt/Content/images/boitmal/produit/zoom/B73F78CAF561262AAF588831F08F1C83.jpg,,/product/gel-banho-hipoalergenico-mel-e-geleia-real/5600356071164
12299,"Sabonete líquido de leite de amêndoas, recarga",8003520013064,10477,10070,Embalagem de 300 ml,Palmolive,,"5,97€/L","1,79€",https://cdn.intermarche.pt/pt/Content/images/boitmal/produit/zoom/ED68E7292F21397C9D136148FEDB88B8.jpg,2024-10-04T22:59:59.999Z,/product/sabonete-liquido-de-leite-de-amendoas-recarga/8003520013064
10552,"Sabonete glicerina natural, 90 g",8693495032940,10477,10070,,Palmolive,,"11,00€/Kg","0,99€",https://cdn.intermarche.pt/pt/Content/images/boitmal/produit/zoom/4D077E3FB95B44185664802884769CCE.jpg,,/product/sabonete-glicerina-natural-90-g/8693495032940
23515,Sabonete,5600258596079,10477,10070,Embalagem de 4x90 g,Feno,,"9,69€/Kg","3,49€",https://cdn.intermarche.pt/pt/Content/images/boitmal/produit/zoom/C9AE42F3AAC7B708F6B21A0935FF7BEF.jpg,,/product/sabonete/5600258596079
48158,Sabonete líquido dermo,5604260314805,10477,10070,Embalagem de 500 ml,Labell,,"2,50€/L","1,25€",https://cdn.intermarche.pt/pt/Content/images/boitmal/produit/zoom/E012951A70009D720677C28072C606FD.jpg,,/product/sabonete-liquido-dermo/5604260314805
48160,Sabonete líquido leite e mel,5604260314843,10477,10070,Embalagem de 500 ml,Labell,,"2,50€/L","1,25€",https://cdn.intermarche.pt/pt/Content/images/boitmal/produit/zoom/5207BB28993C59331AA4BE4395DA3FF2.jpg,,/product/sabonete-liquido-leite-e-mel/5604260314843
48164,Sabonete líquido maçãs verdes,5604260314881,10477,10070,Embalagem de 500 ml,Labell,,"2,38€/L","1,19€",https://cdn.intermarche.pt/pt/Content/images/boitmal/produit/zoom/22268299F038F5E13F48B4A6167B340D.jpg,,/product/sabonete-liquido-macas-verdes/5604260314881
48162,Sabonete líquido aloé vera,5604260314867,10477,10070,Embalagem de 500 ml,Labell,,"2,50€/L","1,25€",https://cdn.intermarche.pt/pt/Content/images/boitmal/produit/zoom/4F6AE71204E5A7BF8DD8B302810538A8.jpg,,/product/sabonete-liquido-aloe-vera/5604260314867
10666,Sabonete leite & mel,8714789700472,10477,10070,Embalagem de 4x90 g,Palmolive,,"11,08€/Kg","3,99€",https://cdn.intermarche.pt/pt/Content/images/boitmal/produit/zoom/6DA48FA699B13C5AAD7C8FEC3222BF79.jpg,,/product/sabonete-leite-&-mel/8714789700472
10669,Sabonete sensitive,8714789703046,10477,10070,Embalagem de 4x90 g,Palmolive,,"11,08€/Kg","3,99€",https://cdn.intermarche.pt/pt/Content/images/boitmal/produit/zoom/E1B6CB90823C0471DEECAE12A1EACB59.jpg,,/product/sabonete-sensitive/8714789703046
6717,Sabonete de glicerina hidratante,8693495032964,10477,10070,Embalagem de 90 g,Palmolive,,"11,00€/Kg","0,99€",https://cdn.intermarche.pt/pt/Content/images/boitmal/produit/zoom/151568740C671DEDC274CF37D2994A20.jpg,,/product/sabonete-de-glicerina-hidratante/8693495032964
48166,Sabonete líquido Marselha e Azeitona,5604260314904,10477,10070,Embalagem de 500 ml,Labell,,"2,50€/L","1,25€",https://cdn.intermarche.pt/pt/Content/images/boitmal/produit/zoom/BFB496FF8AB35CD8A786B92F3EDF0423.jpg,,/product/sabonete-liquido-marselha-e-azeitona/5604260314904
48600,"Recarga Sabonete Líquido, 500 ml",4000388179004,10477,10070,,Dove,,"7,98€/L","3,99€",https://cdn.intermarche.pt/pt/Content/images/boitmal/produit/zoom/D9BD170B432CC198013E4C11C84B245F.jpg,,/product/recarga-sabonete-liquido-500-ml/4000388179004
10668,Sabonete original,8714789703015,10477,10070,Embalagem de 4x90 g,Palmolive,,"11,08€/Kg","3,99€",https://cdn.intermarche.pt/pt/Content/images/boitmal/produit/zoom/1AE1470E97E08B2D337923C713024026.jpg,,/product/sabonete-original/8714789703015
20673,"Sabonete sólido, mel",5600258596260,10477,10070,Embalagem de 360g,Feno,,"9,97€/Kg","3,59€",https://cdn.intermarche.pt/pt/Content/images/boitmal/produit/zoom/CD1205D9CC96EB9B40A9B9BF6DC1C8F9.jpg,,/product/sabonete-solido-mel/5600258596260
51511,Sabonete líquido elimina odores,5604260327348,10477,10070,Embalagem de 500 ml,Labell,,"2,58€/L","1,29€",https://cdn.intermarche.pt/pt/Content/images/boitmal/produit/zoom/FAAA327D0829B2FE8A9195CDEE4AFFE5.jpg,,/product/sabonete-liquido-elimina-odores/5604260327348
52923,"Sabonete Sólido Regular, 4 x 90g",8720182266125,10477,10070,,Dove,,"13,86€/Kg","4,99€",https://cdn.intermarche.pt/pt/Content/images/boitmal/produit/zoom/0BE4770AB0BE8EA2FF2D8C5345F895FB.jpg,,/product/sabonete-solido-regular-4-x-90g/8720182266125
53804,Sab.Exfoliante Alperce 90G,5604260330607,10477,10070,Embalagem de 90g,Labell,,"7,67€/Kg","0,69€",https://cdn.intermarche.pt/pt/Content/images/boitmal/produit/zoom/A6C5998CB43939CE5029D316FE03F795.jpg,,/product/sab.exfoliante-alperce-90g/5604260330607
53807,Sab.Nutritivo Mel&Coco 90G,5604260330638,10477,10070,Embalagem de 90g,Labell,,"7,67€/Kg","0,69€",https://cdn.intermarche.pt/pt/Content/images/boitmal/produit/zoom/A84F1CF386A235F870BB91846D0E16B5.jpg,,/product/sab.nutritivo-mel&coco-90g/5604260330638
53808,Sab.Amendoas Doces 90G,5604260330645,10477,10070,Embalagem de 90g,Labell,,"7,67€/Kg","0,69€",https://cdn.intermarche.pt/pt/Content/images/boitmal/produit/zoom/4C500654AA24268FC46EDDB5F937EB46.jpg,,/product/sab.amendoas-doces-90g/5604260330645
53809,Sabonete Lavanda 90G,5604260330652,10477,10070,Embalagem de 90g,Labell,,"7,67€/Kg","0,69€",https://cdn.intermarche.pt/pt/Content/images/boitmal/produit/zoom/D11E62481E2AD57F341B5E7D2064866B.jpg,,/product/sabonete-lavanda-90g/5604260330652
11535,Sabonete alfazema de monte,5601092015108,10477,10070,Embalagem de 125 g,Confianca,,"11,92€/Kg","1,49€",https://cdn.intermarche.pt/pt/Content/images/boitmal/produit/zoom/2D656C367387E24BE18101B25429966C.jpg,,/product/sabonete-alfazema-de-monte/5601092015108
20674,"Sabonete sólido, oliva",5600258596253,10477,10070,Embalagem de 4x90g,Feno,,"9,97€/Kg","3,59€",https://cdn.intermarche.pt/pt/Content/images/boitmal/produit/zoom/04B20A842F72324359AC4A7A2883F4DC.jpg,,/product/sabonete-solido-oliva/5600258596253
35150,Sabonete patti,5601135063240,10477,10070,90 g,Ach Brito,,"16,56€/Kg","1,49€",https://cdn.intermarche.pt/pt/Content/images/boitmal/produit/zoom/04A52E5D7B00713AEA38DFF9E40AAEF1.jpg,,/product/sabonete-patti/5601135063240
39011,Sabonete de argila verde,5604321005208,10477,10070,Embalagem de 125g,Ignoramu,,"21,52€/Kg","2,69€",https://cdn.intermarche.pt/pt/Content/images/boitmal/produit/zoom/7FE06FBDEBF4ADC90AA778EC15011655.jpg,,/product/sabonete-de-argila-verde/5604321005208
53805,Sabonete Cremoso 90G,5604260330614,10477,10070,Embalagem de 90g,Labell,,"7,67€/Kg","0,69€",https://cdn.intermarche.pt/pt/Content/images/boitmal/produit/zoom/4185CCE2C12A8D64E9CFD4B4F8D0A202.jpg,,/product/sabonete-cremoso-90g/5604260330614
53806,Sab.Manteiga Karite 90G,5604260330621,10477,10070,Embalagem de 90g,Labell,,"7,67€/Kg","0,69€",https://cdn.intermarche.pt/pt/Content/images/boitmal/produit/zoom/07D4617ABCA78F97BBB4E6B54E6887D6.jpg,,/product/sab.manteiga-karite-90g/5604260330621
8567,Sabonete musgo real,5601135060133,10477,10070,Embalagem de 160 g,Ach Brito,,"13,69€/Kg","2,19€",https://cdn.intermarche.pt/pt/Content/images/boitmal/produit/zoom/4095511306EBE19E779501C560909BA7.jpg,,/product/sabonete-musgo-real/5601135060133
8570,Sabonete patti,5601135060331,10477,10070,Embalagem de 160 g,Ach Brito,,"14,31€/Kg","2,29€",https://cdn.intermarche.pt/pt/Content/images/boitmal/produit/zoom/58F1CEC6BEA862F20279CE7D90D99B05.jpg,,/product/sabonete-patti/5601135060331
38982,"Sabonete de argila e malvas, 125g",5604321001163,10477,10070,,Ignoramu,,"23,12€/Kg","2,89€",https://cdn.intermarche.pt/pt/Content/images/boitmal/produit/zoom/E2B48EFB40E801390F3B772C4149BBF3.jpg,,/product/sabonete-de-argila-e-malvas-125g/5604321001163
40855,"Loção Cacao Radiante, 200 ml",8712561483094,10478,10070,,Vaseline,,"11,95€/L","2,39€",https://cdn.intermarche.pt/pt/Content/images/boitmal/produit/zoom/8A40B5420204A97186C36E604388F693.jpg,2024-10-04T22:59:59.999Z,/product/locao-cacao-radiante-200-ml/8712561483094
40857,"Loção recuperação avançada, 200 ml",8712561478762,10478,10070,,Vaseline,,"11,95€/L","2,39€",https://cdn.intermarche.pt/pt/Content/images/boitmal/produit/zoom/720BE9BCADE8456A7232B8C0EB4A51CF.jpg,2024-10-04T22:59:59.999Z,/product/locao-recuperacao-avancada-200-ml/8712561478762
29357,Creme Corporal Repara e Cuida,4005900443298,10478,10070,300 ml,Nivea,,"26,63€/L","7,99€",https://cdn.intermarche.pt/pt/Content/images/boitmal/produit/zoom/F662841C017EB65F4B5ADC952804A014.jpg,,/product/creme-corporal-repara-e-cuida/4005900443298
4549,"Creme mãos, caixa média",4005808801039,10478,10070,Embalagem de 75 ml,Nivea,,"27,87€/L","2,09€",https://cdn.intermarche.pt/pt/Content/images/boitmal/produit/zoom/575504BEFAFD8B7935E5486AE0175773.jpg,,/product/creme-maos-caixa-media/4005808801039
51419,Creme de Mãos Intensivo,0000042417637,10478,10070,100 ml,Nivea,,"44,90€/L","4,49€",https://cdn.intermarche.pt/pt/Content/images/boitmal/produit/zoom/F2F07B21E3BF8845581DC128D118D0BF.jpg,,/product/creme-de-maos-intensivo/0000042417637
52310,Creme Corporal Manteiga de Cacau,0000042439103,10478,10070,Embalagem de 250ml,Nivea,,"27,96€/L","6,99€",https://cdn.intermarche.pt/pt/Content/images/boitmal/produit/zoom/21C656B149EBE16270A6C6E8E01D3575.jpg,,/product/creme-corporal-manteiga-de-cacau/0000042439103
45580,Creme rosto e corpo,3250391599646,10478,10070,250 ml,Labell,,"6,76€/L","1,69€",https://cdn.intermarche.pt/pt/Content/images/boitmal/produit/zoom/50AA86645AF5CDAB1C31C01FE9384D69.jpg,,/product/creme-rosto-e-corpo/3250391599646
47895,Vaselina Original,0000042182627,10478,10070,50 ml,Vaseline,,"37,80€/L","1,89€",https://cdn.intermarche.pt/pt/Content/images/boitmal/produit/zoom/D0290A96E9EE7E9C37DBCA6DF5996ED4.jpg,,/product/vaselina-original/0000042182627
4526,"Smoth milk, tripla acção, 250 ml",4005808247233,10478,10070,,Nivea,,"23,56€/L","5,89€",https://cdn.intermarche.pt/pt/Content/images/boitmal/produit/zoom/ED23D3022E71FDD14FE8C56618FEBE1F.jpg,,/product/smoth-milk-tripla-accao-250-ml/4005808247233
45874,"Loção corporal, refirmante Q10 + bronze",4005900709004,10478,10070,Embalagem de 250 ml,Nivea,,"30,76€/L","7,69€",https://cdn.intermarche.pt/pt/Content/images/boitmal/produit/zoom/7A5693744D16D700EAB26CE398A5C37D.jpg,,/product/locao-corporal-refirmante-q10-+-bronze/4005900709004
11173,"Creme para mãos, caixa familiar",4005808801053,10478,10070,Embalagem de 250 ml,Nivea,,"19,16€/L","4,79€",https://cdn.intermarche.pt/pt/Content/images/boitmal/produit/zoom/5EB1C4492D1318FC9ADB99D2C35F6F92.jpg,,/product/creme-para-maos-caixa-familiar/4005808801053
4550,"Creme mãos, caixa grande",4005808801046,10478,10070,Embalagem de 150 ml,Nivea,,"25,27€/L","3,79€",https://cdn.intermarche.pt/pt/Content/images/boitmal/produit/zoom/C96371F2AF8E0D9CF22D8AC14F6A4C35.jpg,,/product/creme-maos-caixa-grande/4005808801046
51688,Loção Corporal Aloé Vera Hidratante,5604260325115,10478,10070,400 ml,Labell,,"4,88€/L","1,95€",https://cdn.intermarche.pt/pt/Content/images/boitmal/produit/zoom/02EEA70D401A2694E664DD162EDD6566.jpg,,/product/locao-corporal-aloe-vera-hidratante/5604260325115
9672,Vaselina purificada,5604260269761,10478,10070,Embalagem de 25 ml,PorSi,,"35,60€/L","0,89€",https://cdn.intermarche.pt/pt/Content/images/boitmal/produit/zoom/13C42BC70060F8119457C86DBC73F39A.jpg,,/product/vaselina-purificada/5604260269761
10926,Creme Mãos Hidratante,3250390138082,10478,10070,Embalagem de 100 ml,Labell,,"11,90€/L","1,19€",https://cdn.intermarche.pt/pt/Content/images/boitmal/produit/zoom/53300E29D968BE0BE3B4DC50A7299BCF.jpg,,/product/creme-maos-hidratante/3250390138082
15438,Mousse limpeza refresh,3250392084356,10478,10070,Embalagem com 150ml,Labell,,"23,27€/L","3,49€",https://cdn.intermarche.pt/pt/Content/images/boitmal/produit/zoom/14F46AAE0936C2F27C5112C8BF104D81.jpg,,/product/mousse-limpeza-refresh/3250392084356
29582,Creme Gordo Hidratante,5604260283552,10478,10070,1 l,Labell,,"12,99€/L","12,99€",https://cdn.intermarche.pt/pt/Content/images/boitmal/produit/zoom/F2CE737F2B68512932099AE54DA9D456.jpg,,/product/creme-gordo-hidratante/5604260283552
36985,Vaselina Jelly Baby,8710447485316,10478,10070,100 ml,Vaseline,,"29,90€/L","2,99€",https://cdn.intermarche.pt/pt/Content/images/boitmal/produit/zoom/D7C74EC08AE8B6C1BC036294000280EA.jpg,,/product/vaselina-jelly-baby/8710447485316
37527,Vaselina boião,5604260300532,10478,10070,Embalagem de 100 ml,PorSi,,"17,90€/L","1,79€",https://cdn.intermarche.pt/pt/Content/images/boitmal/produit/zoom/E4F027CD6F22DDA73E917E9DDA791CF1.jpg,,/product/vaselina-boiao/5604260300532
3991,Creme de mãos reparador,3250391436101,10478,10070,Embalagem de 75 ml,Labell,,"15,33€/L","1,15€",https://cdn.intermarche.pt/pt/Content/images/boitmal/produit/zoom/4A5DD1F187290352D7512C69A8AE75C2.jpg,,/product/creme-de-maos-reparador/3250391436101
44181,Leite hidratante corporal crianças delicadeza de aveia,3600542367202,10478,10070,Embalagem de 250 ml,Garnier,,"19,96€/L","4,99€",https://cdn.intermarche.pt/pt/Content/images/boitmal/produit/zoom/19DFCC9DCE23FA2E3437DED74FC2D299.jpg,,/product/leite-hidratante-corporal-criancas-delicadeza-de-aveia/3600542367202
44489,Creme de mãos protetor mel,4005900556462,10478,10070,100 ml,Nivea,,"29,90€/L","2,99€",https://cdn.intermarche.pt/pt/Content/images/boitmal/produit/zoom/500AA2DE07096F0258FD86E53EF48B58.jpg,,/product/creme-de-maos-protetor-mel/4005900556462
50943,Creme corporal aloé vera,3600542469951,10478,10070,Embalagem de 380 ml,Garnier,,"20,24€/L","7,69€",https://cdn.intermarche.pt/pt/Content/images/boitmal/produit/zoom/7C7EF83FB2499353A6522CA72F22D76D.jpg,,/product/creme-corporal-aloe-vera/3600542469951
51687,Loção corporal Reparação Nutritiva,5604260325108,10478,10070,400 ml,Labell,,"4,73€/L","1,89€",https://cdn.intermarche.pt/pt/Content/images/boitmal/produit/zoom/79397B02B7AAEC2A1F7C3110FE5FAAA9.jpg,,/product/locao-corporal-reparacao-nutritiva/5604260325108
7723,Loção corporal sos reparadora,4005900024060,10478,10070,Embalagem de 250 ml,Nivea,,"26,36€/L","6,59€",https://cdn.intermarche.pt/pt/Content/images/boitmal/produit/zoom/776EB4A252632A35C37B850484C2EF6F.jpg,,/product/locao-corporal-sos-reparadora/4005900024060
11171,Leite corporal,4005808754458,10478,10070,Embalagem de 400 ml,Nivea,,"14,98€/L","5,99€",https://cdn.intermarche.pt/pt/Content/images/boitmal/produit/zoom/697595E5AC19F48A0CC33974E2DAC370.jpg,,/product/leite-corporal/4005808754458
12683,Creme corporal abacate,3600542470377,10478,10070,Embalagem de 380 ml,Garnier,,"20,24€/L","7,69€",https://cdn.intermarche.pt/pt/Content/images/boitmal/produit/zoom/52E9341BF1D5C7FB9CBA9391342A0CAE.jpg,,/product/creme-corporal-abacate/3600542470377
18799,Body Milk Cocoa,4005900299635,10478,10070,Embalagem de 250 ml,Nivea,,"21,96€/L","5,49€",https://cdn.intermarche.pt/pt/Content/images/boitmal/produit/zoom/7304397CBF3D4A56B49B668BFC71AFE2.jpg,,/product/body-milk-cocoa/4005900299635
26232,Loção Corporal Nutritiva Plus,8411126012327,10478,10070,Embalagem de 400 ml,Natural Honey,,"7,48€/L","2,99€",https://cdn.intermarche.pt/pt/Content/images/boitmal/produit/zoom/58D39D0C8264B17A5BA5EE1E9748341A.jpg,,/product/locao-corporal-nutritiva-plus/8411126012327
29982,"Creme Mãos Secrets Coco, 75 ml",8710447275313,10478,10070,,Dove,,"53,20€/L","3,99€",https://cdn.intermarche.pt/pt/Content/images/boitmal/produit/zoom/422C5744B8A320ED30EDFF94AD4C8615.jpg,,/product/creme-maos-secrets-coco-75-ml/8710447275313
30472,Creme Gordo Hidratante,5604260283569,10478,10070,200 ml,Labell,,"19,95€/L","3,99€",https://cdn.intermarche.pt/pt/Content/images/boitmal/produit/zoom/A256BCE5F379C54FDDEA77CD1A319859.jpg,,/product/creme-gordo-hidratante/5604260283569
30579,Desodorizante de Pés em Creme,5601324000537,10478,10070,Embalagem de 100 ml,Protex,,"48,90€/L","4,89€",https://cdn.intermarche.pt/pt/Content/images/boitmal/produit/zoom/040059E8BF3C7CD02647B669B55EBEDF.jpg,,/product/desodorizante-de-pes-em-creme/5601324000537
35249,Loção corporal oil intense,5410091748005,10478,10070,Embalagem de 400 ml,Barnangen,,"17,48€/L","6,99€",https://cdn.intermarche.pt/pt/Content/images/boitmal/produit/zoom/65DEB227365950607C4AA4433179E3F3.jpg,,/product/locao-corporal-oil-intense/5410091748005
35262,Creme bio mãos e unhas,3250392149499,10478,10070,75 ml,Labell Bio,,"22,53€/L","1,69€",https://cdn.intermarche.pt/pt/Content/images/boitmal/produit/zoom/352671AFB87714A18520950DE3A5977A.jpg,,/product/creme-bio-maos-e-unhas/3250392149499
35266,Loção para o corpo de chá verde nourishing secrets,8710447495674,10478,10070,250 ml,Dove,,"19,96€/L","4,99€",https://cdn.intermarche.pt/pt/Content/images/boitmal/produit/zoom/9CB4E4703572F3721DC7A88E13346F79.jpg,,/product/locao-para-o-corpo-de-cha-verde-nourishing-secrets/8710447495674
39014,"Óleo de amêndoas doces, garrafa de 60 ml",5604321005239,10478,10070,,Goldensilk,,"34,83€/L","2,09€",https://cdn.intermarche.pt/pt/Content/images/boitmal/produit/zoom/0922E159CCE7B009411668E3EBA687FF.jpg,,/product/oleo-de-amendoas-doces-garrafa-de-60-ml/5604321005239
39841,"Creme de mãos baba de caracol, garrafa de 50 ml",5604321028665,10478,10070,,Goldensi,,"87,80€/L","4,39€",https://cdn.intermarche.pt/pt/Content/images/boitmal/produit/zoom/8A45CE78BDE1659A2A18695CDE489D4E.jpg,,/product/creme-de-maos-baba-de-caracol-garrafa-de-50-ml/5604321028665
39957,"Óleo de rosa mosqueta, garrafa de 50 ml",5604321031368,10478,10070,,Goldensi,,"231,80€/L","11,59€",https://cdn.intermarche.pt/pt/Content/images/boitmal/produit/zoom/F7827BE1E28C3B53A30050ED8DA48F34.jpg,,/product/oleo-de-rosa-mosqueta-garrafa-de-50-ml/5604321031368
39961,"Gel pés & pernas gingko biloba, garrafa de 150 ml",5604321031405,10478,10070,,Goldensilk,,"39,93€/L","5,99€",https://cdn.intermarche.pt/pt/Content/images/boitmal/produit/zoom/8254B17CFFFCBACC3999392356F9B2A9.jpg,,/product/gel-pes-&-pernas-gingko-biloba-garrafa-de-150-ml/5604321031405
42251,Loção corporal caring,5012583205753,10478,10070,400 ml,Barnangen,,"17,48€/L","6,99€",https://cdn.intermarche.pt/pt/Content/images/boitmal/produit/zoom/6AF32407DCD724B01BE7B8509F9924D9.jpg,,/product/locao-corporal-caring/5012583205753
32402,Desodorizante Roll On Black & White Invisible Silky Smooth,4005900542557,10786,10070,50 ml,Nivea,,"62,80€/L","3,14€",https://cdn.intermarche.pt/pt/Content/images/boitmal/produit/zoom/0FDFC8F76946D93D5FC3C71D34FF86DB.jpg,2024-09-25T22:59:59.999Z,/product/desodorizante-roll-on-black-&-white-invisible-silky-smooth/4005900542557
32303,Desodorizante Roll On Black & White Fresh,4005900388599,10786,10070,50 ml,Nivea,,"62,80€/L","3,14€",https://cdn.intermarche.pt/pt/Content/images/boitmal/produit/zoom/2AB0DBFCD3583528F0B2BE7D1AD6DF9C.jpg,2024-09-25T22:59:59.999Z,/product/desodorizante-roll-on-black-&-white-fresh/4005900388599
32304,Desodorizante Roll On Black & White Active,4005900386564,10786,10070,50 ml,Nivea,,"62,80€/L","3,14€",https://cdn.intermarche.pt/pt/Content/images/boitmal/produit/zoom/A36F4383E6851A705012A66F256273F4.jpg,2024-09-25T22:59:59.999Z,/product/desodorizante-roll-on-black-&-white-active/4005900386564
53321,"Desodorizante Roll-on Black & White Max Protection, 50ml",4006000033570,10786,10070,,Nivea,,"71,80€/L","3,59€",https://cdn.intermarche.pt/pt/Content/images/boitmal/produit/zoom/2773456A0400191F350E5C65211739D5.jpg,2024-09-25T22:59:59.999Z,/product/desodorizante-roll-on-black-&-white-max-protection-50ml/4006000033570
54418,"Desodorizante Roll On Powder 48H, 50ml",0000059095408,10786,10070,,Dove,,"79,80€/L","3,99€",https://cdn.intermarche.pt/pt/Content/images/boitmal/produit/zoom/3BE4B78B18F7BF6728BA154B51530B14.jpg,,/product/desodorizante-roll-on-powder-48h-50ml/0000059095408
49637,Desodorizante Roll-On Dermo,5604260323913,10786,10070,Embalagem de 50 ml,Labell,,"17,00€/L","0,85€",https://cdn.intermarche.pt/pt/Content/images/boitmal/produit/zoom/752B687A5CBE6A4556CCFE0BD0EC835D.jpg,,/product/desodorizante-roll-on-dermo/5604260323913
31906,Desodorizante Pure & Natural Spray,4005900388537,10786,10070,150 ml,Nivea,,"25,27€/L","3,79€",https://cdn.intermarche.pt/pt/Content/images/boitmal/produit/zoom/CE252F48A1BA05D2CA75526FEC5501B5.jpg,,/product/desodorizante-pure-&-natural-spray/4005900388537
4322,"Desodorizante Roll'On Invisivel, 50 ml",3600540623911,10786,10070,,Narta,,"59,80€/L","2,99€",https://cdn.intermarche.pt/pt/Content/images/boitmal/produit/zoom/2548E7F9189B3705E4D8DD9171C395C3.jpg,,/product/desodorizante-roll'on-invisivel-50-ml/3600540623911
49638,Desodorizante Roll-On Dry,5604260323920,10786,10070,Embalagem de 50 ml,Labell,,"17,00€/L","0,85€",https://cdn.intermarche.pt/pt/Content/images/boitmal/produit/zoom/4744921F68B757EB9AD6D3D4843A1A56.jpg,,/product/desodorizante-roll-on-dry/5604260323920
40831,Desodorizante spray invisible,8717163675038,10786,10070,Embalagem de 150 ml,Rexona,,"29,93€/L","4,49€",https://cdn.intermarche.pt/pt/Content/images/boitmal/produit/zoom/57B3E206ACA61DEC6375264AE8EA5ABA.jpg,,/product/desodorizante-spray-invisible/8717163675038
4323,Desodorizante Roll'On Bio Eficácia,3600540623959,10786,10070,Embalagem de 50 ml,Narta,,"59,80€/L","2,99€",https://cdn.intermarche.pt/pt/Content/images/boitmal/produit/zoom/5C7BE4375FE25C3F9AC22EE96FB194C9.jpg,,/product/desodorizante-roll'on-bio-eficacia/3600540623959
49639,Desodorizante Roll-On Pure,5604260323944,10786,10070,Embalagem de 50 ml,Labell,,"17,00€/L","0,85€",https://cdn.intermarche.pt/pt/Content/images/boitmal/produit/zoom/B329D8C20CAF8D268C44EBAA2F9B5898.jpg,,/product/desodorizante-roll-on-pure/5604260323944
29939,Deo Roll On Dry Fresh,4005900488459,10786,10070,50 ml,Nivea,,"73,80€/L","3,69€",https://cdn.intermarche.pt/pt/Content/images/boitmal/produit/zoom/A22C4B7FFEFAE6222645D53E97AF92A1.jpg,,/product/deo-roll-on-dry-fresh/4005900488459
32155,Desodorizante Spray Black & White Invisible,4005900547316,10786,10070,150 ml,Nivea,,"31,27€/L","4,69€",https://cdn.intermarche.pt/pt/Content/images/boitmal/produit/zoom/C8CF1F2C1B83EC7C8CE7FE269D9960D3.jpg,,/product/desodorizante-spray-black-&-white-invisible/4005900547316
47621,Desodorizante original 0% álcool,0000080466437,10786,10070,40 ml,Dove,,"124,75€/L","4,99€",https://cdn.intermarche.pt/pt/Content/images/boitmal/produit/zoom/6250F87CFED7E6C6408C0D352DF269E6.jpg,,/product/desodorizante-original-0%25-alcool/0000080466437
49640,Desodorizante Roll-On Black & White,5604260323937,10786,10070,Embalagem de 50 ml,Labell,,"17,00€/L","0,85€",https://cdn.intermarche.pt/pt/Content/images/boitmal/produit/zoom/8B93AF43CBB92D078E8D602D9BD21F2E.jpg,,/product/desodorizante-roll-on-black-&-white/5604260323937
7018,Desodorizante roll-on shower fresh,0000096017692,10786,10070,Embalagem de 50 ml,Rexona,,"79,80€/L","3,99€",https://cdn.intermarche.pt/pt/Content/images/boitmal/produit/zoom/7243168429B89287F73E0451E634DE3F.jpg,,/product/desodorizante-roll-on-shower-fresh/0000096017692
31907,Desodorizante Pure & Natural Roll-On,4005900388551,10786,10070,50 ml,Nivea,,"89,80€/L","4,49€",https://cdn.intermarche.pt/pt/Content/images/boitmal/produit/zoom/ECAF4A1AD2575DDB5B61D99D918BFBAA.jpg,,/product/desodorizante-pure-&-natural-roll-on/4005900388551
4410,Desodorizante Roll'On Protect 5,3600550266993,10786,10070,Embalagem de 50 ml,Narta,,"59,80€/L","2,99€",https://cdn.intermarche.pt/pt/Content/images/boitmal/produit/zoom/FB5D18DD1DCB46A346B4E8A1EF4119F2.jpg,,/product/desodorizante-roll'on-protect-5/3600550266993
24513,Deo Spray Black & White Active,4005900377852,10786,10070,Embalagem de 150 ml,Nivea,,"26,60€/L","3,99€",https://cdn.intermarche.pt/pt/Content/images/boitmal/produit/zoom/6966CF659E6416F695E58B87787D1075.jpg,,/product/deo-spray-black-&-white-active/4005900377852
4321,"Desodorizante spray, bio eficácia",3600540623782,10786,10070,Embalagem de 200 ml,Narta,,"14,95€/L","2,99€",https://cdn.intermarche.pt/pt/Content/images/boitmal/produit/zoom/121205A67DB24A78E71A47028A4D00E1.jpg,,/product/desodorizante-spray-bio-eficacia/3600540623782
52314,Desodorizante Spray Invisible Pure 72H,8720181214011,10786,10070,Embalagem de 50ml,Rexona,,"99,80€/L","4,99€",https://cdn.intermarche.pt/pt/Content/images/boitmal/produit/zoom/89E8C645AFEA900BFF1D842E3FDFF6D2.jpg,,/product/desodorizante-spray-invisible-pure-72h/8720181214011
7684,Desodorizante spray dry confort,4005808719020,10786,10070,Embalagem de 200 ml,Nivea,,"17,45€/L","3,49€",https://cdn.intermarche.pt/pt/Content/images/boitmal/produit/zoom/5E01A2AED44EC3B4789E1909DD521075.jpg,,/product/desodorizante-spray-dry-confort/4005808719020
29541,Eau de Toilette p/Senhora Nº5,8424730004879,10786,10070,1 Frasco 150ml,Caravan,,"79,93€/L","11,99€",https://cdn.intermarche.pt/pt/Content/images/boitmal/produit/zoom/DFBA59A5DF1F1D88BDF8723BB54AE486.jpg,,/product/eau-de-toilette-p-ou-senhora-nº5/8424730004879
36672,Desodorizante em spray sensitive zero%,8718951246584,10786,10070,150 ml,Sanex,,"29,93€/L","4,49€",https://cdn.intermarche.pt/pt/Content/images/boitmal/produit/zoom/14D8A339B1FEF4E68A9B7B668B5A9CFF.jpg,,/product/desodorizante-em-spray-sensitive-zero%25/8718951246584
39008,"Desodorizante camomila, garrafa de 85 ml",5604321005147,10786,10070,,Goldensilk,,"38,71€/L","3,29€",https://cdn.intermarche.pt/pt/Content/images/boitmal/produit/zoom/5F0AC2115341C8412EF6F19F4414C479.jpg,,/product/desodorizante-camomila-garrafa-de-85-ml/5604321005147
43898,Desodorizante Roll-on Hidra Essencial,0000059082347,10786,10070,Embalagem de 50 ml,Vaseline,,"79,80€/L","3,99€",https://cdn.intermarche.pt/pt/Content/images/boitmal/produit/zoom/6494D650879418C9300806627390D398.jpg,,/product/desodorizante-roll-on-hidra-essencial/0000059082347
52915,"Desodorizante Spray Maracujá 48h, 150 ml",8720181202469,10786,10070,,Dove,,"26,60€/L","3,99€",https://cdn.intermarche.pt/pt/Content/images/boitmal/produit/zoom/50D58AAAE2626C7D4631EF928211CCD6.jpg,,/product/desodorizante-spray-maracuja-48h-150-ml/8720181202469
53634,Desodorizante Roll On Biotic Invisível,3600551133201,10786,10070,Embalagem de 50ml,Narta,,"59,80€/L","2,99€",https://cdn.intermarche.pt/pt/Content/images/boitmal/produit/zoom/2942F7991EA1D1FE1EA0987649ABC50D.jpg,,/product/desodorizante-roll-on-biotic-invisivel/3600551133201
29538,Eau de Toilette p/Senhora Nº1,8424730004831,10786,10070,1 Frasco 150ml,Caravan,,"79,93€/L","11,99€",https://cdn.intermarche.pt/pt/Content/images/boitmal/produit/zoom/B31E641529600F13833AFEFD1037E7D0.jpg,,/product/eau-de-toilette-p-ou-senhora-nº1/8424730004831
29540,Eau de Toilette p/Senhora Nº3,8424730004855,10786,10070,1 Frasco 150ml,Caravan,,"79,93€/L","11,99€",https://cdn.intermarche.pt/pt/Content/images/boitmal/produit/zoom/69C5582002CE1C4B4AA9E40FB4C7BEFB.jpg,,/product/eau-de-toilette-p-ou-senhora-nº3/8424730004855
29546,Eau de Toilette p/Senhora Nº22,8424730006828,10786,10070,1 Frasco 150ml,Caravan,,"79,93€/L","11,99€",https://cdn.intermarche.pt/pt/Content/images/boitmal/produit/zoom/8D74EE72D6CCDB294159BC230E298C46.jpg,,/product/eau-de-toilette-p-ou-senhora-nº22/8424730006828
29548,Eau de Toilette p/Senhora Nº24,8424730006842,10786,10070,1 Frasco 150ml,Caravan,,"79,93€/L","11,99€",https://cdn.intermarche.pt/pt/Content/images/boitmal/produit/zoom/8BF806E953F32CBFBD84960FF7D45BAC.jpg,,/product/eau-de-toilette-p-ou-senhora-nº24/8424730006842
29550,Eau de Toilette p/Senhora Nº27,8424730006873,10786,10070,1 Frasco 150ml,Caravan,,"79,93€/L","11,99€",https://cdn.intermarche.pt/pt/Content/images/boitmal/produit/zoom/296B6ABB48DCAD9D035D28C200FDD964.jpg,,/product/eau-de-toilette-p-ou-senhora-nº27/8424730006873
29553,Eau de Toilette p/Senhora Nº30,8424730006903,10786,10070,1 Frasco 150ml,Caravan,,"79,93€/L","11,99€",https://cdn.intermarche.pt/pt/Content/images/boitmal/produit/zoom/8B0922A8494FBC0B6724D4359BBA8D15.jpg,,/product/eau-de-toilette-p-ou-senhora-nº30/8424730006903
29555,Eau de Toilette p/Senhora Nº32,8424730008167,10786,10070,1 Frasco 150ml,Caravan,,"79,93€/L","11,99€",https://cdn.intermarche.pt/pt/Content/images/boitmal/produit/zoom/D33683DBF3B406B10B2E1AFDC058BD2A.jpg,,/product/eau-de-toilette-p-ou-senhora-nº32/8424730008167
29557,Eau de Toilette p/Senhora Nº35,8424730008198,10786,10070,1 Frasco 150ml,Caravan,,"79,93€/L","11,99€",https://cdn.intermarche.pt/pt/Content/images/boitmal/produit/zoom/0924837DA70AD85E453995E649F3C7F5.jpg,,/product/eau-de-toilette-p-ou-senhora-nº35/8424730008198
29558,Eau de Toilette p/Senhora Nº36,8424730008204,10786,10070,1 Frasco 150ml,Caravan,,"79,93€/L","11,99€",https://cdn.intermarche.pt/pt/Content/images/boitmal/produit/zoom/8B8A15B3C314EFD65D5787CBE732E5EE.jpg,,/product/eau-de-toilette-p-ou-senhora-nº36/8424730008204
29560,Eau de Toilette p/Senhora Nº37,8424730008211,10786,10070,1 Frasco 150ml,Caravan,,"79,93€/L","11,99€",https://cdn.intermarche.pt/pt/Content/images/boitmal/produit/zoom/04A6E7CD211A57B7641A61BFE93C3F9B.jpg,,/product/eau-de-toilette-p-ou-senhora-nº37/8424730008211
29561,Eau de Toilette p/Senhora Nº38,8424730008228,10786,10070,1 Frasco 150ml,Caravan,,"79,93€/L","11,99€",https://cdn.intermarche.pt/pt/Content/images/boitmal/produit/zoom/7A33DA6B90875EB628CDCD9E9FE472F8.jpg,,/product/eau-de-toilette-p-ou-senhora-nº38/8424730008228
44569,Máquina depilação descartável Simply Venus 2,7702018553754,10475,10070,3 Unid. + 1 Grátis,Gillette,,"1,59€/Unidade","1,59€",https://cdn.intermarche.pt/pt/Content/images/boitmal/produit/zoom/082574BA8EB4991358CD288799B29084.jpg,2024-09-25T22:59:59.999Z,/product/maquina-depilacao-descartavel-simply-venus-2/7702018553754
53525,"Lâminas Depilação Descartáveis Venus Basic, 10 unidades",8001090279132,10475,10070,,Gillette,,"3,39€/Unidade","3,39€",https://cdn.intermarche.pt/pt/Content/images/boitmal/produit/zoom/96378A7FBB515962CA6E5988BCE96BBE.jpg,2024-09-25T22:59:59.999Z,/product/laminas-depilacao-descartaveis-venus-basic-10-unidades/8001090279132
53582,"Recarga de Lâminas Satin Care Zona Íntima, 4 unidades",8700216073387,10475,10070,,Gillette,,"15,99€/Unidade","15,99€",https://cdn.intermarche.pt/pt/Content/images/boitmal/produit/zoom/E0E85AE29FF76741C476BE1522B2BF74.jpg,,/product/recarga-de-laminas-satin-care-zona-intima-4-unidades/8700216073387
20618,"Máquina depiladora descartável, Blue II Feminina, 5+1 unidades",3014260294625,10475,10070,,Gillette,,"2,99€/Unidade","2,99€",https://cdn.intermarche.pt/pt/Content/images/boitmal/produit/zoom/25DA0694A3DF391DB1CCB50392F156C5.jpg,,/product/maquina-depiladora-descartavel-blue-ii-feminina-5+1-unidades/3014260294625
25082,Bandas cera depilatórias corpo pele sensível,3250392253141,10475,10070,40 unidades,Labell,,"2,99€/Unidade","2,99€",https://cdn.intermarche.pt/pt/Content/images/boitmal/produit/zoom/2C8D75CC42FB304D6CF9AF661AA56288.jpg,,/product/bandas-cera-depilatorias-corpo-pele-sensivel/3250392253141
10101,Creme descolorante,8410104103637,10475,10070,Garrafa de 150 ml,Veet,,"73,27€/L","10,99€",https://cdn.intermarche.pt/pt/Content/images/boitmal/produit/zoom/D9EFFCF8E5F66AC3C73643EFAA4ED47A.jpg,,/product/creme-descolorante/8410104103637
25084,Bandas de cera axilas/bikini,3250392253127,10475,10070,Embalagem com 16 un. + 4 toalhitas de acabamento,Labell,,"2,09€/Unidade","2,09€",https://cdn.intermarche.pt/pt/Content/images/boitmal/produit/zoom/DF6B78C5414BF2760CC728DCF9201392.jpg,,/product/bandas-de-cera-axilas-ou-bikini/3250392253127
52365,Bandas Depilatórias Cera Fria Facial Expert Pele Sensível,5605480002244,10475,10070,Embalagem de 16 unidades,Veet,,"8,49€/Unidade","8,49€",https://cdn.intermarche.pt/pt/Content/images/boitmal/produit/zoom/F4D2539206CA288926BDE56C03DB2435.jpg,,/product/bandas-depilatorias-cera-fria-facial-expert-pele-sensivel/5605480002244
12585,Creme depilatório para peles sensíveis,3250391547500,10475,10070,Embalagem de 200 ml,Labell,,"14,95€/L","2,99€",https://cdn.intermarche.pt/pt/Content/images/boitmal/produit/zoom/D895CED9ED3D09013BDDE7DA6DE63561.jpg,,/product/creme-depilatorio-para-peles-sensiveis/3250391547500
19850,Máquina depilatória Miss Soleil,3086123262270,10475,10070,3 + 1 unidades,Bic,,"4,29€/Unidade","4,29€",https://cdn.intermarche.pt/pt/Content/images/boitmal/produit/zoom/B3F295BEE8215204C36366BF02164E66.jpg,,/product/maquina-depilatoria-miss-soleil/3086123262270
3832,"Cera de depilação oriental, pote",3250390778875,10475,10070,Embalagem de 250 ml,Labell,,"14,24€/L","3,56€",https://cdn.intermarche.pt/pt/Content/images/boitmal/produit/zoom/3018050C9A8205A93F37858597ED6DD4.jpg,,/product/cera-de-depilacao-oriental-pote/3250390778875
50516,Bandas de Cera Depilatória Bikini,8428076003251,10475,10070,16 unidades,Veet,,"7,99€/Unidade","7,99€",https://cdn.intermarche.pt/pt/Content/images/boitmal/produit/zoom/4787803BB2D6346B41C939D1AAF2EFD8.jpg,,/product/bandas-de-cera-depilatoria-bikini/8428076003251
52367,Bandas Depilatórias Cera Fria Faciais Pele Normal,8428076006337,10475,10070,Embalagem de 16 unidades,Veet,,"8,49€/Unidade","8,49€",https://cdn.intermarche.pt/pt/Content/images/boitmal/produit/zoom/340E5D25BCEE3B453E834B0431FB5226.jpg,,/product/bandas-depilatorias-cera-fria-faciais-pele-normal/8428076006337
53353,Máquina Depilatória Zona Intima,8700216073349,10475,10070,,Venus,,"14,99€/Unidade","14,99€",https://cdn.intermarche.pt/pt/Content/images/boitmal/produit/zoom/F20A401C4167F21409756EF7AC7B5FA3.jpg,,/product/maquina-depilatoria-zona-intima/8700216073349
7273,"Lâminas  depilatórias, 5 unidades",3086127500934,10475,10070,Uma embalagem,Twin lady,,"2,99€/Unidade","2,99€",https://cdn.intermarche.pt/pt/Content/images/boitmal/produit/zoom/98BD313CB68F62010A9A709C5451AE55.jpg,,/product/laminas-depilatorias-5-unidades/3086127500934
7506,"Gel depilatório, peles sensiveis",3250391430468,10475,10070,Embalagem de 200 ml,Labell,,"14,95€/L","2,99€",https://cdn.intermarche.pt/pt/Content/images/boitmal/produit/zoom/64DDFF54D6994819BFF06DD3A82B47D9.jpg,,/product/gel-depilatorio-peles-sensiveis/3250391430468
19004,Creme Depilatório Peles Sensíveis,8410104274160,10475,10070,Embalagem de 200 ml,Veet,,"47,45€/L","9,49€",https://cdn.intermarche.pt/pt/Content/images/boitmal/produit/zoom/873F0880AE5560A48B4AFDD06A8FA174.jpg,,/product/creme-depilatorio-peles-sensiveis/8410104274160
24879,Bandas de cera fria bikini peles sensíveis,8410104882143,10475,10070,Embalagem de 16 unidades,Veet,,"6,99€/Unidade","6,99€",https://cdn.intermarche.pt/pt/Content/images/boitmal/produit/zoom/4D12487F084838C65CE98C15CE8C3C82.jpg,,/product/bandas-de-cera-fria-bikini-peles-sensiveis/8410104882143
25083,Bandas de cera fria facial,3250392253165,10475,10070,Embalagem com 20 un. + 4 toalhitas de acabamento,Labell,,"1,29€/Unidade","1,29€",https://cdn.intermarche.pt/pt/Content/images/boitmal/produit/zoom/E8D210ECF93FD20BBBD285D5E38F8DA1.jpg,,/product/bandas-de-cera-fria-facial/3250392253165
25345,Bandas de cera facial peles normais,8410104882136,10475,10070,Embalagem de 20 unidades,Veet,,"6,99€/Unidade","6,99€",https://cdn.intermarche.pt/pt/Content/images/boitmal/produit/zoom/A9F296A7B0E333A723EFEC1077C24BBC.jpg,,/product/bandas-de-cera-facial-peles-normais/8410104882136
30042,Cera Depilatória,8410104438098,10475,10070,Embalagem de 250 ml,Veet,,"35,96€/L","8,99€",https://cdn.intermarche.pt/pt/Content/images/boitmal/produit/zoom/15C8DBC36DDF3C154F0FE1B3FE89BF58.jpg,,/product/cera-depilatoria/8410104438098
30199,Máquina Depilatória Descartável Twin Lady,3086127500941,10475,10070,Embalagem com 10 un.,Bic,,"3,99€/Unidade","3,99€",https://cdn.intermarche.pt/pt/Content/images/boitmal/produit/zoom/47F6D64C8B90268E51E76586B884427D.jpg,,/product/maquina-depilatoria-descartavel-twin-lady/3086127500941
30880,Máquina Descartável Depilatória Venus Plus,7702018450886,10475,10070,4 un. + 2 grátis,Gillette,,"5,99€/Unidade","5,99€",https://cdn.intermarche.pt/pt/Content/images/boitmal/produit/zoom/A54390049FA1902617FF3E86E2EFD482.jpg,,/product/maquina-descartavel-depilatoria-venus-plus/7702018450886
43897,Máquina Depilatória Descartável Miss Soleil Sensitive 3,3086123644953,10475,10070,1 + 2 Unidades Grátis,Bic,,"5,75€/Unidade","5,75€",https://cdn.intermarche.pt/pt/Content/images/boitmal/produit/zoom/D676F4887E6E2A31E168D4E06102F964.jpg,,/product/maquina-depilatoria-descartavel-miss-soleil-sensitive-3/3086123644953
44572,Bandas de Cera Depilatória Facial,8428076000274,10475,10070,Embalagem de 20 unidades,Veet,,"7,99€/Unidade","7,99€",https://cdn.intermarche.pt/pt/Content/images/boitmal/produit/zoom/87CC46C0B6A5CF26C13067C3C744529D.jpg,,/product/bandas-de-cera-depilatoria-facial/8428076000274
44573,Bandas de Cera Depilatória Corpo e Pernas,8428076000281,10475,10070,Embalagem de 20 unidades,Veet,,"9,99€/Unidade","9,99€",https://cdn.intermarche.pt/pt/Content/images/boitmal/produit/zoom/2A2B61F486D7B10057F28A5716CC8389.jpg,,/product/bandas-de-cera-depilatoria-corpo-e-pernas/8428076000281
45737,Creme Axilas Mínima,8428076002087,10475,10070,Embalagem de 100 ml,Veet,,"79,90€/L","7,99€",https://cdn.intermarche.pt/pt/Content/images/boitmal/produit/zoom/757836183F85609996EE4FEBE103B292.jpg,,/product/creme-axilas-minima/8428076002087
49678,Bandas de Cera Depilatória Axilas,8428076003404,10475,10070,16 unidades,Veet,,"7,99€/Unidade","7,99€",https://cdn.intermarche.pt/pt/Content/images/boitmal/produit/zoom/50D4C7F3BEA8F65D4E78AF894474569B.jpg,,/product/bandas-de-cera-depilatoria-axilas/8428076003404
49898,Recarga bandas auxiliares depilatórias,3250392472962,10475,10070,24 unidades,Labell,,"2,99€/Unidade","2,99€",https://cdn.intermarche.pt/pt/Content/images/boitmal/produit/zoom/5EFCE57FE53436AED97F2C5449F52568.jpg,,/product/recarga-bandas-auxiliares-depilatorias/3250392472962
52366,Bandas Depilatórias Cera Fria Corpo Expert Pele Sensível,5605480002251,10475,10070,Embalagem de 16 unidades,Veet,,"10,49€/Unidade","10,49€",https://cdn.intermarche.pt/pt/Content/images/boitmal/produit/zoom/2870A227788D2E534FECC183FDADFC2B.jpg,,/product/bandas-depilatorias-cera-fria-corpo-expert-pele-sensivel/5605480002251
52368,Bandas Depilatórias Cera Fria Axilas Expert,8428076006580,10475,10070,Embalagem de 16 unidades,Veet,,"8,49€/Unidade","8,49€",https://cdn.intermarche.pt/pt/Content/images/boitmal/produit/zoom/9824FC9A7E7176B8807971675CA3ABE9.jpg,,/product/bandas-depilatorias-cera-fria-axilas-expert/8428076006580
52369,Bandas Depilatórias Cera Fria Bikini Expert,8428076006573,10475,10070,Embalagem de 16 unidades,Veet,,"8,49€/Unidade","8,49€",https://cdn.intermarche.pt/pt/Content/images/boitmal/produit/zoom/9458FB2E629AB225B0203F501DF9B271.jpg,,/product/bandas-depilatorias-cera-fria-bikini-expert/8428076006573
52370,Bandas Depilatórias Cera Fria Expert Corpo Pele Normal,8428076006320,10475,10070,Embalagem de 16 unidades,Veet,,"10,49€/Unidade","10,49€",https://cdn.intermarche.pt/pt/Content/images/boitmal/produit/zoom/4883919741411F1CD6CB9DC8FB0BD254.jpg,,/product/bandas-depilatorias-cera-fria-expert-corpo-pele-normal/8428076006320
52371,Creme Depilatório Axilas Expert,8428076006290,10475,10070,Embalagem de 100ml,Veet,,"84,90€/L","8,49€",https://cdn.intermarche.pt/pt/Content/images/boitmal/produit/zoom/60DCCB1F73F1D096BA5DC6FFD4000542.jpg,,/product/creme-depilatorio-axilas-expert/8428076006290
53384,"Máquina Descartável Miss Soleil Sensitive, 3 un.",3086123519176,10475,10070,,Bic,,"3,99€/Unidade","3,99€",https://cdn.intermarche.pt/pt/Content/images/boitmal/produit/zoom/FA32A5E1D6286AC923BDE246F2D76484.jpg,,/product/maquina-descartavel-miss-soleil-sensitive-3-un./3086123519176
53385,"Recarga Miss Soleil Sensitive, 4 un.",3086123644915,10475,10070,,Bic,,"7,99€/Unidade","7,99€",https://cdn.intermarche.pt/pt/Content/images/boitmal/produit/zoom/ED7ABF5E54A1CF523EEDBB1498A79F76.jpg,,/product/recarga-miss-soleil-sensitive-4-un./3086123644915
53537,Lâmina Depilação Comfortglide Coconut,8001090590121,10475,10070,,Gillette,,"14,99€/Unidade","14,99€",https://cdn.intermarche.pt/pt/Content/images/boitmal/produit/zoom/EA10D9C2AF14A7F2FD3ED892C9706614.jpg,,/product/lamina-depilacao-comfortglide-coconut/8001090590121
53762,Gel Limpeza e Depilação 2 em 1 Zona Íntima,8700216073547,10475,10070,Embalagem de 190ml,Satin Care,,"78,89€/L","14,99€",https://cdn.intermarche.pt/pt/Content/images/boitmal/produit/zoom/FC744E3253412AFD220D559AABFD4CF5.jpg,,/product/gel-limpeza-e-depilacao-2-em-1-zona-intima/8700216073547
53795,Creme Depilatório Expert Kit Zona Bikini,8428076006269,10475,10070,Embalagem de 100ml,Veet,,"84,90€/L","8,49€",https://cdn.intermarche.pt/pt/Content/images/boitmal/produit/zoom/B48D51ADE8D6D7492BC0C671C4F94503.jpg,,/product/creme-depilatorio-expert-kit-zona-bikini/8428076006269
53796,Creme Depilatório Expert Pernas e Corpo,8428076006276,10475,10070,Embalagem de 200ml,Veet,,"52,45€/L","10,49€",https://cdn.intermarche.pt/pt/Content/images/boitmal/produit/zoom/5AE48A7D523AC6DAB357664187DD7C29.jpg,,/product/creme-depilatorio-expert-pernas-e-corpo/8428076006276
53487,Esponja Banho 2Un,5604260326884,11763,10070,Embalagem de 2 unidades,Labell,,"1,98€/Unidade","1,98€",https://cdn.intermarche.pt/pt/Content/images/boitmal/produit/zoom/172BD351626D158E422E1C5C5C9AF4DA.jpg,,/product/esponja-banho-2un/5604260326884
53486,Esponja Banho Vegetal,5604260326877,11763,10070,Embalagem de 1 unidades,Labell,,"0,85€/Unidade","0,85€",https://cdn.intermarche.pt/pt/Content/images/boitmal/produit/zoom/2899DB118047C84BB119ACEDDFA083EF.jpg,,/product/esponja-banho-vegetal/5604260326877
4196,"Pensos diários respirare, 76 unidades",3574660464429,10538,10077,Uma embalagem,Carefree,,"3,74€/Unidade","3,74€",https://cdn.intermarche.pt/pt/Content/images/boitmal/produit/zoom/F1443756E2E93D0DFBDE85A3A5997C3A.jpg,2024-09-25T22:59:59.999Z,/product/pensos-diarios-respirare-76-unidades/3574660464429
36752,Pensos diários maxi,3574661487694,10538,10077,Embalagem com 64 unidades,Carefree,,"3,74€/Unidade","3,74€",https://cdn.intermarche.pt/pt/Content/images/boitmal/produit/zoom/761AFEC0159C1EB52FB3A5797B87B380.jpg,2024-09-25T22:59:59.999Z,/product/pensos-diarios-maxi/3574661487694
41864,Pensos diários respirare,3574661552583,10538,10077,embalagem com 20 unidades,Carefree,,"1,49€/Unidade","1,49€",https://cdn.intermarche.pt/pt/Content/images/boitmal/produit/zoom/72B719D88397C03CA439E3867F50FE4C.jpg,2024-09-25T22:59:59.999Z,/product/pensos-diarios-respirare/3574661552583
12752,Pensos diários flexiform,3574660097009,10538,10077,Embalagem de 30 unidades,Carefree,,"1,94€/Unidade","1,94€",https://cdn.intermarche.pt/pt/Content/images/boitmal/produit/zoom/AB9D1A8E115573D5130D10FC8CB3505C.jpg,2024-09-25T22:59:59.999Z,/product/pensos-diarios-flexiform/3574660097009
4208,"Pensos diários maxi, aloé vera",3574660709216,10538,10077,embalagem com 48 unidades,Carefree,,"3,65€/Unidade","3,65€",https://cdn.intermarche.pt/pt/Content/images/boitmal/produit/zoom/26FFB8C904F08713D51E0B27DC72CB68.jpg,2024-09-25T22:59:59.999Z,/product/pensos-diarios-maxi-aloe-vera/3574660709216
46772,Pensos diários plus long,3574661500355,10538,10077,Embalagem com 40 unidades,Carefree,,"3,74€/Unidade","3,74€",https://cdn.intermarche.pt/pt/Content/images/boitmal/produit/zoom/C09125DDC05046FDDB081D09634904E8.jpg,2024-09-25T22:59:59.999Z,/product/pensos-diarios-plus-long/3574661500355
47427,Pensos diários flexiform,3574661552576,10538,10077,Embalagem de 56 unidades,Carefree,,"3,65€/Unidade","3,65€",https://cdn.intermarche.pt/pt/Content/images/boitmal/produit/zoom/55BFF8DD5AEB2213C79633D08C742122.jpg,2024-09-25T22:59:59.999Z,/product/pensos-diarios-flexiform/3574661552576
50291,Pensos diários maxi cotton aloé,3574661552804,10538,10077,56 unidades,Carefree,,"3,64€/Unidade","3,64€",https://cdn.intermarche.pt/pt/Content/images/boitmal/produit/zoom/8044820DAB5308A83EA4CCAFF69692C0.jpg,2024-09-25T22:59:59.999Z,/product/pensos-diarios-maxi-cotton-aloe/3574661552804
50523,Pensos diários maxi,3574661487540,10538,10077,36 unidades,Carefree,,"2,24€/Unidade","2,24€",https://cdn.intermarche.pt/pt/Content/images/boitmal/produit/zoom/2B6AB2EF81D49887042731335B4B98D0.jpg,2024-09-25T22:59:59.999Z,/product/pensos-diarios-maxi/3574661487540
48907,Penso diário normal,5604260320769,10538,10077,Embalagem de 64 unidades,PorSi,,"1,69€/Unidade","1,69€",https://cdn.intermarche.pt/pt/Content/images/boitmal/produit/zoom/160580AB04FA8705A00B47E711994C11.jpg,,/product/penso-diario-normal/5604260320769
48391,Pensos diários aloé vera,5604260320776,10538,10077,Embalagem de 30 unidades,PorSi,,"1,39€/Unidade","1,39€",https://cdn.intermarche.pt/pt/Content/images/boitmal/produit/zoom/78F7AA6364149B39B237F42EDAC44DD3.jpg,,/product/pensos-diarios-aloe-vera/5604260320776
6361,"Pensos diários salva slip, maxi",8410108088886,10538,10077,72 unidades,Evax,,"4,99€/Unidade","4,99€",https://cdn.intermarche.pt/pt/Content/images/boitmal/produit/zoom/04C43DF34CCFC7ECACB2FD78623C223E.jpg,,/product/pensos-diarios-salva-slip-maxi/8410108088886
35301,Pensos diários salvaslip flexi & fresh normal,8001090766885,10538,10077,28 unidades,Evax,,"1,99€/Unidade","1,99€",https://cdn.intermarche.pt/pt/Content/images/boitmal/produit/zoom/1F56EC23F2B2B0CE3A138E681A8B3E99.jpg,,/product/pensos-diarios-salvaslip-flexi-&-fresh-normal/8001090766885
48912,Penso diário flexível,5604260320738,10538,10077,Embalagem de 30 unidades,PorSi,,"1,19€/Unidade","1,19€",https://cdn.intermarche.pt/pt/Content/images/boitmal/produit/zoom/3AC54CD97ED6A86A946BBEC858EDADB7.jpg,,/product/penso-diario-flexivel/5604260320738
48910,Penso diário normal,5604260320752,10538,10077,Embalagem de 44 unidades,PorSi,,"1,49€/Unidade","1,49€",https://cdn.intermarche.pt/pt/Content/images/boitmal/produit/zoom/CFED9B30495305B1C503153B58B02CF9.jpg,,/product/penso-diario-normal/5604260320752
48908,Penso diário super,5604260320783,10538,10077,Embalagem de 52 unidades,PorSi,,"1,99€/Unidade","1,99€",https://cdn.intermarche.pt/pt/Content/images/boitmal/produit/zoom/C3D73755E261B1B3D0FD5A9DCA3DD1AF.jpg,,/product/penso-diario-super/5604260320783
6377,Penso Diário Salva Slip,8410108125857,10538,10077,50 Unidades,Evax,,"2,99€/Unidade","2,99€",https://cdn.intermarche.pt/pt/Content/images/boitmal/produit/zoom/F92DC2B01BD95F92650A87F4CB6FD10B.jpg,,/product/penso-diario-salva-slip/8410108125857
48911,Penso diário ultra fino,5604260320745,10538,10077,Embalagem de 30 unidades,PorSi,,"1,15€/Unidade","1,15€",https://cdn.intermarche.pt/pt/Content/images/boitmal/produit/zoom/E840BA438CFA13818BA1521E0D16CE2B.jpg,,/product/penso-diario-ultra-fino/5604260320745
29303,Penso Diário Maxi,8001090793584,10538,10077,1 Embalagem c/30 unidades,Ausonia,,"2,29€/Unidade","2,29€",https://cdn.intermarche.pt/pt/Content/images/boitmal/produit/zoom/7900891FEF9D52FB3F728960A1C7038F.jpg,,/product/penso-diario-maxi/8001090793584
48909,Penso diário super,5604260320790,10538,10077,Embalagem de 36 unidades,PorSi,,"1,69€/Unidade","1,69€",https://cdn.intermarche.pt/pt/Content/images/boitmal/produit/zoom/1CF813BC25886405B85F22EE2FE913EA.jpg,,/product/penso-diario-super/5604260320790
10136,"Pensos diários, maxi, 40 unidades",8410108133326,10538,10077,Uma embalagem,Evax,,"3,19€/Unidade","3,19€",https://cdn.intermarche.pt/pt/Content/images/boitmal/produit/zoom/9A74D780543576241E9DC53B78F4BB8D.jpg,,/product/pensos-diarios-maxi-40-unidades/8410108133326
10139,"Pensos diários maxiplus, 30 unidades",8410108133722,10538,10077,Uma embalagem,Evax,,"3,19€/Unidade","3,19€",https://cdn.intermarche.pt/pt/Content/images/boitmal/produit/zoom/106932310F0E31B5E0C0FFEE0C90BF95.jpg,,/product/pensos-diarios-maxiplus-30-unidades/8410108133722
36001,Penso diário salvaslip multiforma,8001841215556,10538,10077,embalagem de 34 unidades,Evax,,"2,89€/Unidade","2,89€",https://cdn.intermarche.pt/pt/Content/images/boitmal/produit/zoom/2191D8B80E4B26AA2F8CC09984719A27.jpg,,/product/penso-diario-salvaslip-multiforma/8001841215556
36002,Penso diário salvaslip multiforma,8001841234472,10538,10077,embalagem de 58 unidades,Evax,,"4,69€/Unidade","4,69€",https://cdn.intermarche.pt/pt/Content/images/boitmal/produit/zoom/68EC05B3F837544A83C177FE146C48B3.jpg,,/product/penso-diario-salvaslip-multiforma/8001841234472
6359,"Pensos diários, salva slip, adapt, 30 unidades",8410108088763,10538,10077,1 embalagem,Evax,,"2,59€/Unidade","2,59€",https://cdn.intermarche.pt/pt/Content/images/boitmal/produit/zoom/D7F174B7D87F753C601879A39C929536.jpg,,/product/pensos-diarios-salva-slip-adapt-30-unidades/8410108088763
25187,Pensos higiénicos liberty noite abas,8001090371980,10539,10077,Embalagem com 9 un.,Evax,,"2,79€/Unidade","2,79€",https://cdn.intermarche.pt/pt/Content/images/boitmal/produit/zoom/A6B2826A52D2ACC1159A56736009880F.jpg,2024-10-04T22:59:59.999Z,/product/pensos-higienicos-liberty-noite-abas/8001090371980
25184,Pensos higiénicos liberty normal sem abas,8001090371966,10539,10077,Embalagem com 12 un.,Evax,,"2,79€/Unidade","2,79€",https://cdn.intermarche.pt/pt/Content/images/boitmal/produit/zoom/3034F6B8A4D16BF70C85B7D0B23AFA79.jpg,2024-10-04T22:59:59.999Z,/product/pensos-higienicos-liberty-normal-sem-abas/8001090371966
10123,Pensos Higiénicos Cottonlike Super Com Abas,8410108084031,10539,10077,12 unidades,Evax,,"2,59€/Unidade","2,59€",https://cdn.intermarche.pt/pt/Content/images/boitmal/produit/zoom/71FA897B86757A090012B5D94520D30E.jpg,,/product/pensos-higienicos-cottonlike-super-com-abas/8410108084031
48071,Penso Higiénico Ultrafinos Abas,5604260320820,10539,10077,14 unidades,PorSi,,"1,29€/Unidade","1,29€",https://cdn.intermarche.pt/pt/Content/images/boitmal/produit/zoom/1B3F014B4C8AD9B1A985F2ED37DB72E8.jpg,,/product/penso-higienico-ultrafinos-abas/5604260320820
48073,Penso Higiénico Ultrafinos Super Abas,5604260320844,10539,10077,12 unidades,PorSi,,"1,15€/Unidade","1,15€",https://cdn.intermarche.pt/pt/Content/images/boitmal/produit/zoom/6362F83E0A1FEDEDF59DB22AEFB4A6E9.jpg,,/product/penso-higienico-ultrafinos-super-abas/5604260320844
48075,Penso Higiénico Ultrafinos Abas Noite,5604260320868,10539,10077,10 unidades,PorSi,,"1,19€/Unidade","1,19€",https://cdn.intermarche.pt/pt/Content/images/boitmal/produit/zoom/12ADA0D268721D24041379800219E3C0.jpg,,/product/penso-higienico-ultrafinos-abas-noite/5604260320868
14245,Pensos Higiénicos Cottonlike Normal Abas,8410108659024,10539,10077,embalagem de 16 unidades,Evax,,"2,59€/Unidade","2,59€",https://cdn.intermarche.pt/pt/Content/images/boitmal/produit/zoom/D9C1E97E23B19374B55B83A541905683.jpg,,/product/pensos-higienicos-cottonlike-normal-abas/8410108659024
30881,Pensos Higiénicos Fina e Segura Maxi Super,8001090959959,10539,10077,Embalagem c/ 13 Unidades,Evax,,"1,99€/Unidade","1,99€",https://cdn.intermarche.pt/pt/Content/images/boitmal/produit/zoom/8580D8127AB5C664D5E85AE65B05E3F1.jpg,,/product/pensos-higienicos-fina-e-segura-maxi-super/8001090959959
32279,Pensos com Abas de Noite,8001090229168,10539,10077,embalagem com 9 un.,Ausonia,,"2,29€/Unidade","2,29€",https://cdn.intermarche.pt/pt/Content/images/boitmal/produit/zoom/C3F28E71F3D959B26F216E0A65A6AD71.jpg,,/product/pensos-com-abas-de-noite/8001090229168
25186,Pensos higiénicos liberty super abas,8001090370587,10539,10077,Embalagem com 10 un.,Evax,,"2,99€/Unidade","2,99€",https://cdn.intermarche.pt/pt/Content/images/boitmal/produit/zoom/D9DE4C4FB9CB6944929FDDF1020E333E.jpg,,/product/pensos-higienicos-liberty-super-abas/8001090370587
26153,Pensos Higiênicos com Abas Super,8001090229083,10539,10077,embalagem com 12 un.,Ausonia,,"2,29€/Unidade","2,29€",https://cdn.intermarche.pt/pt/Content/images/boitmal/produit/zoom/219E0B3EF05D6DA4905EC8A4376099AF.jpg,,/product/pensos-higienicos-com-abas-super/8001090229083
47754,Pensos Higiénicos Cottonlike Super Plus com Abas,8006540429631,10539,10077,20 unidades,Evax,,"4,99€/Unidade","4,99€",https://cdn.intermarche.pt/pt/Content/images/boitmal/produit/zoom/EF0984685A0DF2E876D664DED1782062.jpg,,/product/pensos-higienicos-cottonlike-super-plus-com-abas/8006540429631
49096,Pensos Higiénicos Normal c/ Abas Fina e Segura,4084500213845,10539,10077,Embalagem c/ 12 Unidades,Evax,,"1,99€/Unidade","1,99€",https://cdn.intermarche.pt/pt/Content/images/boitmal/produit/zoom/E94BDAC0ADE967B3FA49BE55E10CD32A.jpg,,/product/pensos-higienicos-normal-c-ou-abas-fina-e-segura/4084500213845
33042,Pensos Higiénicos Fina e Segura Normal,8410108132886,10539,10077,Embalagem c/ 24 Unidades,Evax,,"2,79€/Unidade","2,79€",https://cdn.intermarche.pt/pt/Content/images/boitmal/produit/zoom/475A16EC1BB827593AA917A43A904263.jpg,,/product/pensos-higienicos-fina-e-segura-normal/8410108132886
47755,Pensos Higiénicos Cottonlike Normal com Abas,8006540429457,10539,10077,32 unidades,Evax,,"4,99€/Unidade","4,99€",https://cdn.intermarche.pt/pt/Content/images/boitmal/produit/zoom/4776F1B7E3D2E1A56A6A904199BD3BDA.jpg,,/product/pensos-higienicos-cottonlike-normal-com-abas/8006540429457
18571,Penso Higiénico Ultrafinos Normal Abas,5604260320806,10539,10077,16 unidades,PorSi,,"1,29€/Unidade","1,29€",https://cdn.intermarche.pt/pt/Content/images/boitmal/produit/zoom/A93F4B2F3D4FAAAAC4665221616BA58C.jpg,,/product/penso-higienico-ultrafinos-normal-abas/5604260320806
48070,Penso Higiénico Ultrafinos Normal Abas,5604260320813,10539,10077,28 unidades,PorSi,,"1,99€/Unidade","1,99€",https://cdn.intermarche.pt/pt/Content/images/boitmal/produit/zoom/0DFFDFEEB2AC2E065EADDE282CDFEEC2.jpg,,/product/penso-higienico-ultrafinos-normal-abas/5604260320813
48072,Penso Higiénico Ultrafinos Normal s/ Abas,5604260320837,10539,10077,28 unidades,PorSi,,"1,69€/Unidade","1,69€",https://cdn.intermarche.pt/pt/Content/images/boitmal/produit/zoom/EC3FFC8868CFBD0A35E961A6B6107A37.jpg,,/product/penso-higienico-ultrafinos-normal-s-ou-abas/5604260320837
6378,"Pensos higiénicos ultra, odor fresh, normal, 20 unidades",8410108659086,10539,10077,1 embalagem,Evax,,"2,59€/Unidade","2,59€",https://cdn.intermarche.pt/pt/Content/images/boitmal/produit/zoom/704F9F019BC99E872D40A40830696793.jpg,,/product/pensos-higienicos-ultra-odor-fresh-normal-20-unidades/8410108659086
20611,Pensos Higiénicos Cottonlike Noite Alas,8001090050892,10539,10077,embalagem de 9 unidades,Evax,,"2,59€/Unidade","2,59€",https://cdn.intermarche.pt/pt/Content/images/boitmal/produit/zoom/2EADC12894CBB5590C6B7D1B5BA130DE.jpg,,/product/pensos-higienicos-cottonlike-noite-alas/8001090050892
37640,Pensos Higiénicos Cotton Protection com Abas 100% Orgânico,8001841543772,10539,10077,10 unidades,Ausonia,,"2,99€/Unidade","2,99€",https://cdn.intermarche.pt/pt/Content/images/boitmal/produit/zoom/69302F9A3802FA92B6C53445087198AE.jpg,,/product/pensos-higienicos-cotton-protection-com-abas-100%25-organico/8001841543772
47752,Pensos Higiénicos com Abas Noite,8006540429662,10539,10077,18 unidades,Evax,,"4,19€/Unidade","4,19€",https://cdn.intermarche.pt/pt/Content/images/boitmal/produit/zoom/F5447101676B2E51A2E81D2D48B413B6.jpg,,/product/pensos-higienicos-com-abas-noite/8006540429662
47756,Pensos Higiénicos Cottonlike Super com Abas,8006540429570,10539,10077,24 unidades,Evax,,"3,99€/Unidade","3,99€",https://cdn.intermarche.pt/pt/Content/images/boitmal/produit/zoom/FAEE2BD740562EB1ED1E4972B2A90E8F.jpg,,/product/pensos-higienicos-cottonlike-super-com-abas/8006540429570
48074,Penso Higiénico Ultrafinos Super Abas,5604260320851,10539,10077,24 unidades,PorSi,,"1,99€/Unidade","1,99€",https://cdn.intermarche.pt/pt/Content/images/boitmal/produit/zoom/90AB9FF27B8F72B08805182DF7AAA143.jpg,,/product/penso-higienico-ultrafinos-super-abas/5604260320851
49079,Pensos Higiénicos Cottonlike Noite Extra Abas,8006540597309,10539,10077,16 unidades,Evax,,"4,99€/Unidade","4,99€",https://cdn.intermarche.pt/pt/Content/images/boitmal/produit/zoom/B0938F1797D3C4D811394A39CB085832.jpg,,/product/pensos-higienicos-cottonlike-noite-extra-abas/8006540597309
10130,Pensos Higiénicos Ultra Air Dry C/ Abas,8410108116213,10539,10077,embalagem com 14 un.,Ausonia,,"2,29€/Unidade","2,29€",https://cdn.intermarche.pt/pt/Content/images/boitmal/produit/zoom/C02C99FDB5EAB5E1AC1F3CE4982D40AC.jpg,,/product/pensos-higienicos-ultra-air-dry-c-ou-abas/8410108116213
10145,Pensos higiénicos Cottonlike Super Plus Com Abas,8410108659062,10539,10077,10 unidades,Evax,,"2,59€/Unidade","2,59€",https://cdn.intermarche.pt/pt/Content/images/boitmal/produit/zoom/052F503AE6C23D8D34742644B0149B2C.jpg,,/product/pensos-higienicos-cottonlike-super-plus-com-abas/8410108659062
25185,Pensos higiénicos liberty normal abas,8001090362841,10539,10077,Embalagem com 12 un.,Evax,,"2,99€/Unidade","2,99€",https://cdn.intermarche.pt/pt/Content/images/boitmal/produit/zoom/97B99DF31F8006FED78847CD0AE5A033.jpg,,/product/pensos-higienicos-liberty-normal-abas/8001090362841
48076,Penso Higiénico Ultrafinos s/ Abas Noite,5604260320875,10539,10077,14 unidades,PorSi,,"1,25€/Unidade","1,25€",https://cdn.intermarche.pt/pt/Content/images/boitmal/produit/zoom/E7F677A374ECE20DFCCBC5D2EEA427E4.jpg,,/product/penso-higienico-ultrafinos-s-ou-abas-noite/5604260320875
51650,Pensos Higiénicos Ultrafina Plus Noite,8006540696224,10539,10077,embalagem com 10 un.,Ausonia,,"2,99€/Unidade","2,99€",https://cdn.intermarche.pt/pt/Content/images/boitmal/produit/zoom/A80B45FF56AC74AE1F5B6C9C3CACD3CE.jpg,,/product/pensos-higienicos-ultrafina-plus-noite/8006540696224
51648,Pensos Higiénicos Ultrafina Plus Normal,8006540696163,10539,10077,embalagem com 16 un.,Ausonia,,"2,99€/Unidade","2,99€",https://cdn.intermarche.pt/pt/Content/images/boitmal/produit/zoom/C143D7E77C9A05110CFAB4C221239162.jpg,,/product/pensos-higienicos-ultrafina-plus-normal/8006540696163
48521,Protegeslip Maxi Plus,8001841266015,10539,10077,20 unidades,Ausonia,,"2,29€/Unidade","2,29€",https://cdn.intermarche.pt/pt/Content/images/boitmal/produit/zoom/3C021226141C2C4333C26BC4A1378F3B.jpg,,/product/protegeslip-maxi-plus/8001841266015
5014,"Pensos higiénicos clássico, 20 unidades",5601028001199,10539,10077,Uma embalagem,Reglex,,"1,38€/Unidade","1,38€",https://cdn.intermarche.pt/pt/Content/images/boitmal/produit/zoom/11BA16EEDCA1E84866877BE4F4FECD0A.jpg,,/product/pensos-higienicos-classico-20-unidades/5601028001199
51649,Pensos Higiénicos Ultrafina Plus Super,8006540696194,10539,10077,embalagem com 14 un.,Ausonia,,"2,99€/Unidade","2,99€",https://cdn.intermarche.pt/pt/Content/images/boitmal/produit/zoom/BE686A11E068B57DD3DAB72E2DA28165.jpg,,/product/pensos-higienicos-ultrafina-plus-super/8006540696194
53555,"Pensos Higiénicos Cotton Protection Normal Abas, 11 unidades",8006540653579,10539,10077,,Ausonia,,"2,99€/Unidade","2,99€",https://cdn.intermarche.pt/pt/Content/images/boitmal/produit/zoom/CED3700FD5F79B6A488BF5DBC00D43AA.jpg,,/product/pensos-higienicos-cotton-protection-normal-abas-11-unidades/8006540653579
53556,"Pensos Higiénicos Cotton Protection Super Abas, 9 unidades",8006540653609,10539,10077,,Ausonia,,"2,99€/Unidade","2,99€",https://cdn.intermarche.pt/pt/Content/images/boitmal/produit/zoom/84E32290E45D66C741CDBACD88FEFCD3.jpg,,/product/pensos-higienicos-cotton-protection-super-abas-9-unidades/8006540653609
6346,Pensos Higiénicos Fina e Segura Normal,8410108006682,10539,10077,Embalagem c/ 16 Unidades,Evax,,"1,99€/Unidade","1,99€",https://cdn.intermarche.pt/pt/Content/images/boitmal/produit/zoom/A2D69842244DF685D82668C72BA930A5.jpg,,/product/pensos-higienicos-fina-e-segura-normal/8410108006682
48918,Tampão super,5604260320905,10540,10077,Embalagem de 32 unidades,PorSi,,"1,89€/Unidade","1,89€",https://cdn.intermarche.pt/pt/Content/images/boitmal/produit/zoom/F78D9E28A100B940E1CA9FDE41AD48C7.jpg,,/product/tampao-super/5604260320905
40778,Tampões Compak Pearl Regular Com Aplicador,8001841536873,10540,10077,16 unidades,Tampax,,"3,99€/Unidade","3,99€",https://cdn.intermarche.pt/pt/Content/images/boitmal/produit/zoom/66328B2CEC40D9C9ABAABEFD1AB081A9.jpg,,/product/tampoes-compak-pearl-regular-com-aplicador/8001841536873
40780,Tampões Super Plus Compak Pearl,8001841536934,10540,10077,16 unidades,Tampax,,"3,99€/Unidade","3,99€",https://cdn.intermarche.pt/pt/Content/images/boitmal/produit/zoom/1C33B2FCA08C6E6734B753235A347B71.jpg,,/product/tampoes-super-plus-compak-pearl/8001841536934
36586,Tampões ProComfort Normal,3574660240030,10540,10077,1 Embalagem c/32 unidades,Ob,,"4,99€/Unidade","4,99€",https://cdn.intermarche.pt/pt/Content/images/boitmal/produit/zoom/415C4417CFD5EA986A9EA57263D43052.jpg,,/product/tampoes-procomfort-normal/3574660240030
40779,Tampões Compak Pearl Super Com Aplicador,8001841536903,10540,10077,16 unidades,Tampax,,"3,99€/Unidade","3,99€",https://cdn.intermarche.pt/pt/Content/images/boitmal/produit/zoom/9BF20AC919ECC70E45B9539FF814481C.jpg,,/product/tampoes-compak-pearl-super-com-aplicador/8001841536903
49083,Tampão super com aplicador compacto,5604260320929,10540,10077,Embalagem de 16 unidades,PorSi,,"1,99€/Unidade","1,99€",https://cdn.intermarche.pt/pt/Content/images/boitmal/produit/zoom/7CC8E24BCE81CC71BCAD038FDA28EF3F.jpg,,/product/tampao-super-com-aplicador-compacto/5604260320929
30260,Tampão Normal,3574660089547,10540,10077,1 Embalagem c/32 unidades,Ob,,"3,99€/Unidade","3,99€",https://cdn.intermarche.pt/pt/Content/images/boitmal/produit/zoom/0696E1E3706178A8B8B3B7D97A979B1F.jpg,,/product/tampao-normal/3574660089547
30261,Tampão Super,3574661350202,10540,10077,1 Embalagem c/32 unidades,Ob,,"4,49€/Unidade","4,49€",https://cdn.intermarche.pt/pt/Content/images/boitmal/produit/zoom/A6C7A614B4F7CDD5C156BEBD4564F90B.jpg,,/product/tampao-super/3574661350202
47426,Tampão Organic Super,3574661610962,10540,10077,Embalagem com 16 unidades,Ob,,"3,99€/Unidade","3,99€",https://cdn.intermarche.pt/pt/Content/images/boitmal/produit/zoom/80E177553EBFCD5E05A955A625F88332.jpg,,/product/tampao-organic-super/3574661610962
48917,Tampão normal,5604260320899,10540,10077,Embalagem de 32 unidades,PorSi,,"1,89€/Unidade","1,89€",https://cdn.intermarche.pt/pt/Content/images/boitmal/produit/zoom/5CD13D92DDB4B81940FD085FA3EB515E.jpg,,/product/tampao-normal/5604260320899
49082,Tampão normal com aplicador compacto,5604260320912,10540,10077,Embalagem de 16 unidades,PorSi,,"1,99€/Unidade","1,99€",https://cdn.intermarche.pt/pt/Content/images/boitmal/produit/zoom/1653F561429C4B643D2312C1B7B9D404.jpg,,/product/tampao-normal-com-aplicador-compacto/5604260320912
19645,Tampões Com Aplicador Compak Regular,4015400715320,10540,10077,22 unidades,Tampax,,"3,99€/Unidade","3,99€",https://cdn.intermarche.pt/pt/Content/images/boitmal/produit/zoom/78BEC05D623D1FBBCEE54648FC8FF960.jpg,,/product/tampoes-com-aplicador-compak-regular/4015400715320
35045,Tampão proteção de confiança,3574660239911,10540,10077,1 Embalagem c/32 unidades,Ob,,"4,99€/Unidade","4,99€",https://cdn.intermarche.pt/pt/Content/images/boitmal/produit/zoom/D28678E6E17028AE0E2E3DFCFDB4BE67.jpg,,/product/tampao-protecao-de-confianca/3574660239911
42035,Tampão Procomfort Normal,3574660240009,10540,10077,Embalagem com 16 unidades,Ob,,"2,69€/Unidade","2,69€",https://cdn.intermarche.pt/pt/Content/images/boitmal/produit/zoom/672332152D88EB2BE0877B0F801955E9.jpg,,/product/tampao-procomfort-normal/3574660240009
47425,Tampão Organic Normal,3574661610900,10540,10077,Embalagem com 16 unidades,Ob,,"3,99€/Unidade","3,99€",https://cdn.intermarche.pt/pt/Content/images/boitmal/produit/zoom/E73DB9B6753C34AD06CE57073FD21C3C.jpg,,/product/tampao-organic-normal/3574661610900
48916,Tampão mini,5604260320882,10540,10077,Embalagem de 32 unidades,PorSi,,"1,79€/Unidade","1,79€",https://cdn.intermarche.pt/pt/Content/images/boitmal/produit/zoom/81E7B7EAE50D9FF1D6B19A52A88C0BDE.jpg,,/product/tampao-mini/5604260320882
49076,Tampão Pearl Regular,8006540458945,10540,10077,24 unidades,Tampax,,"4,99€/Unidade","4,99€",https://cdn.intermarche.pt/pt/Content/images/boitmal/produit/zoom/5E641B0A386F087B6C55AD562E782D5F.jpg,,/product/tampao-pearl-regular/8006540458945
53430,"Tampões Mini ProComfort, 32 unidades",4001683011525,10540,10077,,Ob,,"4,99€/Unidade","4,99€",https://cdn.intermarche.pt/pt/Content/images/boitmal/produit/zoom/5A8D449AAAC0B4A1E7DDEDC0F9989715.jpg,,/product/tampoes-mini-procomfort-32-unidades/4001683011525
10463,Gel Intimo,5604260324163,10541,10077,Embalagem de 250 ml,PorSi,,"7,56€/L","1,89€",https://cdn.intermarche.pt/pt/Content/images/boitmal/produit/zoom/842AD4E1F43248B7D88852693D043C6E.jpg,,/product/gel-intimo/5604260324163
25088,"Emulsão higiene intima sensitive, 200 ml",5609238301139,10541,10077,,Dystron,,"23,95€/L","4,79€",https://cdn.intermarche.pt/pt/Content/images/boitmal/produit/zoom/294B77E66469767E97739B2B672C00AA.jpg,,/product/emulsao-higiene-intima-sensitive-200-ml/5609238301139
19576,Gel anti séptico deoprotect,5609238301122,10541,10077,Garrafa de 400 ml,Dystron,,"19,98€/L","7,99€",https://cdn.intermarche.pt/pt/Content/images/boitmal/produit/zoom/1D6B91223F9435049EAA41CC6B1FDEAA.jpg,,/product/gel-anti-septico-deoprotect/5609238301122
17082,Gel intimo calendula,8002340010079,10541,10077,Garrafa de 250 ml,Fresh & Clean,,"10,76€/L","2,69€",https://cdn.intermarche.pt/pt/Content/images/boitmal/produit/zoom/E3AC285A20D45F1C07F1959BD7D26AA7.jpg,,/product/gel-intimo-calendula/8002340010079
17083,Gel intimo propolis,8002340012028,10541,10077,Embalagem de 250 ml,Fresh & Clean,,"10,76€/L","2,69€",https://cdn.intermarche.pt/pt/Content/images/boitmal/produit/zoom/694F99D1DAAAF3BB6EECD40A8B384F9D.jpg,,/product/gel-intimo-propolis/8002340012028
49245,"Gel Íntimo Fresh, 250 ml",3468080408340,10541,10077,,Corine de Farme,,"19,96€/L","4,99€",https://cdn.intermarche.pt/pt/Content/images/boitmal/produit/zoom/EA6A04EFA671E6C9AEC88F21943E9642.jpg,,/product/gel-intimo-fresh-250-ml/3468080408340
53343,"Gel Intimo Deoprotect, 200ml",5609238301146,10541,10077,,Dystron,,"19,95€/L","3,99€",https://cdn.intermarche.pt/pt/Content/images/boitmal/produit/zoom/483F4EB9515638E6D6339B4680F28076.jpg,,/product/gel-intimo-deoprotect-200ml/5609238301146
53658,Creme Higiene Íntima Dermoprotetor,4052199600697,10541,10077,Embalagem de 200ml,Lindor,,"39,95€/L","7,99€",https://cdn.intermarche.pt/pt/Content/images/boitmal/produit/zoom/9B4E4ACC04A3E1B7A50F7CD24B201361.jpg,,/product/creme-higiene-intima-dermoprotetor/4052199600697
53659,Mousse Íntima de Limpeza,4052199600994,10541,10077,Embalagem de 400ml,Lindor,,"19,98€/L","7,99€",https://cdn.intermarche.pt/pt/Content/images/boitmal/produit/zoom/7FE4E0FF4D0D67FA6C06B739C637EA71.jpg,,/product/mousse-intima-de-limpeza/4052199600994
53761,Sérum Hidratante Diário Zona Íntima,8700216073509,10541,10077,Embalagem de 50ml,Satin Care,,"299,80€/L","14,99€",https://cdn.intermarche.pt/pt/Content/images/boitmal/produit/zoom/4A65497BA96EC694504A68AF1E069B52.jpg,,/product/serum-hidratante-diario-zona-intima/8700216073509
19577,Gel anti séptico sensitive,5609238301115,10541,10077,Embalagem de 400 ml,Dystron,,"24,98€/L","9,99€",https://cdn.intermarche.pt/pt/Content/images/boitmal/produit/zoom/0181904437515071CC26817FAF205604.jpg,,/product/gel-anti-septico-sensitive/5609238301115
7455,"Toalhitas intimas, 20 unidades",3250390811817,10698,10077,Uma embalagem,Labell,,"0,89€/Unidade","0,89€",https://cdn.intermarche.pt/pt/Content/images/boitmal/produit/zoom/EEE3E54C43CDD821323F489539AEDFD7.jpg,,/product/toalhitas-intimas-20-unidades/3250390811817
4164,"Toalhetes Íntimos Suaves, embalagem com 10 un.",3468080603042,10698,10077,,Corine de Farme,,"2,19€/Unidade","2,19€",https://cdn.intermarche.pt/pt/Content/images/boitmal/produit/zoom/FEFE7017D30D28A53D6F5A7C3D67E1BB.jpg,,/product/toalhetes-intimos-suaves-embalagem-com-10-un./3468080603042
48060,Toalhitas intimas com aloé vera,3574661506272,10698,10077,20 unidades,Carefree,,"1,69€/Unidade","1,69€",https://cdn.intermarche.pt/pt/Content/images/boitmal/produit/zoom/5AF285AA2F35327ECE53A3BFAE269A46.jpg,,/product/toalhitas-intimas-com-aloe-vera/3574661506272
48067,"Pensos incontinência homem, 10 unidades",5604260320981,11768,10077,,PorSi,,"1,95€/Unidade","1,95€",https://cdn.intermarche.pt/pt/Content/images/boitmal/produit/zoom/7BE721C980EEC0801CB377BFD6A98BC9.jpg,,/product/pensos-incontinencia-homem-10-unidades/5604260320981
35942,Resguardos de cama,5604260289042,11768,10077,20 unidades de 60 x 90 cm ,PorSi,,"8,99€/Unidade","8,99€",https://cdn.intermarche.pt/pt/Content/images/boitmal/produit/zoom/FFBA5CB8CC781472266B2977D02845C4.jpg,,/product/resguardos-de-cama/5604260289042
26077,Salva Camas 60 x 60 cm,5604260279708,11768,10077,Embalagem com 20 un.,PorSi,,"4,89€/Unidade","4,89€",https://cdn.intermarche.pt/pt/Content/images/boitmal/produit/zoom/A5EB42FE48268C51D1C6BDFA81C4DF5D.jpg,,/product/salva-camas-60-x-60-cm/5604260279708
48066,Pensos incontinência maxi noite,5604260320974,11768,10077,12 unidades,PorSi,,"2,99€/Unidade","2,99€",https://cdn.intermarche.pt/pt/Content/images/boitmal/produit/zoom/A9FEFEF8ADC3A3EB51F3D73B7247EB64.jpg,,/product/pensos-incontinencia-maxi-noite/5604260320974
48063,Pensos incontinência normal,5604260320943,11768,10077,24 unidades,PorSi,,"3,19€/Unidade","3,19€",https://cdn.intermarche.pt/pt/Content/images/boitmal/produit/zoom/7CDC83B2BC6CCCE658D36458883FE670.jpg,,/product/pensos-incontinencia-normal/5604260320943
48069,Fraldas incontinência super L,5604260319862,11768,10077,20 unidades,PorSi,,"9,99€/Unidade","9,99€",https://cdn.intermarche.pt/pt/Content/images/boitmal/produit/zoom/2B8A5CBABC5312703288DE1CBE7194B4.jpg,,/product/fraldas-incontinencia-super-l/5604260319862
48065,Pensos incontinência maxi,5604260320967,11768,10077,28 unidades,PorSi,,"5,99€/Unidade","5,99€",https://cdn.intermarche.pt/pt/Content/images/boitmal/produit/zoom/38AAEF5C8576B8F50BCDF9E5386EF62A.jpg,,/product/pensos-incontinencia-maxi/5604260320967
52161,Fraldas Incontinência Plus M,5604260326617,11768,10077,20 unidades,PorSi,,"6,99€/Unidade","6,99€",https://cdn.intermarche.pt/pt/Content/images/boitmal/produit/zoom/ED5F1E27C4D6BCA81BA22BEB0E092EEC.jpg,,/product/fraldas-incontinencia-plus-m/5604260326617
48064,Pensos incontinência super,5604260320950,11768,10077,20 unidades,PorSi,,"3,19€/Unidade","3,19€",https://cdn.intermarche.pt/pt/Content/images/boitmal/produit/zoom/4140235B7BDED90BCFD3E9480979888A.jpg,,/product/pensos-incontinencia-super/5604260320950
48068,Fraldas incontinência super M,5604260319855,11768,10077,20 unidades,PorSi,,"8,99€/Unidade","8,99€",https://cdn.intermarche.pt/pt/Content/images/boitmal/produit/zoom/56297544C0114670E6A5764507347A7B.jpg,,/product/fraldas-incontinencia-super-m/5604260319855
48096,Cuecas Adulto Incontinência Plus L,5604260317059,11768,10077,14 unidades,PorSi,,"8,99€/Unidade","8,99€",https://cdn.intermarche.pt/pt/Content/images/boitmal/produit/zoom/E94CD40C218C3F421AA90B0724012050.jpg,,/product/cuecas-adulto-incontinencia-plus-l/5604260317059
21773,Cuecas de incontinência médias,8001090125408,11768,10077,Embalagem com 8 unidades,Ausonia Discreet,,"6,99€/Unidade","6,99€",https://cdn.intermarche.pt/pt/Content/images/boitmal/produit/zoom/8B736FB9952ADD4EDCA4961A5383278C.jpg,,/product/cuecas-de-incontinencia-medias/8001090125408
21774,Cuecas de incontinência grandes,8001090232700,11768,10077,Embalagem com 7 unidades,Ausonia Discreet,,"7,99€/Unidade","7,99€",https://cdn.intermarche.pt/pt/Content/images/boitmal/produit/zoom/2F9E398834221C57228BBB680DFE93AE.jpg,,/product/cuecas-de-incontinencia-grandes/8001090232700
44986,"Pensos Incontinência Mulher Lady Super, 30 unidades",7322541176413,11768,10077,,Tena,,"13,99€/Unidade","13,99€",https://cdn.intermarche.pt/pt/Content/images/boitmal/produit/zoom/B0FE5A6AEDF0A139FB289F315AD48563.jpg,,/product/pensos-incontinencia-mulher-lady-super-30-unidades/7322541176413
46493,Cueca de Incontinência Adulto M,5604260318810,11768,10077,Embalagem com 14 unidades,PorSi,,"11,69€/Unidade","11,69€",https://cdn.intermarche.pt/pt/Content/images/boitmal/produit/zoom/D708E0CEC54E2D20B2E01EE80DC63B35.jpg,,/product/cueca-de-incontinencia-adulto-m/5604260318810
46732,"Pensos Incontinência Mulher Discreet Mini Ultra, 20 unidades",7322541096353,11768,10077,,Tena,,"4,25€/Unidade","4,25€",https://cdn.intermarche.pt/pt/Content/images/boitmal/produit/zoom/B7B83EDECEB6805EAA48F4BA7D91727D.jpg,,/product/pensos-incontinencia-mulher-discreet-mini-ultra-20-unidades/7322541096353
47689,Cueca de Incontinência Discreet L,5604260319718,11768,10077,8 unidades,PorSi,,"6,79€/Unidade","6,79€",https://cdn.intermarche.pt/pt/Content/images/boitmal/produit/zoom/2A5003CFD600325400AD1D70BFD8C62D.jpg,,/product/cueca-de-incontinencia-discreet-l/5604260319718
48062,Pensos incontinência mini,5604260320936,11768,10077,20 unidades,PorSi,,"1,99€/Unidade","1,99€",https://cdn.intermarche.pt/pt/Content/images/boitmal/produit/zoom/091E7C99C1CB22F22675323E730315D9.jpg,,/product/pensos-incontinencia-mini/5604260320936
48200,Cueca de Incontinência Homem L,5604260319633,11768,10077,Embalagem de 8 unidades,PorSi,,"6,59€/Unidade","6,59€",https://cdn.intermarche.pt/pt/Content/images/boitmal/produit/zoom/F6DB9EBC52E6C7ECC2B01095BA1C90EE.jpg,,/product/cueca-de-incontinencia-homem-l/5604260319633
54526,"Pensos Incontinência Discreet Mini Plus, 20un.",8700216280570,11768,10077,,Ausonia Discreet,,"4,99€/Unidade","4,99€",https://cdn.intermarche.pt/pt/Content/images/boitmal/produit/zoom/AA88E81343B5C104450AE533FE31CDED.jpg,,/product/pensos-incontinencia-discreet-mini-plus-20un./8700216280570
54528,"Pensos Incontinência Discreet Extra, 12un.",8700216280631,11768,10077,,Ausonia Discreet,,"3,99€/Unidade","3,99€",https://cdn.intermarche.pt/pt/Content/images/boitmal/produit/zoom/6F037AFB8B97275CB035E4B61B2B6BE9.jpg,,/product/pensos-incontinencia-discreet-extra-12un./8700216280631
54529,"Pensos Incontinência Discreet Maxi, 10un.",8700216280716,11768,10077,,Ausonia Discreet,,"6,69€/Unidade","6,69€",https://cdn.intermarche.pt/pt/Content/images/boitmal/produit/zoom/D4E80F8422F6876C46E2D0B0815B2DA3.jpg,,/product/pensos-incontinencia-discreet-maxi-10un./8700216280716
48198,Cueca de Incontinência Discreet M,5604260319725,11768,10077,Embalagem de 9 unidades,PorSi,,"6,79€/Unidade","6,79€",https://cdn.intermarche.pt/pt/Content/images/boitmal/produit/zoom/6667AC909E8AFC5FCEADE9100475A577.jpg,,/product/cueca-de-incontinencia-discreet-m/5604260319725
48905,Fraldas Incontinência Plus S,5604260319879,11768,10077,Embalagem de 14 unidades,PorSi,,"5,59€/Unidade","5,59€",https://cdn.intermarche.pt/pt/Content/images/boitmal/produit/zoom/C65C898D7C2139D3DBDD9F0D3DB27095.jpg,,/product/fraldas-incontinencia-plus-s/5604260319879
25931,Espuma de Barbear Protectora,4005808222490,11316,10068,Embalagem de 200 ml,Nivea Men,,"18,70€/L","3,74€",https://cdn.intermarche.pt/pt/Content/images/boitmal/produit/zoom/DB189B8914EC01026E2510F9A670AC4F.jpg,2024-09-25T22:59:59.999Z,/product/espuma-de-barbear-protectora/4005808222490
25822,After Shave Bálsamo Hidratante,4005808221660,11316,10068,Embalagem de 100 ml,Nivea Men,,"55,90€/L","5,59€",https://cdn.intermarche.pt/pt/Content/images/boitmal/produit/zoom/E58F1E1FCC39E84FEBA17575E24943D4.jpg,2024-09-25T22:59:59.999Z,/product/after-shave-balsamo-hidratante/4005808221660
26075,Gel de Barbear Protetor,4005808223008,11316,10068,Embalagem de 200 ml,Nivea Men,,"22,45€/L","4,49€",https://cdn.intermarche.pt/pt/Content/images/boitmal/produit/zoom/7B8B9175545CBEFA08DA30D8FBC09A0A.jpg,2024-09-25T22:59:59.999Z,/product/gel-de-barbear-protetor/4005808223008
48054,After Shave Loção,4005808753475,11316,10068,Embalagem de 100 ml,Nivea Men,,"67,40€/L","6,74€",https://cdn.intermarche.pt/pt/Content/images/boitmal/produit/zoom/80E6048B9A49715D0F89C571F7C3EBFE.jpg,2024-09-25T22:59:59.999Z,/product/after-shave-locao/4005808753475
53546,Máquina de Barbear Mach 3 Turbo com 2 Recargas,8001090742971,11316,10068,,Gillette,,"8,39€/Unidade","8,39€",https://cdn.intermarche.pt/pt/Content/images/boitmal/produit/zoom/C74562D879509E78D7C35527F785C328.jpg,2024-09-25T22:59:59.999Z,/product/maquina-de-barbear-mach-3-turbo-com-2-recargas/8001090742971
3903,Espuma de barbear para peles sensíveis,3250391282807,11316,10068,Embalagem de 250 ml,Labell Men,,"5,16€/L","1,29€",https://cdn.intermarche.pt/pt/Content/images/boitmal/produit/zoom/ACEE87C5D3E115133DD6E932F33C23FA.jpg,,/product/espuma-de-barbear-para-peles-sensiveis/3250391282807
43602,Gillette Mach3 Máquina De Barbear Para Homem Recargas,7702018579013,11316,10068,4 unidades,Gillette,,"12,79€/Unidade","12,79€",https://cdn.intermarche.pt/pt/Content/images/boitmal/produit/zoom/9F52E1A3CA699A20EE01A0DBDA88CEE9.jpg,,/product/gillette-mach3-maquina-de-barbear-para-homem-recargas/7702018579013
46896,"Máquinas Descartáveis Blue II, 5 unidades + 1 grátis",3014260294243,11316,10068,,Gillette,,"2,99€/Unidade","2,99€",https://cdn.intermarche.pt/pt/Content/images/boitmal/produit/zoom/37F011EECF7E0E8D64842780E425F007.jpg,,/product/maquinas-descartaveis-blue-ii-5-unidades-+-1-gratis/3014260294243
43598,Fusion5 Máquina De Barbear Para Homem Recargas,7702018561575,11316,10068,4 unidades,Gillette,,"17,49€/Unidade","17,49€",https://cdn.intermarche.pt/pt/Content/images/boitmal/produit/zoom/C254324D45A606C7F7D97703FE3E1893.jpg,,/product/fusion5-maquina-de-barbear-para-homem-recargas/7702018561575
15394,Máquina de barbear descartável,7702018959938,11316,10068,Embalagem com 4+1 unidades,Gillette,,"5,29€/Unidade","5,29€",https://cdn.intermarche.pt/pt/Content/images/boitmal/produit/zoom/0B8922A4D8914897451B52D0D0F68B7E.jpg,,/product/maquina-de-barbear-descartavel/7702018959938
7460,After shave bálsamo sensitive,3250390837855,11316,10068,Embalagem de 100 ml,Labell Men,,"19,90€/L","1,99€",https://cdn.intermarche.pt/pt/Content/images/boitmal/produit/zoom/117A95AEB4A35D2AC6B2DBC58CFBE2B7.jpg,,/product/after-shave-balsamo-sensitive/3250390837855
4518,Espuma de Barbear Sensitive,4005808222728,11316,10068,Embalagem de 200 ml,Nivea Men,,"27,45€/L","5,49€",https://cdn.intermarche.pt/pt/Content/images/boitmal/produit/zoom/C061FC49D7F9E7D169C95A509F3DC1C1.jpg,,/product/espuma-de-barbear-sensitive/4005808222728
7191,"Máquina descartável blue ii fixa, 20 unidades",3014260209148,11316,10068,,Gillette,,"7,89€/Unidade","7,89€",https://cdn.intermarche.pt/pt/Content/images/boitmal/produit/zoom/BD995B765B7D2CAEEC2CEEF3C78C8776.jpg,,/product/maquina-descartavel-blue-ii-fixa-20-unidades/3014260209148
7261,"Máquina descartável sensitive, 5 unidades",3086125705010,11316,10068,Uma embalagem,Bic,,"1,69€/Unidade","1,69€",https://cdn.intermarche.pt/pt/Content/images/boitmal/produit/zoom/3DB3A522B1592FFD7C41E091812A3F28.jpg,,/product/maquina-descartavel-sensitive-5-unidades/3086125705010
12666,"Carregador, 6 lâminas, 4 recargas",3250391896400,11316,10068,1 embalagem,Labell Men,,"5,69€/Unidade","5,69€",https://cdn.intermarche.pt/pt/Content/images/boitmal/produit/zoom/D833B5C56134A48A374A1A38C0EA72B4.jpg,,/product/carregador-6-laminas-4-recargas/3250391896400
24392,"Gel de barbear, peles sensíveis",3250390737742,11316,10068,Embalagem de 200 ml,Labell,,"7,60€/L","1,52€",https://cdn.intermarche.pt/pt/Content/images/boitmal/produit/zoom/D940E7BFF4A99D007A8A9B0A6B8919D4.jpg,,/product/gel-de-barbear-peles-sensiveis/3250390737742
4577,"Creme de barbear, sensitive",4011200115902,11316,10068,Embalagem de 100 ml,Palmolive,,"34,90€/L","3,49€",https://cdn.intermarche.pt/pt/Content/images/boitmal/produit/zoom/62F30DCE8D03C9474F1BE6467A2C08CD.jpg,,/product/creme-de-barbear-sensitive/4011200115902
46736,After shave balsamo sensitive,4005900735690,11316,10068,Embalagem de 100 ml,Nivea Men,,"64,90€/L","6,49€",https://cdn.intermarche.pt/pt/Content/images/boitmal/produit/zoom/BA83F3E1A6E46C5A02371465A2A77A14.jpg,,/product/after-shave-balsamo-sensitive/4005900735690
47688,Máquina de barbear descartável sensitive,7702018476626,11316,10068,Embalagem com 4 + 1 unidade,Gillette,,"5,49€/Unidade","5,49€",https://cdn.intermarche.pt/pt/Content/images/boitmal/produit/zoom/11C2AB75955EFF9F6639C77E904B1119.jpg,,/product/maquina-de-barbear-descartavel-sensitive/7702018476626
47858,Espuma de Barbear Sensitive Pro,4005900874283,11316,10068,Embalagem de 200 ml,Nivea Men,,"28,45€/L","5,69€",https://cdn.intermarche.pt/pt/Content/images/boitmal/produit/zoom/E27D58824614BAACF6ABAB48E5DB6D8B.jpg,,/product/espuma-de-barbear-sensitive-pro/4005900874283
49263,Gel Fusion Sensitive,7702018617074,11316,10068,Embalagem de 200 ml,Gillette,,"24,95€/L","4,99€",https://cdn.intermarche.pt/pt/Content/images/boitmal/produit/zoom/3FFAAFA5C4347E7C3B800E2A14CE68EF.jpg,,/product/gel-fusion-sensitive/7702018617074
6259,After shave black,8008970004327,11316,10068,Embalagem de 100 ml,Denim,,"49,90€/L","4,99€",https://cdn.intermarche.pt/pt/Content/images/boitmal/produit/zoom/88D605453DDBFDCBB2D3C5E909166B89.jpg,,/product/after-shave-black/8008970004327
7448,After shave loção azul,3250390736806,11316,10068,Embalagem de 100 ml,Labell Men,,"19,90€/L","1,99€",https://cdn.intermarche.pt/pt/Content/images/boitmal/produit/zoom/CF06D647960BF8B43C1EAF1FD23EDE5A.jpg,,/product/after-shave-locao-azul/3250390736806
12273,Espuma Barbear Series Pele Sensível c/ Aloé Vera,8006540765418,11316,10068,250 ml,Gillette,,"17,96€/L","4,49€",https://cdn.intermarche.pt/pt/Content/images/boitmal/produit/zoom/108844F141066A6706D77CD730768B9B.jpg,,/product/espuma-barbear-series-pele-sensivel-c-ou-aloe-vera/8006540765418
12665,Máquina de barbear c/ 2 recargas de 6 lâminas,3250391896370,11316,10068,,Labell Men,,"7,99€/Unidade","7,99€",https://cdn.intermarche.pt/pt/Content/images/boitmal/produit/zoom/207F41F363ECE1913EAC60EBC79992EE.jpg,,/product/maquina-de-barbear-c-ou-2-recargas-de-6-laminas/3250391896370
19696,"Máquina descartável, Bic3 Action",3086123399334,11316,10068,Emabalagem com 6 + 2 unidades,Bic,,"5,49€/Unidade","5,49€",https://cdn.intermarche.pt/pt/Content/images/boitmal/produit/zoom/06AF8BA9CCB1A06EFC2F81F95AECFAE5.jpg,,/product/maquina-descartavel-bic3-action/3086123399334
20397,Máquina de barbear clássica,4027800015504,11316,10068,1 unidade + 5 laminas,Wilkinson,,"7,49€/Unidade","7,49€",https://cdn.intermarche.pt/pt/Content/images/boitmal/produit/zoom/7F615281D1A4596A73C30F5023815E5F.jpg,,/product/maquina-de-barbear-classica/4027800015504
23508,After Shave Bálsamo Skin Ultra Sensitive,7702018607327,11316,10068,100 ml,Gillette,,"89,90€/L","8,99€",https://cdn.intermarche.pt/pt/Content/images/boitmal/produit/zoom/98AEB3B74E101FE1A3192BF6D9B99BE3.jpg,,/product/after-shave-balsamo-skin-ultra-sensitive/7702018607327
27937,Máquina Descartável Flex 5,3086123492868,11316,10068,1 Embalagem c/3 unidades,Bic,,"8,99€/Unidade","8,99€",https://cdn.intermarche.pt/pt/Content/images/boitmal/produit/zoom/6E550BB0C933CF414145DBE0C80A2A05.jpg,,/product/maquina-descartavel-flex-5/3086123492868
30656,Lâminas Descartáveis Venus Oceana,7702018070657,11316,10068,Embalagem de 4 unidades,Gillette,,"8,99€/Unidade","8,99€",https://cdn.intermarche.pt/pt/Content/images/boitmal/produit/zoom/42C4B2F43B655117C75CBED049C8AE20.jpg,,/product/laminas-descartaveis-venus-oceana/7702018070657
31952,Cera BarberClub Barba e Cabelo,3600523528707,11316,10068,75 ml,L'oreal Men Expert,,"79,87€/L","5,99€",https://cdn.intermarche.pt/pt/Content/images/boitmal/produit/zoom/157C8F31A3EB324B68B8FAA2AEE10AFC.jpg,,/product/cera-barberclub-barba-e-cabelo/3600523528707
3615,Creme de barbear classic,3015810608817,11316,10068,Embalagem de 100 ml,Palmolive,,"34,90€/L","3,49€",https://cdn.intermarche.pt/pt/Content/images/boitmal/produit/zoom/2750B52849BE9B5C4D6D9B538DF75B1A.jpg,,/product/creme-de-barbear-classic/3015810608817
3678,Máquina Descartável Confort 3 Green,3086126778631,11316,10068,4 Unidades + 2 Unidades Grátis,Bic,,"5,99€/Unidade","5,99€",https://cdn.intermarche.pt/pt/Content/images/boitmal/produit/zoom/D01EFF3C68EF94762D7C6DDA9D8D7D72.jpg,,/product/maquina-descartavel-confort-3-green/3086126778631
36799,Máquinas descartáveis blue II plus,7702018467266,11316,10068,embalagem de 15 unidades + 5 grátis,Gillette,,"8,99€/Unidade","8,99€",https://cdn.intermarche.pt/pt/Content/images/boitmal/produit/zoom/DC7941077FE469C16DD5E1C394B24A72.jpg,,/product/maquinas-descartaveis-blue-ii-plus/7702018467266
37488,Máquina de barbear descartável Comfort Flex 3,3086123534506,11316,10068,embalagem com 4 un. + 2 grátis,Bic,,"6,99€/Unidade","6,99€",https://cdn.intermarche.pt/pt/Content/images/boitmal/produit/zoom/D187223A251BAE7252B7B5B0BD1DA55C.jpg,,/product/maquina-de-barbear-descartavel-comfort-flex-3/3086123534506
41789,Máquina King Duplo Gume + 5 Recargas,7702018545186,11316,10068,1 unidade,Gillette,,"19,99€/Unidade","19,99€",https://cdn.intermarche.pt/pt/Content/images/boitmal/produit/zoom/D550AE3AEB5365CD768F832FF8C3E589.jpg,,/product/maquina-king-duplo-gume-+-5-recargas/7702018545186
41791,Gel Limpeza King Barba & Cara,8001841705637,11316,10068,Embalagem de 350 ml,Gillette,,"28,54€/L","9,99€",https://cdn.intermarche.pt/pt/Content/images/boitmal/produit/zoom/36BC83150FECD48FBCAAB16AD2979C8D.jpg,,/product/gel-limpeza-king-barba-&-cara/8001841705637
41792,After Shave King Suave para Barba,8001841705712,11316,10068,Embalagem de 100 ml,Gillette,,"99,90€/L","9,99€",https://cdn.intermarche.pt/pt/Content/images/boitmal/produit/zoom/E8B8C375B3569B3654F09389550EBB3E.jpg,,/product/after-shave-king-suave-para-barba/8001841705712
41793,Óleo King Barba,8001841705750,11316,10068,Embalagem de 30 ml,Gillette,,"333,00€/L","9,99€",https://cdn.intermarche.pt/pt/Content/images/boitmal/produit/zoom/77B5FF33A2FC963C99CACDF2E0EA0343.jpg,,/product/oleo-king-barba/8001841705750
41794,Máquina King Barbear Pescoço,7702018545292,11316,10068,1 unidade,Gillette,,"14,99€/Unidade","14,99€",https://cdn.intermarche.pt/pt/Content/images/boitmal/produit/zoom/27499235DDCB646BEF75046400677EF1.jpg,,/product/maquina-king-barbear-pescoco/7702018545292
4218,"Creme anti.fadiga, hydra energetic",3600520297712,11317,10068,Embalagem de 50 ml,L'oreal Men Expert,,"156,00€/L","7,80€",https://cdn.intermarche.pt/pt/Content/images/boitmal/produit/zoom/F1EAEC07F084865F01DA41D5FBC8B167.jpg,2024-10-04T22:59:59.999Z,/product/creme-anti.fadiga-hydra-energetic/3600520297712
51420,Creme Gel de Limpeza Facial,3600524030551,11317,10068,100 ml,L'oreal Men Expert,,"47,90€/L","4,79€",https://cdn.intermarche.pt/pt/Content/images/boitmal/produit/zoom/00FCFE51B0346BB368CBA3D5891EB54C.jpg,2024-10-04T22:59:59.999Z,/product/creme-gel-de-limpeza-facial/3600524030551
51421,Creme Rosto Magnesium Defense,3600524030216,11317,10068,50 ml,L'oreal Men Expert,,"159,80€/L","7,99€",https://cdn.intermarche.pt/pt/Content/images/boitmal/produit/zoom/293DBB5BFD2F260344355F5D7258A76D.jpg,2024-10-04T22:59:59.999Z,/product/creme-rosto-magnesium-defense/3600524030216
53603,Creme Contorno de Olhos Men Expert Power Age,3600523576975,11317,10068,Embalagem de 15ml,L'oreal,,"652,67€/L","9,79€",https://cdn.intermarche.pt/pt/Content/images/boitmal/produit/zoom/131898B4EC0E6FC8CC38DF981AF86247.jpg,2024-10-04T22:59:59.999Z,/product/creme-contorno-de-olhos-men-expert-power-age/3600523576975
53612,Sérum Facial Antirrugas Power Age,3600524075743,11317,10068,Embalagem de 30ml,L'oreal Men Expert,,"373,00€/L","11,19€",https://cdn.intermarche.pt/pt/Content/images/boitmal/produit/zoom/1FE557FD04BD3FC173C7197F2A883ADB.jpg,2024-10-04T22:59:59.999Z,/product/serum-facial-antirrugas-power-age/3600524075743
29933,"Mascara Carvão 3 em 1 Anti Pontos Negros, 150 ml",3600541895560,11317,10068,,Garnier,,"59,93€/L","8,99€",https://cdn.intermarche.pt/pt/Content/images/boitmal/produit/zoom/B87010B3B88EA1014002B6EB65A1661D.jpg,,/product/mascara-carvao-3-em-1-anti-pontos-negros-150-ml/3600541895560
44591,Creme para homem universal original,4005900743886,11317,10068,lata com 150 ml,Nivea Men,,"33,27€/L","4,99€",https://cdn.intermarche.pt/pt/Content/images/boitmal/produit/zoom/C15C8719A540DC2A158D39F43F1C4833.jpg,,/product/creme-para-homem-universal-original/4005900743886
47860,Creme de rosto sensitive pro,4005900879547,11317,10068,Embalagem de 75 ml,Nivea Men,,"159,87€/L","11,99€",https://cdn.intermarche.pt/pt/Content/images/boitmal/produit/zoom/28CEED259BEE4812D5355F1B270A0BB6.jpg,,/product/creme-de-rosto-sensitive-pro/4005900879547
51289,"Creme de Rosto, Corpo e Mãos Men Hidratante Fresh",0000042398110,11317,10068,Embalagem de 75ml,Nivea Men,,"46,53€/L","3,49€",https://cdn.intermarche.pt/pt/Content/images/boitmal/produit/zoom/BBD92C196B2DDBAF0256AEC939210AEC.jpg,,/product/creme-de-rosto-corpo-e-maos-men-hidratante-fresh/0000042398110
51891,"Gel de Limpeza de Rosto Sensitive, 100 ml",4005808224845,11317,10068,,Nivea Men,,"74,90€/L","7,49€",https://cdn.intermarche.pt/pt/Content/images/boitmal/produit/zoom/1DB9BC8F1C1F9625EFA28206BFE8C755.jpg,,/product/gel-de-limpeza-de-rosto-sensitive-100-ml/4005808224845
53379,"Sérum Hyaluron Anti-Age Power Homem, 30ml",4006000020761,11317,10068,,Nivea Men,,"566,33€/L","16,99€",https://cdn.intermarche.pt/pt/Content/images/boitmal/produit/zoom/5E0B9D11FEFE2D4C42D4ACC4CB5CC112.jpg,,/product/serum-hyaluron-anti-age-power-homem-30ml/4006000020761
53721,Creme de Rosto Labs Hidratante Rápida Absorção,8001090736475,11317,10068,Embalagem de 100ml,Gillette,,"99,90€/L","9,99€",https://cdn.intermarche.pt/pt/Content/images/boitmal/produit/zoom/540E3408DDB30CDC50DF3AE8FD5890B9.jpg,,/product/creme-de-rosto-labs-hidratante-rapida-absorcao/8001090736475
54575,"Creme Dia Antirugas Q10 Men, 50ml",5604260325146,11317,10068,,Labell Men,,"47,80€/L","2,39€",https://cdn.intermarche.pt/pt/Content/images/boitmal/produit/zoom/797C18EF40161E50EC3BD7226952EF48.jpg,,/product/creme-dia-antirugas-q10-men-50ml/5604260325146
11119,Creme vitalift 5,3600522021360,11317,10068,Embalagem de 50 ml,L'oreal Men Expert,,"279,80€/L","13,99€",https://cdn.intermarche.pt/pt/Content/images/boitmal/produit/zoom/59C519A637427C58B348F741545E7E52.jpg,,/product/creme-vitalift-5/3600522021360
51173,Gel p/ Cabelo Efeito Extremo,3250393094491,11318,10068,Embalagem de 250 ml,Labell,,"6,36€/L","1,59€",https://cdn.intermarche.pt/pt/Content/images/boitmal/produit/zoom/0CDD9A04F4852F248D3F77BE15298CAD.jpg,,/product/gel-p-ou-cabelo-efeito-extremo/3250393094491
45551,Champô anti-caspa limpeza profunda e alívio da comichão,8001841993904,11318,10068,300 ml,H&S,,"21,97€/L","6,59€",https://cdn.intermarche.pt/pt/Content/images/boitmal/produit/zoom/9D4695ABF3865F4D38210A47A84CB551.jpg,,/product/champo-anti-caspa-limpeza-profunda-e-alivio-da-comichao/8001841993904
41148,Champô para homem sport mentol,8710522571453,11318,10068,embalagem de 225 ml,Linic,,"19,96€/L","4,49€",https://cdn.intermarche.pt/pt/Content/images/boitmal/produit/zoom/A7258739EDD0A14439EE6F5C49789E9D.jpg,,/product/champo-para-homem-sport-mentol/8710522571453
51100,Champô Prevenção Queda,8006540748701,11318,10068,Embalagem de 300 ml,H&S,,"19,97€/L","5,99€",https://cdn.intermarche.pt/pt/Content/images/boitmal/produit/zoom/E0359625E07319AE63376A1331E89FE4.jpg,,/product/champo-prevencao-queda/8006540748701
41147,Champô para homem anti-queda,8710522571460,11318,10068,embalagem de 225 ml,Linic,,"17,73€/L","3,99€",https://cdn.intermarche.pt/pt/Content/images/boitmal/produit/zoom/1B0F25631C9C9722142761B2BE9AB692.jpg,,/product/champo-para-homem-anti-queda/8710522571460
51039,Champô Derma X Pro Calmante,8006540445761,11318,10068,300 ml,H&S,,"21,97€/L","6,59€",https://cdn.intermarche.pt/pt/Content/images/boitmal/produit/zoom/488ACFAD97317BB129F100987F53B9B5.jpg,,/product/champo-derma-x-pro-calmante/8006540445761
45552,Champô anti-caspa limpeza profunda purificante,8001841993874,11318,10068,300 ml,H&S,,"21,97€/L","6,59€",https://cdn.intermarche.pt/pt/Content/images/boitmal/produit/zoom/71784009BAD4838BFC36A6DD6C321111.jpg,,/product/champo-anti-caspa-limpeza-profunda-purificante/8001841993874
51174,Gel p/ Cabelo Efeito Molhado,3250393094552,11318,10068,Embalagem de 250 ml,Labell,,"6,36€/L","1,59€",https://cdn.intermarche.pt/pt/Content/images/boitmal/produit/zoom/218F6B21D2A4D553FB5B137298F68BE1.jpg,,/product/gel-p-ou-cabelo-efeito-molhado/3250393094552
43649,Champô + Condicionador Eficácia Ativa 2 em 1,8710847961236,11318,10068,embalagem de 360 ml,Linic,,"16,64€/L","5,99€",https://cdn.intermarche.pt/pt/Content/images/boitmal/produit/zoom/B8BD170901E1A9C4BDD3261F9E251E1A.jpg,,/product/champo-+-condicionador-eficacia-ativa-2-em-1/8710847961236
49680,Cera Fixação InvisiControl Look Controlado,3600523767090,11318,10068,75 ml,L'oreal Men Expert,,"93,20€/L","6,99€",https://cdn.intermarche.pt/pt/Content/images/boitmal/produit/zoom/10CCF556C61A4BA03694C4168AE4AD2F.jpg,,/product/cera-fixacao-invisicontrol-look-controlado/3600523767090
51038,Champô Derma X Pro Hidratante,8006540445822,11318,10068,300 ml,H&S,,"21,97€/L","6,59€",https://cdn.intermarche.pt/pt/Content/images/boitmal/produit/zoom/55CDA4F56B08AB9ED24ED7C439B2F7EC.jpg,,/product/champo-derma-x-pro-hidratante/8006540445822
41149,Champô para homem oleosidade,8710522571477,11318,10068,embalagem de 225 ml,Linic,,"19,96€/L","4,49€",https://cdn.intermarche.pt/pt/Content/images/boitmal/produit/zoom/B3EE1F26D624202CFDC82FB977F3ABFC.jpg,,/product/champo-para-homem-oleosidade/8710522571477
41150,Champô para homem eficácia activa,8710522571446,11318,10068,embalagem de 225 ml,Linic,,"19,96€/L","4,49€",https://cdn.intermarche.pt/pt/Content/images/boitmal/produit/zoom/7DF54C983A1F8554EE252308073568D1.jpg,,/product/champo-para-homem-eficacia-activa/8710522571446
41152,Champô para homem anti-queda,8710847961199,11318,10068,embalagem de 360 ml,Linic,,"16,64€/L","5,99€",https://cdn.intermarche.pt/pt/Content/images/boitmal/produit/zoom/4FBB6A2013290AE541398E93C881C820.jpg,,/product/champo-para-homem-anti-queda/8710847961199
44590,Champô para homem anti-caspa cool sport,8710847961168,11318,10068,embalagem de 360 ml,Linic,,"16,64€/L","5,99€",https://cdn.intermarche.pt/pt/Content/images/boitmal/produit/zoom/1B9F8796DE3248A747F6A54F7F6574C6.jpg,,/product/champo-para-homem-anti-caspa-cool-sport/8710847961168
45593,Gel invisicontrol,3600523766635,11318,10068,150 ml,L'oreal Men Expert,,"39,93€/L","5,99€",https://cdn.intermarche.pt/pt/Content/images/boitmal/produit/zoom/6595579B40F200050A457962B0C025ED.jpg,,/product/gel-invisicontrol/3600523766635
51037,Champô Derma X Pro Reconstructor,8006540445884,11318,10068,300 ml,H&S,,"21,97€/L","6,59€",https://cdn.intermarche.pt/pt/Content/images/boitmal/produit/zoom/86AD1C9D7BAE7F232EB695BC34172A02.jpg,,/product/champo-derma-x-pro-reconstructor/8006540445884
51199,Champô Mentol,8006540748480,11318,10068,Embalagem de 230 ml,H&S,,"21,70€/L","4,99€",https://cdn.intermarche.pt/pt/Content/images/boitmal/produit/zoom/6D84C3F9C008D308444F883678E09702.jpg,,/product/champo-mentol/8006540748480
51290,Nivea men craft stylers cera efeito mate,0000042389606,11318,10068,Garrafa de 75 ml,Nivea Men,,"79,87€/L","5,99€",https://cdn.intermarche.pt/pt/Content/images/boitmal/produit/zoom/DD14770FB2C0624494A5768B7B44FCB6.jpg,,/product/nivea-men-craft-stylers-cera-efeito-mate/0000042389606
51422,Champô Sólido 4 em 1 Barber Club,3600523965854,11318,10068,80 g,L'oreal Men Expert,,"112,38€/Kg","8,99€",https://cdn.intermarche.pt/pt/Content/images/boitmal/produit/zoom/BC764A9684E72BAA4B3CB920DD171033.jpg,,/product/champo-solido-4-em-1-barber-club/3600523965854
54479,"Champô Homem Anticaspa Classic 2 Em 1, 330ml",8700216265492,11318,10068,,H&S,,"19,97€/L","6,59€",https://cdn.intermarche.pt/pt/Content/images/boitmal/produit/zoom/C7441E3536BB23E3439129F3FF5767E1.jpg,,/product/champo-homem-anticaspa-classic-2-em-1-330ml/8700216265492
54480,"Champô Homem Anticaspa Classic, 330ml",8700216266154,11318,10068,,H&S,,"19,97€/L","6,59€",https://cdn.intermarche.pt/pt/Content/images/boitmal/produit/zoom/BE9608EB77DC57D632151C29877FD7DA.jpg,,/product/champo-homem-anticaspa-classic-330ml/8700216266154
54481,"Champô Homem Anticaspa Mentol, 330ml",8700216266185,11318,10068,,H&S,,"19,97€/L","6,59€",https://cdn.intermarche.pt/pt/Content/images/boitmal/produit/zoom/1CD62D13D5D14337A20DC24FA04EBB01.jpg,,/product/champo-homem-anticaspa-mentol-330ml/8700216266185
54482,"Champô Homem Anticaspa Antiqueda, 330ml",8700216266079,11318,10068,,H&S,,"19,97€/L","6,59€",https://cdn.intermarche.pt/pt/Content/images/boitmal/produit/zoom/1D41173D0BFFB2EEB64EA39C87DFB476.jpg,,/product/champo-homem-anticaspa-antiqueda-330ml/8700216266079
54483,"Champô Homem Anticaspa Maçã, 330ml",8700216266109,11318,10068,,H&S,,"19,97€/L","6,59€",https://cdn.intermarche.pt/pt/Content/images/boitmal/produit/zoom/FDC30D486D4F05109F9722CDB61A7E72.jpg,,/product/champo-homem-anticaspa-maca-330ml/8700216266109
54484,"Champô Homem Anticaspa Citrus, 330ml",8700216155892,11318,10068,,H&S,,"19,97€/L","6,59€",https://cdn.intermarche.pt/pt/Content/images/boitmal/produit/zoom/414C22221CCE15D366CF07054E7D2A76.jpg,,/product/champo-homem-anticaspa-citrus-330ml/8700216155892
7643,Gel p/ Cabelo Aqua For Men,4005808262069,11318,10068,Embalagem de 150 ml,Nivea Men,,"33,27€/L","4,99€",https://cdn.intermarche.pt/pt/Content/images/boitmal/produit/zoom/2673EF6EE68CB52F2D6E4E3464862FC4.jpg,,/product/gel-p-ou-cabelo-aqua-for-men/4005808262069
7713,Champô cool,4005808996346,11318,10068,Embalagem de 250 ml,Nivea Men,,"15,96€/L","3,99€",https://cdn.intermarche.pt/pt/Content/images/boitmal/produit/zoom/F856CA1ACA51660D9E0DF562E04D9115.jpg,,/product/champo-cool/4005808996346
7717,Gel p/ Cabelo Elasto Freeze,4005900017314,11318,10068,Embalagem de 150 ml,Nivea Men,,"33,27€/L","4,99€",https://cdn.intermarche.pt/pt/Content/images/boitmal/produit/zoom/44C60F22FB02A8C2F4B74F7E1FD7758B.jpg,,/product/gel-p-ou-cabelo-elasto-freeze/4005900017314
7718,Champô Anti-Caspa Power,4005900019158,11318,10068,Embalagem de 250 ml,Nivea Men,,"15,96€/L","3,99€",https://cdn.intermarche.pt/pt/Content/images/boitmal/produit/zoom/787AC4B07A1BF209EB450B88F2C510E1.jpg,,/product/champo-anti-caspa-power/4005900019158
43646,Champô para homem anti-caspa controlo de oleosidade,8710847961182,11318,10068,embalagem de 360 ml,Linic,,"16,64€/L","5,99€",https://cdn.intermarche.pt/pt/Content/images/boitmal/produit/zoom/E48C2318C9B44538856ED3FC17A51535.jpg,,/product/champo-para-homem-anti-caspa-controlo-de-oleosidade/8710847961182
49682,Coloração p/ Homem Natural Black,3600523993406,11318,10068,50 ml,L'oreal Men Expert,,"13,99€/Unidade","13,99€",https://cdn.intermarche.pt/pt/Content/images/boitmal/produit/zoom/44FCA5D47CA8E833CF6CCBB440E1367C.jpg,,/product/coloracao-p-ou-homem-natural-black/3600523993406
51200,Champô Prevenção Queda,8006540748589,11318,10068,Embalagem de 230 ml,H&S,,"21,70€/L","4,99€",https://cdn.intermarche.pt/pt/Content/images/boitmal/produit/zoom/B419A5D8BDDECF0F61B7C7E67184EB65.jpg,,/product/champo-prevencao-queda/8006540748589
51653,Champô Maçã,8006540748619,11318,10068,Embalagem de 230 ml,H&S,,"21,70€/L","4,99€",https://cdn.intermarche.pt/pt/Content/images/boitmal/produit/zoom/F30D6BE75B11F681492CF169F8CCD62F.jpg,,/product/champo-maca/8006540748619
50296,Gel Banho Sport Homem,5604260325030,11383,10068,400 ml,Labell Men,,"3,48€/L","1,39€",https://cdn.intermarche.pt/pt/Content/images/boitmal/produit/zoom/5E0A4F6EE92F30EAA26D6E5DA881513B.jpg,,/product/gel-banho-sport-homem/5604260325030
50294,Gel Banho Sensitive Homem,5604260325023,11383,10068,400 ml,Labell Men,,"3,48€/L","1,39€",https://cdn.intermarche.pt/pt/Content/images/boitmal/produit/zoom/5B9F96105CFA5DF095AE5220B7BEA7F8.jpg,,/product/gel-banho-sensitive-homem/5604260325023
51423,Gel de Banho Total Clean 5 em 1,3600524073466,11383,10068,400 ml,L'oreal Men Expert,,"12,48€/L","4,99€",https://cdn.intermarche.pt/pt/Content/images/boitmal/produit/zoom/ACAB20B7D6B56496B4D5E0E1FA99599E.jpg,,/product/gel-de-banho-total-clean-5-em-1/3600524073466
10565,Gel Banho Excite,8711600359659,11383,10068,Embalagem de 400 ml,Axe,,"9,98€/L","3,99€",https://cdn.intermarche.pt/pt/Content/images/boitmal/produit/zoom/A24A59AF78FEA7B3FB335FB4137E3C60.jpg,,/product/gel-banho-excite/8711600359659
29976,Gel de Banho Black,8710447284117,11383,10068,Embalagem de 400 ml,Axe,,"9,98€/L","3,99€",https://cdn.intermarche.pt/pt/Content/images/boitmal/produit/zoom/C085A62C596C729C51E3B36A35AA8CC2.jpg,,/product/gel-de-banho-black/8710447284117
36677,Gel Banho Leather & Cookies,8710447438497,11383,10068,Embalagem de 400 ml,Axe,,"9,98€/L","3,99€",https://cdn.intermarche.pt/pt/Content/images/boitmal/produit/zoom/3E686719F4AB890ED92E5762EA59E818.jpg,,/product/gel-banho-leather-&-cookies/8710447438497
12515,Gel Banho Apollo,8711700796712,11383,10068,Embalagem de 400 ml,Axe,,"9,98€/L","3,99€",https://cdn.intermarche.pt/pt/Content/images/boitmal/produit/zoom/0398ABB6EB6CDCC5B8A363E8D007DAEF.jpg,,/product/gel-banho-apollo/8711700796712
16285,Gel Duche Men Active Clean,4005900123466,11383,10068,Embalagem de 500 ml,Nivea Men,,"7,98€/L","3,99€",https://cdn.intermarche.pt/pt/Content/images/boitmal/produit/zoom/00D655E4A0F4A46A96001E6F0058AF7F.jpg,,/product/gel-duche-men-active-clean/4005900123466
25354,Gel de Banho Original,4084500978881,11383,10068,Embalagem de 400 ml,Old Spice,,"12,48€/L","4,99€",https://cdn.intermarche.pt/pt/Content/images/boitmal/produit/zoom/96B4C9D78C8EFE8481BD679C2B31593A.jpg,,/product/gel-de-banho-original/4084500978881
25356,Gel de Banho 2 em 1 Cooling,4084500978942,11383,10068,Embalagem de 400 ml,Old Spice,,"12,48€/L","4,99€",https://cdn.intermarche.pt/pt/Content/images/boitmal/produit/zoom/9BE57EC5757BE3260009B08FAC844B5B.jpg,,/product/gel-de-banho-2-em-1-cooling/4084500978942
38276,Gel de Banho Ice Chill,8717163648667,11383,10068,Embalagem de 400 ml,Axe,,"9,98€/L","3,99€",https://cdn.intermarche.pt/pt/Content/images/boitmal/produit/zoom/7EEBD22972C0D164D6074A34480461EA.jpg,,/product/gel-de-banho-ice-chill/8717163648667
4543,"Gel banho, cool kick",4005808678716,11383,10068,Embalagem de 250 ml,Nivea,,"14,76€/L","3,69€",https://cdn.intermarche.pt/pt/Content/images/boitmal/produit/zoom/3EC54ABAFFF1408182E57E888247E423.jpg,,/product/gel-banho-cool-kick/4005808678716
45595,"Gel Banho Green Mojito, 400 ml",8717163947739,11383,10068,,Axe,,"9,98€/L","3,99€",https://cdn.intermarche.pt/pt/Content/images/boitmal/produit/zoom/4085F47A0A0F23EB4D8158AC07DE1CCE.jpg,,/product/gel-banho-green-mojito-400-ml/8717163947739
46961,Gel Duche Men Protect & Care,4005900368539,11383,10068,Embalagem de 500 ml,Nivea Men,,"9,98€/L","4,99€",https://cdn.intermarche.pt/pt/Content/images/boitmal/produit/zoom/43C7A8579917C4CF111E1AFA4E0D0FDA.jpg,,/product/gel-duche-men-protect-&-care/4005900368539
48265,Gel Duche Men Boost,4005900830784,11383,10068,Embalagem de 500 ml,Nivea Men,,"7,98€/L","3,99€",https://cdn.intermarche.pt/pt/Content/images/boitmal/produit/zoom/A9BDD45347FC313AAF694EC0602E66EE.jpg,,/product/gel-duche-men-boost/4005900830784
48266,Gel Duche Men Power,4005900833723,11383,10068,Embalagem de 500 ml,Nivea Men,,"9,98€/L","4,99€",https://cdn.intermarche.pt/pt/Content/images/boitmal/produit/zoom/16BE8922980D67356B76A9F9EDC88B39.jpg,,/product/gel-duche-men-power/4005900833723
51836,"Champô men sport gel de banho, 250 ml",4005808130610,11383,10068,,Nivea Men,,"14,76€/L","3,69€",https://cdn.intermarche.pt/pt/Content/images/boitmal/produit/zoom/D39C4E5CEE6C103C861A0415A6C40DC6.jpg,,/product/champo-men-sport-gel-de-banho-250-ml/4005808130610
53609,Gel Banho Hydra Energetic,3600524073473,11383,10068,Embalagem de 400ml,L'oreal Men Expert,,"12,48€/L","4,99€",https://cdn.intermarche.pt/pt/Content/images/boitmal/produit/zoom/E8F8F800B29577E02E75343CB868CFF4.jpg,,/product/gel-banho-hydra-energetic/3600524073473
53642,Gel de Banho 3 em 1 After Sport,3616303458904,11383,10068,Embalagem de 400ml,Adidas,,"14,98€/L","5,99€",https://cdn.intermarche.pt/pt/Content/images/boitmal/produit/zoom/CAA3BE3B477C8C0F33DE73C6300C6BA3.jpg,,/product/gel-de-banho-3-em-1-after-sport/3616303458904
54441,"Gel De Banho Men Expert Extreme Sport, 400ml",3600524123178,11383,10068,,L'oreal,,"12,48€/L","4,99€",https://cdn.intermarche.pt/pt/Content/images/boitmal/produit/zoom/18B435549DDD4B393E13DB2366EBFF64.jpg,,/product/gel-de-banho-men-expert-extreme-sport-400ml/3600524123178
29970,Gel de Banho Men Deep,4005900521262,11383,10068,500 ml,Nivea Men,,"10,70€/L","5,35€",https://cdn.intermarche.pt/pt/Content/images/boitmal/produit/zoom/D34C606F3F08EB167398EE677ED359DC.jpg,,/product/gel-de-banho-men-deep/4005900521262
40858,Gel banho sport,8001841716237,11383,10068,Embalagem de 300 ml,H&S,,"23,30€/L","6,99€",https://cdn.intermarche.pt/pt/Content/images/boitmal/produit/zoom/779A6716CB5BCEC815E15330A5132E89.jpg,,/product/gel-banho-sport/8001841716237
40860,Gel banho limpeza profunda,8001841715995,11383,10068,Embalagem de 300 ml,H&S,,"23,30€/L","6,99€",https://cdn.intermarche.pt/pt/Content/images/boitmal/produit/zoom/943DFC35F06ED54A327E71D2072702F8.jpg,,/product/gel-banho-limpeza-profunda/8001841715995
50395,Gel de Banho Epic Fresh,8720181204111,11383,10068,Garrafa de 400 ml,Axe,,"9,98€/L","3,99€",https://cdn.intermarche.pt/pt/Content/images/boitmal/produit/zoom/7BC1337A5E32C6612A9213122D507522.jpg,,/product/gel-de-banho-epic-fresh/8720181204111
53340,"Gel de Banho Men Sports Care 3 em 1, 400ml",8717163634615,11383,10068,,Dove,,"9,98€/L","3,99€",https://cdn.intermarche.pt/pt/Content/images/boitmal/produit/zoom/94F838D56E47DC2E93554598CBB53764.jpg,,/product/gel-de-banho-men-sports-care-3-em-1-400ml/8717163634615
46737,Desodorizante spray protect & care,4005900388957,11325,10068,150 ml,Nivea Men,,"18,60€/L","2,79€",https://cdn.intermarche.pt/pt/Content/images/boitmal/produit/zoom/8EA5F22727C42ED9AFDAD1E445389534.jpg,2024-09-25T22:59:59.999Z,/product/desodorizante-spray-protect-&-care/4005900388957
29236,Deo Roll On Protect & Care,4005900388971,11325,10068,50 ml,Nivea Men,,"53,80€/L","2,69€",https://cdn.intermarche.pt/pt/Content/images/boitmal/produit/zoom/A0C85FD25DC4C5D50BDE13EA61505AE5.jpg,2024-09-25T22:59:59.999Z,/product/deo-roll-on-protect-&-care/4005900388971
28443,"Desodorizante roll-on black & white active, men",0000042332824,11325,10068,Embalagem de 50 ml,Nivea Men,,"55,80€/L","2,79€",https://cdn.intermarche.pt/pt/Content/images/boitmal/produit/zoom/E8B76BAF731F1924927748058ACD6393.jpg,2024-09-25T22:59:59.999Z,/product/desodorizante-roll-on-black-&-white-active-men/0000042332824
53322,"Desodorizante Roll-on Black & White Max Protection Homem, 50ml",4006000033594,11325,10068,,Nivea,,"61,80€/L","3,09€",https://cdn.intermarche.pt/pt/Content/images/boitmal/produit/zoom/5E2126FDF4D957720B888AE7CA2F116A.jpg,2024-09-25T22:59:59.999Z,/product/desodorizante-roll-on-black-&-white-max-protection-homem-50ml/4006000033594
15894,Desodorizante spray sport 48h,3250391022854,11325,10068,Embalagem de 200 ml,Labell Men,,"6,95€/L","1,39€",https://cdn.intermarche.pt/pt/Content/images/boitmal/produit/zoom/F5A210A7A8DE0A0A4828F13BAB91BD37.jpg,,/product/desodorizante-spray-sport-48h/3250391022854
18972,"Desodorizante spray energy, 200 ml",3250391024728,11325,10068,,Labell Men,,"6,95€/L","1,39€",https://cdn.intermarche.pt/pt/Content/images/boitmal/produit/zoom/5A571CDC17CD61D4F638676C190705D2.jpg,,/product/desodorizante-spray-energy-200-ml/3250391024728
4254,Desodorizante roll-on fresh extra,3600521848449,11325,10068,Embalagem de 50 ml,L'oreal Men Expert,,"79,80€/L","3,99€",https://cdn.intermarche.pt/pt/Content/images/boitmal/produit/zoom/E57536F1DBA38F68B80006805ED4ECFF.jpg,,/product/desodorizante-roll-on-fresh-extra/3600521848449
18973,"Desodorizante spray tonic, 200 ml",3250391024759,11325,10068,,Labell Men,,"6,95€/L","1,39€",https://cdn.intermarche.pt/pt/Content/images/boitmal/produit/zoom/7365534ACFC2CC331B5D23EA2675C21A.jpg,,/product/desodorizante-spray-tonic-200-ml/3250391024759
20329,Desodorizante roll on men invisible dry,8718951068384,11325,10068,Embalagem de 50 ml,Sanex men,,"59,80€/L","2,99€",https://cdn.intermarche.pt/pt/Content/images/boitmal/produit/zoom/1FE3B0B2C7FD3F6729CA262754046E06.jpg,,/product/desodorizante-roll-on-men-invisible-dry/8718951068384
45875,Desodorizante spray cool kick,4005900388810,11325,10068,150 ml,Nivea Men,,"29,93€/L","4,49€",https://cdn.intermarche.pt/pt/Content/images/boitmal/produit/zoom/FF08F460974B7D9B6A9FEDD00802151C.jpg,,/product/desodorizante-spray-cool-kick/4005900388810
32301,Desodorizante Spray Black & White Active Men,4005900377814,11325,10068,150 ml,Nivea,,"26,60€/L","3,99€",https://cdn.intermarche.pt/pt/Content/images/boitmal/produit/zoom/F5ED8FD84EC27F00F1BBC369E3567854.jpg,,/product/desodorizante-spray-black-&-white-active-men/4005900377814
35111,Desodorizante roll'on cool kick,4005900388834,11325,10068,50 ml,Nivea Men,,"73,80€/L","3,69€",https://cdn.intermarche.pt/pt/Content/images/boitmal/produit/zoom/AE22FF4A396202026B518E9936BF9516.jpg,,/product/desodorizante-roll'on-cool-kick/4005900388834
4335,"Desodorizante roll-on, invisimax",3600540829160,11325,10068,Embalagem de 50 ml,Narta men,,"59,80€/L","2,99€",https://cdn.intermarche.pt/pt/Content/images/boitmal/produit/zoom/A48BB816DCCE142F5DC4F8D9E2CEC850.jpg,,/product/desodorizante-roll-on-invisimax/3600540829160
47945,Desodorizante roll-on invisível 0%,3600551049113,11325,10068,Embalagem de 50 ml,Narta men,,"59,80€/L","2,99€",https://cdn.intermarche.pt/pt/Content/images/boitmal/produit/zoom/60792FCCE191B74596B96E1AE0CBE1BF.jpg,,/product/desodorizante-roll-on-invisivel-0%25/3600551049113
50394,Desodorizante Aero Epic Fresh,8720181192111,11325,10068,Garrafa de 150 ml,Axe,,"26,60€/L","3,99€",https://cdn.intermarche.pt/pt/Content/images/boitmal/produit/zoom/3C80774091E79B2789B93D66067912AF.jpg,,/product/desodorizante-aero-epic-fresh/8720181192111
6972,Desodorizante roll-on magnesium dry,4005900827890,11325,10068,Embalagem de 50 ml,Nivea Men,,"99,80€/L","4,99€",https://cdn.intermarche.pt/pt/Content/images/boitmal/produit/zoom/E584B90A44395E97F1D97529CCC2D822.jpg,,/product/desodorizante-roll-on-magnesium-dry/4005900827890
7685,Desodorizante spray dry,4005808727186,11325,10068,Embalagem de 200 ml,Nivea Men,,"17,45€/L","3,49€",https://cdn.intermarche.pt/pt/Content/images/boitmal/produit/zoom/5C0CD48D807EAF6FD735E6859779F846.jpg,,/product/desodorizante-spray-dry/4005808727186
49094,Deo Roll On Dry Impact,4005900936899,11325,10068,50 ml,Nivea Men,,"59,80€/L","2,99€",https://cdn.intermarche.pt/pt/Content/images/boitmal/produit/zoom/D7BAB1E8381F7971414304AEBA0F60C8.jpg,,/product/deo-roll-on-dry-impact/4005900936899
51425,Deo Roll-On Magnesium Defence,3600524044800,11325,10068,Embalagem de 50 ml,L'oreal Men Expert,,"79,80€/L","3,99€",https://cdn.intermarche.pt/pt/Content/images/boitmal/produit/zoom/E6F8755EBD44AE12F85C2605E3F33ECF.jpg,,/product/deo-roll-on-magnesium-defence/3600524044800
52313,Desodorizante Roll On Men Quantum Dry 72H,0000059095569,11325,10068,Embalagem de 50ml,Rexona men,,"79,80€/L","3,99€",https://cdn.intermarche.pt/pt/Content/images/boitmal/produit/zoom/24E5D7AC59EEA01928B1A62F737CFF07.jpg,,/product/desodorizante-roll-on-men-quantum-dry-72h/0000059095569
16945,Desodorizante Stick Clean Comfort,0000096081754,11325,10068,Embalagem de 50ml,Dove Men,,"79,80€/L","3,99€",https://cdn.intermarche.pt/pt/Content/images/boitmal/produit/zoom/1B0D117E4F6BD534DF570F8B8DE3CF7B.jpg,,/product/desodorizante-stick-clean-comfort/0000096081754
18811,Desodorizante spray thermic resist,3600522626060,11325,10068,Embalagem de 150 ml,L'oreal Men Expert,,"26,60€/L","3,99€",https://cdn.intermarche.pt/pt/Content/images/boitmal/produit/zoom/C44FA49B3557084D47953A096A138CD5.jpg,,/product/desodorizante-spray-thermic-resist/3600522626060
23567,Desodorizante Roll' On Shirt Protect,3600523299850,11325,10068,Embalagem de 50 ml,L'oreal Men Expert,,"79,80€/L","3,99€",https://cdn.intermarche.pt/pt/Content/images/boitmal/produit/zoom/59B0AFB6C9A9DA1678B385D33DB97EFE.jpg,,/product/desodorizante-roll'-on-shirt-protect/3600523299850
29942,Deo Roll On Men Dry Fresh,4005900485243,11325,10068,50 ml,Nivea Men,,"73,80€/L","3,69€",https://cdn.intermarche.pt/pt/Content/images/boitmal/produit/zoom/794EE4DD1F70079E421CF71875A6E38E.jpg,,/product/deo-roll-on-men-dry-fresh/4005900485243
4336,"Desodorizante roll-on ice max, 50 ml",3600540829177,11325,10068,,Narta men,,"59,80€/L","2,99€",https://cdn.intermarche.pt/pt/Content/images/boitmal/produit/zoom/EDDEA58EDDDCDDBCC7B248EE66D2E427.jpg,,/product/desodorizante-roll-on-ice-max-50-ml/3600540829177
4411,Desodorizante roll-on protect,3600550267037,11325,10068,Embalagem de 50 ml,Narta men,,"59,80€/L","2,99€",https://cdn.intermarche.pt/pt/Content/images/boitmal/produit/zoom/7EC15C278C8506D1BEA9C07C8BB415CC.jpg,,/product/desodorizante-roll-on-protect/3600550267037
46341,"Desodorizante Spray Anarchy, 150 ml",8720181031595,11325,10068,,Axe,,"26,60€/L","3,99€",https://cdn.intermarche.pt/pt/Content/images/boitmal/produit/zoom/6DEF217745A2A52B0024E50637179070.jpg,,/product/desodorizante-spray-anarchy-150-ml/8720181031595
46738,Desodorizante spray dry,4005900494900,11325,10068,150 ml,Nivea Men,,"26,60€/L","3,99€",https://cdn.intermarche.pt/pt/Content/images/boitmal/produit/zoom/608699B54635A57E1CE9EC404634E214.jpg,,/product/desodorizante-spray-dry/4005900494900
48426,Deo Roll On Cool Kick,4005900845702,11325,10068,50 ml,Nivea Men,,"75,80€/L","3,79€",https://cdn.intermarche.pt/pt/Content/images/boitmal/produit/zoom/0D0ECD0AF1BC6236F6DA6C68193C1427.jpg,,/product/deo-roll-on-cool-kick/4005900845702
52913,"Desodorizante Spray Men Extra Fresh 72h, 150 ml",8720181284397,11325,10068,,Dove Men,,"38,60€/L","5,79€",https://cdn.intermarche.pt/pt/Content/images/boitmal/produit/zoom/BA8D463A8C4E3CD6F5FECB2C808A9807.jpg,,/product/desodorizante-spray-men-extra-fresh-72h-150-ml/8720181284397
52922,"Desodorizante Spray Acqua Bergamot, 150 ml",8720181297571,11325,10068,,Axe,,"53,27€/L","7,99€",https://cdn.intermarche.pt/pt/Content/images/boitmal/produit/zoom/3DB05D9E74793E64A0B2E418B1CA9BE2.jpg,,/product/desodorizante-spray-acqua-bergamot-150-ml/8720181297571
53319,"Desodorizante Homem Roll-on Fresh Sensation, 50ml",4006000016504,11325,10068,,Nivea,,"89,80€/L","4,49€",https://cdn.intermarche.pt/pt/Content/images/boitmal/produit/zoom/1221CBEB467972247784411EB7CFAAC8.jpg,,/product/desodorizante-homem-roll-on-fresh-sensation-50ml/4006000016504
53652,Desodorizante Spray Homem Black & White Maximum Protection,4006000029986,11325,10068,Embalagem de 150ml,Nivea Men,,"26,60€/L","3,99€",https://cdn.intermarche.pt/pt/Content/images/boitmal/produit/zoom/100C18A4FA1CA53FEB0E2C78262A21BD.jpg,,/product/desodorizante-spray-homem-black-&-white-maximum-protection/4006000029986
15630,Desodorizante roll-on Invisible,0000096097328,11325,10068,Embalagem de 50ml,Rexona,,"89,80€/L","4,49€",https://cdn.intermarche.pt/pt/Content/images/boitmal/produit/zoom/4987BEB5CE45850ECA832AB933D959A5.jpg,,/product/desodorizante-roll-on-invisible/0000096097328
24571,Deo roll-on thermic,3600523299874,11325,10068,Embalagem de 50 ml,L'oreal Men Expert,,"79,80€/L","3,99€",https://cdn.intermarche.pt/pt/Content/images/boitmal/produit/zoom/EF99E11F3F566DD697B212E4D5F7041A.jpg,,/product/deo-roll-on-thermic/3600523299874
27927,Desodorizante Spray Stress Resist,3600523581795,11325,10068,Embalagem de 150 ml,L'oreal Men Expert,,"26,60€/L","3,99€",https://cdn.intermarche.pt/pt/Content/images/boitmal/produit/zoom/AAC5B157E4336922269ED645A594C9DA.jpg,,/product/desodorizante-spray-stress-resist/3600523581795
29566,Eau de Toilette p/Homem Nº10,8424730004923,11325,10068,1 Frasco 150ml,Caravan,,"79,93€/L","11,99€",https://cdn.intermarche.pt/pt/Content/images/boitmal/produit/zoom/42661B9173EF7F46FB89B4B747FEB59E.jpg,,/product/eau-de-toilette-p-ou-homem-nº10/8424730004923
29567,Eau de Toilette p/Homem Nº11,8424730004930,11325,10068,1 Frasco 150ml,Caravan,,"79,93€/L","11,99€",https://cdn.intermarche.pt/pt/Content/images/boitmal/produit/zoom/5C33BE2F57335F652073FD9883E7A4A3.jpg,,/product/eau-de-toilette-p-ou-homem-nº11/8424730004930
29568,Eau de Toilette p/Homem Nº12,8424730004947,11325,10068,1 Frasco 150ml,Caravan,,"79,93€/L","11,99€",https://cdn.intermarche.pt/pt/Content/images/boitmal/produit/zoom/A16EA3F4D5983F6B883EFBFD563841A1.jpg,,/product/eau-de-toilette-p-ou-homem-nº12/8424730004947
29571,Eau de Toilette p/Homem Nº15,8424730004978,11325,10068,1 Frasco 150ml,Caravan,,"79,93€/L","11,99€",https://cdn.intermarche.pt/pt/Content/images/boitmal/produit/zoom/DAF67162B68F45BC04638B8DCBA1569C.jpg,,/product/eau-de-toilette-p-ou-homem-nº15/8424730004978
15811,Máquina Depilatória Descartável 3 Sensitive,3086126693279,11322,10068,Embalagem com 4+2 unidades,Bic,,"3,39€/Unidade","3,39€",https://cdn.intermarche.pt/pt/Content/images/boitmal/produit/zoom/05B08AFB81C18523B1F71BE6445E1F26.jpg,,/product/maquina-depilatoria-descartavel-3-sensitive/3086126693279
25347,Creme Depilatório Men Peles Sensíveis,8410104249601,11322,10068,Embalagem de 200 ml,Veet,,"39,95€/L","7,99€",https://cdn.intermarche.pt/pt/Content/images/boitmal/produit/zoom/BEFFB3DEB29592D2F0EA7908918D3A32.jpg,,/product/creme-depilatorio-men-peles-sensiveis/8410104249601
25348,Creme Depilatório Duche Men Peles Normais,8410104885380,11322,10068,Embalagem com 150 ml,Veet,,"66,60€/L","9,99€",https://cdn.intermarche.pt/pt/Content/images/boitmal/produit/zoom/C64A8A99414C698A55EF6460CD2D7686.jpg,,/product/creme-depilatorio-duche-men-peles-normais/8410104885380
30845,Creme Depilatório Men Peles Sensíveis,8410104890957,11322,10068,400 ml,Veet,,"42,48€/L","16,99€",https://cdn.intermarche.pt/pt/Content/images/boitmal/produit/zoom/C3DF9E08B1E114C75DD6AF62D4A32CF2.jpg,,/product/creme-depilatorio-men-peles-sensiveis/8410104890957
44233,"Gel Depilatorio Homem Peles Sensiveis, 200ml",8414719407326,11322,10068,,Body natur,,"24,95€/L","4,99€",https://cdn.intermarche.pt/pt/Content/images/boitmal/produit/zoom/7105ADDDC04B65F25FFCE5B3AC5CE829.jpg,,/product/gel-depilatorio-homem-peles-sensiveis-200ml/8414719407326
50517,Bandas de Cera Depilatória Bikini,8428076003268,11322,10068,100ml + Bálsamo 50 Ml,Veet,,"8,49€/Unidade","8,49€",https://cdn.intermarche.pt/pt/Content/images/boitmal/produit/zoom/AA6C69E110663CFAAD2AD23EC4E372E0.jpg,,/product/bandas-de-cera-depilatoria-bikini/8428076003268
6930,Depilatório homem gel,9300631115434,11322,10068,Garrafa de 200 ml,Veet,,"37,45€/L","7,49€",https://cdn.intermarche.pt/pt/Content/images/boitmal/produit/zoom/B131DF5439A84B6355F79078DA2A7389.jpg,,/product/depilatorio-homem-gel/9300631115434
49239,Spray Bruma Autobronzeadora,3600542226301,10529,10074,Embalagem de 150 ml,Ambre Solaire,,"55,93€/L","8,39€",https://cdn.intermarche.pt/pt/Content/images/boitmal/produit/zoom/4C276A7D7F474C88880C0A8FD6FEB717.jpg,,/product/spray-bruma-autobronzeadora/3600542226301
7692,Spray protect&bronze f30,4005808751174,10529,10074,Embalagem de 200 ml,Nivea Sun,,"59,95€/L","11,99€",https://cdn.intermarche.pt/pt/Content/images/boitmal/produit/zoom/711F44F573994E69781D318E43DB1C6E.jpg,,/product/spray-protect&bronze-f30/4005808751174
15539,Spray óleo protect&bronze f30,4005900118349,10529,10074,Embalagem de 200 ml,Nivea Sun,,"62,95€/L","12,59€",https://cdn.intermarche.pt/pt/Content/images/boitmal/produit/zoom/A0EA75C4A281AFD6B4776D1A90C01C31.jpg,,/product/spray-oleo-protect&bronze-f30/4005900118349
29507,Loção Protect & Moisture FP30,4005900453969,10529,10074,1 Embalagem 400ml,Nivea Sun,,"35,23€/L","14,09€",https://cdn.intermarche.pt/pt/Content/images/boitmal/produit/zoom/C0A0544AA501DD47F5682E44FE7653FD.jpg,,/product/locao-protect-&-moisture-fp30/4005900453969
4147,"Spray, óleo seco, protect f20",3468080007048,10529,10074,Embalagem de 150 ml,Corine de Farme,,"46,60€/L","6,99€",https://cdn.intermarche.pt/pt/Content/images/boitmal/produit/zoom/446E9262E56AD6848600721B34F1BC78.jpg,,/product/spray-oleo-seco-protect-f20/3468080007048
5079,Óleo Bronzeador Coco,5601036310726,10529,10074,Embalagem de 200 ml,Ambre Solaire,,"43,45€/L","8,69€",https://cdn.intermarche.pt/pt/Content/images/boitmal/produit/zoom/88958AA1036E20813FEF490C29B56E53.jpg,,/product/oleo-bronzeador-coco/5601036310726
54249,"Creme Ultrabronzeador Baunilha, 150ml",3468080009301,10529,10074,,Corine de Farme,,"61,93€/L","9,29€",https://cdn.intermarche.pt/pt/Content/images/boitmal/produit/zoom/37A46C9D1DD574C2E568E545EA5BA0C5.jpg,,/product/creme-ultrabronzeador-baunilha-150ml/3468080009301
54250,"Bronzeador Óleo Seco FPS 6, 150ml",3468080008663,10529,10074,,Corine de Farme,,"55,93€/L","8,39€",https://cdn.intermarche.pt/pt/Content/images/boitmal/produit/zoom/FCF8AF530DCFE33373430D58EFF5C949.jpg,,/product/bronzeador-oleo-seco-fps-6-150ml/3468080008663
54283,"Mousse Autobronzeadora com Água de Coco, 200ml",3600542298339,10529,10074,,Ambre Solaire,,"44,95€/L","8,99€",https://cdn.intermarche.pt/pt/Content/images/boitmal/produit/zoom/53DD2F1B21AA74BA78803932E762B25D.jpg,,/product/mousse-autobronzeadora-com-agua-de-coco-200ml/3600542298339
54289,"Bronzeador Spray Ideal Bronze Ação Tripla FPS 50, 150ml",3600542572781,10529,10074,,Ambre Solaire,,"71,93€/L","10,79€",https://cdn.intermarche.pt/pt/Content/images/boitmal/produit/zoom/5D72A30D8915015BD9F2B895AABA3C7C.jpg,,/product/bronzeador-spray-ideal-bronze-acao-tripla-fps-50-150ml/3600542572781
54290,"Gotas Faciais Autobronzeadoras Natural Bronze, 30ml",3600542512862,10529,10074,,Ambre Solaire,,"279,67€/L","8,39€",https://cdn.intermarche.pt/pt/Content/images/boitmal/produit/zoom/9BA0AE845FD2F96589480522FF12CDA4.jpg,,/product/gotas-faciais-autobronzeadoras-natural-bronze-30ml/3600542512862
54295,"Leite Natural Bronze, 200ml",3600542450652,10529,10074,,Ambre Solaire,,"38,95€/L","7,79€",https://cdn.intermarche.pt/pt/Content/images/boitmal/produit/zoom/98E12D3E2C31FF788DC30AD8D030CD7D.jpg,,/product/leite-natural-bronze-200ml/3600542450652
7655,"Loção solar, protect&bronze f20",4005808432783,10529,10074,Embalagem de 200 ml,Nivea Sun,,"92,45€/L","18,49€",https://cdn.intermarche.pt/pt/Content/images/boitmal/produit/zoom/271EFA952838F0919DAEF82FCC8FF432.jpg,,/product/locao-solar-protect&bronze-f20/4005808432783
7657,"Loção solar, protect&bronze f50",4005808435357,10529,10074,Embalagem de 200 ml,Nivea Sun,,"62,95€/L","12,59€",https://cdn.intermarche.pt/pt/Content/images/boitmal/produit/zoom/143F96A61D099CC8B3687EF553217D80.jpg,,/product/locao-solar-protect&bronze-f50/4005808435357
19872,Protector Solar Clássico FPS 30,3600541921252,10530,10074,Embalagem de 200 ml,Ambre Solaire,,"47,95€/L","9,59€",https://cdn.intermarche.pt/pt/Content/images/boitmal/produit/zoom/34AF72C47D3763838528A15090C7FD3B.jpg,,/product/protector-solar-classico-fps-30/3600541921252
41616,Protector Solar de Rosto 50+,3600542298247,10530,10074,Embalagem de 40 ml,Ambre Solaire,,"269,75€/L","10,79€",https://cdn.intermarche.pt/pt/Content/images/boitmal/produit/zoom/4A967209F0D4850A13D1BBB54731B9E8.jpg,,/product/protector-solar-de-rosto-50+/3600542298247
51927,Protetor Solar Kids Protect & Care FP50+,4005900911537,10530,10074,Garrafa de 270 ml,Nivea Sun,,"77,74€/L","20,99€",https://cdn.intermarche.pt/pt/Content/images/boitmal/produit/zoom/9BBC6CA36143C3EB2B9B2E1200AF6EC6.jpg,,/product/protetor-solar-kids-protect-&-care-fp50+/4005900911537
53921,"Protetor Solar Spray FPS 50+, 250ml",5604260333110,10530,10074,,Labell,,"23,96€/L","5,99€",https://cdn.intermarche.pt/pt/Content/images/boitmal/produit/zoom/B1242136EA54B0214CAA1544DD624B9D.jpg,,/product/protetor-solar-spray-fps-50+-250ml/5604260333110
20538,Protetor Solar Loção Protect & Moisture FP30,4005900118400,10530,10074,Embalagem de 200 ml,Nivea Sun,,"50,95€/L","10,19€",https://cdn.intermarche.pt/pt/Content/images/boitmal/produit/zoom/20ABB9AC609090AD27C1AC0AD7E9AC94.jpg,,/product/protetor-solar-locao-protect-&-moisture-fp30/4005900118400
25616,Leite Sensitive Advanced FPS 50,3600541996601,10530,10074,Embalagem de 400 ml,Ambre Solaire,,"36,73€/L","14,69€",https://cdn.intermarche.pt/pt/Content/images/boitmal/produit/zoom/4A84DD2D1C700C8FBB4A2F6E295DA36C.jpg,,/product/leite-sensitive-advanced-fps-50/3600541996601
29180,Protetor Solar Protect&Moisture FP50+,4005900512925,10530,10074,1 Embalagem 400ml,Nivea Sun,,"67,48€/L","26,99€",https://cdn.intermarche.pt/pt/Content/images/boitmal/produit/zoom/398DA35316985F187E75EF0884CEF41A.jpg,,/product/protetor-solar-protect&moisture-fp50+/4005900512925
53920,"Protetor Solar Spray FPS 30+, 250ml",5604260333141,10530,10074,,Labell,,"23,96€/L","5,99€",https://cdn.intermarche.pt/pt/Content/images/boitmal/produit/zoom/09ACC16D2AB7567D17A4E01304275980.jpg,,/product/protetor-solar-spray-fps-30+-250ml/5604260333141
49896,Protetor Solar Spray Protect & Moisture SPF30,4005900911599,10530,10074,Embalagem de 270ml,Nivea Sun,,"44,41€/L","11,99€",https://cdn.intermarche.pt/pt/Content/images/boitmal/produit/zoom/32FE8D62AC3802164C76786F354B367F.jpg,,/product/protetor-solar-spray-protect-&-moisture-spf30/4005900911599
52320,Creme de Rosto Protetor FP50,4005900996886,10530,10074,Embalagem de 50ml,Nivea Sun,,"197,80€/L","9,89€",https://cdn.intermarche.pt/pt/Content/images/boitmal/produit/zoom/FC246503D84651D6FD8BAEEB78C78EA3.jpg,,/product/creme-de-rosto-protetor-fp50/4005900996886
53925,"Protetor Solar Creme Facial Antiage FPS 50+, 50ml",5604260333134,10530,10074,,Labell,,"59,80€/L","2,99€",https://cdn.intermarche.pt/pt/Content/images/boitmal/produit/zoom/3DC346100EB634B6C67686724BBFFA0B.jpg,,/product/protetor-solar-creme-facial-antiage-fps-50+-50ml/5604260333134
7653,Protetor Solar Hidratante FPS50+,4005808408306,10530,10074,Embalagem de 200 ml,Nivea Sun,,"92,45€/L","18,49€",https://cdn.intermarche.pt/pt/Content/images/boitmal/produit/zoom/3271C607B6277ECDAA0C013662A2C48D.jpg,,/product/protetor-solar-hidratante-fps50+/4005808408306
25621,Leite Clássico FPS 50,3600541624320,10530,10074,Embalagem de 200 ml,Ambre Solaire,,"26,23€/L","10,49€",https://cdn.intermarche.pt/pt/Content/images/boitmal/produit/zoom/48BF5DDEFA9170D53A7B82FA784F35E9.jpg,,/product/leite-classico-fps-50/3600541624320
30508,Leite Protector Solar FPS 30 Manteiga de Karité |Corpo,3600542126441,10530,10074,Embalagem 50 ml,Ambre Solaire,,"89,80€/L","4,49€",https://cdn.intermarche.pt/pt/Content/images/boitmal/produit/zoom/B0DBA1B78500B94393B59142F1654915.jpg,,/product/leite-protector-solar-fps-30-manteiga-de-karite-|corpo/3600542126441
30509,Leite Protector FPS 50+ Manteiga de Karité |Corpo,3600542126458,10530,10074,50 ml,Ambre Solaire,,"95,80€/L","4,79€",https://cdn.intermarche.pt/pt/Content/images/boitmal/produit/zoom/2214CBF0BAD76065EA4B249628099503.jpg,,/product/leite-protector-fps-50+-manteiga-de-karite-|corpo/3600542126458
35507,Protector solar com aloe vera FP50+,4005900611659,10530,10074,200 ml,Nivea Sun,,"59,95€/L","11,99€",https://cdn.intermarche.pt/pt/Content/images/boitmal/produit/zoom/5F80DB2E8311149856ADF138AC468CB2.jpg,,/product/protector-solar-com-aloe-vera-fp50+/4005900611659
4304,Spray Clear Protect FPS 30,3600540277244,10530,10074,Embalagem de 200 ml,Ambre Solaire,,"50,95€/L","10,19€",https://cdn.intermarche.pt/pt/Content/images/boitmal/produit/zoom/562D3706C913B836BDBE841DED7198DD.jpg,,/product/spray-clear-protect-fps-30/3600540277244
49240,Spray protege e refresca 50,4005900724151,10530,10074,Embalagem de 200 ml,Nivea Sun,,"59,95€/L","11,99€",https://cdn.intermarche.pt/pt/Content/images/boitmal/produit/zoom/DB9022D03251F77C22582C1FC9C51178.jpg,,/product/spray-protege-e-refresca-50/4005900724151
49895,Protetor Solar Spray Invisible Protect SPF50,3600542452625,10530,10074,Embalagem de 200 ml,Ambre Solaire,,"52,45€/L","10,49€",https://cdn.intermarche.pt/pt/Content/images/boitmal/produit/zoom/4E30E998B60C049DBE259E4844BD49DC.jpg,,/product/protetor-solar-spray-invisible-protect-spf50/3600542452625
49897,Protetor Solar Spray Protect & Moisture Hidratante SPF50+,4005900911629,10530,10074,Embalagem de 270ml,Nivea Sun,,"49,96€/L","13,49€",https://cdn.intermarche.pt/pt/Content/images/boitmal/produit/zoom/F3B5EA9672310570AAE890C510D4DED6.jpg,,/product/protetor-solar-spray-protect-&-moisture-hidratante-spf50+/4005900911629
51894,Protetor Solar Protect & Moisture FP30,0000042397236,10530,10074,Embalagem de 100 ml,Nivea Sun,,"68,90€/L","6,89€",https://cdn.intermarche.pt/pt/Content/images/boitmal/produit/zoom/16458251A5847C38D46E2554088D62F3.jpg,,/product/protetor-solar-protect-&-moisture-fp30/0000042397236
52084,Protetor Solar Spray Protect & Bronze FP30,4005900911650,10530,10074,Garrafa de 270 ml,Nivea Sun,,"52,19€/L","14,09€",https://cdn.intermarche.pt/pt/Content/images/boitmal/produit/zoom/92D3AD6A3D77A08C6C9B48EE00AE6B5C.jpg,,/product/protetor-solar-spray-protect-&-bronze-fp30/4005900911650
52319,Protetor Solar Facial Luminous 360 FPS50+,4005900996855,10530,10074,Embalagem de 40ml,Nivea Sun,,"389,75€/L","15,59€",https://cdn.intermarche.pt/pt/Content/images/boitmal/produit/zoom/D3B4F5D6FAE108BF5D9ED01EE7F020C8.jpg,,/product/protetor-solar-facial-luminous-360-fps50+/4005900996855
54245,"Protetor Solar Loção Protege & Bronzeia FPS 30, 150ml",3468080008359,10530,10074,,Corine de Farme,,"59,93€/L","8,99€",https://cdn.intermarche.pt/pt/Content/images/boitmal/produit/zoom/C37A85B4B5D4EE66B53AD6DAF9696335.jpg,,/product/protetor-solar-locao-protege-&-bronzeia-fps-30-150ml/3468080008359
54246,"Protetor Solar Óleo Protege & Bronzeia FPS 30, 150ml",3468080008670,10530,10074,,Corine de Farme,,"58,93€/L","8,84€",https://cdn.intermarche.pt/pt/Content/images/boitmal/produit/zoom/33745C1C80AEE83EEBA9FFCBD9960764.jpg,,/product/protetor-solar-oleo-protege-&-bronzeia-fps-30-150ml/3468080008670
54247,"Protetor Solar Spray Hidratante FPS 30, 150ml",3468080008403,10530,10074,,Corine de Farme,,"58,60€/L","8,79€",https://cdn.intermarche.pt/pt/Content/images/boitmal/produit/zoom/6347FE69DD245D0DD36E75317D49619A.jpg,,/product/protetor-solar-spray-hidratante-fps-30-150ml/3468080008403
54248,"Óleo Sublimador de Bronzeado Monoï de Tahiti, 150ml",3468080008779,10530,10074,,Corine de Farme,,"99,93€/L","14,99€",https://cdn.intermarche.pt/pt/Content/images/boitmal/produit/zoom/1CE5B9123F7D544E37A4FA15CAE51871.jpg,,/product/oleo-sublimador-de-bronzeado-monoi-de-tahiti-150ml/3468080008779
54251,"Creme Protetor Rosto e Corpo FP 30 Monoï de Tahiti, 50ml",3468080009349,10530,10074,,Corine de Farme,,"143,80€/L","7,19€",https://cdn.intermarche.pt/pt/Content/images/boitmal/produit/zoom/074C3D21C77ED6BC640B9DB3CD09F4BF.jpg,,/product/creme-protetor-rosto-e-corpo-fp-30-monoi-de-tahiti-50ml/3468080009349
54252,"Creme Protetor Rosto e Corpo FP 50 Monoï de Tahiti, 50ml",3468080009332,10530,10074,,Corine de Farme,,"143,80€/L","7,19€",https://cdn.intermarche.pt/pt/Content/images/boitmal/produit/zoom/7D887D6C56BA48330543295E7AEF079F.jpg,,/product/creme-protetor-rosto-e-corpo-fp-50-monoi-de-tahiti-50ml/3468080009332
54273,"Fluído de Rosto Diário Invisível FPS 50+, 40ml",4006000104041,10530,10074,,Nivea Sun,,"314,75€/L","12,59€",https://cdn.intermarche.pt/pt/Content/images/boitmal/produit/zoom/349206B74A8EF1FFB01DD77BC60126A6.jpg,,/product/fluido-de-rosto-diario-invisivel-fps-50+-40ml/4006000104041
54275,"Protetor Sensitive Spray Familiar embalagem, 270ml",4005900911681,10530,10074,,Nivea Sun,,"53,30€/L","14,39€",https://cdn.intermarche.pt/pt/Content/images/boitmal/produit/zoom/5B41108A2671C433A05141F3DA2B8D1D.jpg,,/product/protetor-sensitive-spray-familiar-embalagem-270ml/4005900911681
54279,"Óleo Protetor SPF20, 150ml",3600542452540,10530,10074,,Ambre Solaire,,"69,93€/L","10,49€",https://cdn.intermarche.pt/pt/Content/images/boitmal/produit/zoom/7708F43D2BB76BB19CA5EC791B8E885B.jpg,,/product/oleo-protetor-spf20-150ml/3600542452540
54281,"Óleo Protetor SPF 30, 150ml",3600542452502,10530,10074,,Ambre Solaire,,"73,93€/L","11,09€",https://cdn.intermarche.pt/pt/Content/images/boitmal/produit/zoom/F40519F2F8B62DD25C1EB0815ADF84B1.jpg,,/product/oleo-protetor-spf-30-150ml/3600542452502
54282,"Protetor Solar com Cor Rosto FP 50, 50ml",8445098419884,10530,10074,,Ambre Solaire,,"179,80€/L","8,99€",https://cdn.intermarche.pt/pt/Content/images/boitmal/produit/zoom/2F01EE6A24CDD9F7BA304AD93E3F58F4.jpg,,/product/protetor-solar-com-cor-rosto-fp-50-50ml/8445098419884
54284,"Invisible Serum Super UV 50, 30ml",3600542518406,10530,10074,,Ambre Solaire,,"359,67€/L","10,79€",https://cdn.intermarche.pt/pt/Content/images/boitmal/produit/zoom/4F97EEC6F789B26AE1D08D762F52D83E.jpg,,/product/invisible-serum-super-uv-50-30ml/3600542518406
54285,"Protetor Solar Fluído Anti-Manchas FPS 50+, 40ml",3600542573801,10530,10074,,Ambre Solaire,,"262,25€/L","10,49€",https://cdn.intermarche.pt/pt/Content/images/boitmal/produit/zoom/4D83D073A34C460C3442D22D966B6EBD.jpg,,/product/protetor-solar-fluido-anti-manchas-fps-50+-40ml/3600542573801
54286,"Bruma de Rosto e Corpo Ideal Bronze FPS 30, 150ml",3600542572606,10530,10074,,Ambre Solaire,,"67,93€/L","10,19€",https://cdn.intermarche.pt/pt/Content/images/boitmal/produit/zoom/6FB7724252FE6DA045F55FB9DCE8758F.jpg,,/product/bruma-de-rosto-e-corpo-ideal-bronze-fps-30-150ml/3600542572606
54287,"Protetor Solar Spray Ideal Bronze FPS 30, 150ml",3600542572637,10530,10074,,Ambre Solaire,,"71,93€/L","10,79€",https://cdn.intermarche.pt/pt/Content/images/boitmal/produit/zoom/558AFF03B580A4ACD7A95C7626DFF184.jpg,,/product/protetor-solar-spray-ideal-bronze-fps-30-150ml/3600542572637
54288,"Protetor Solar Spray Ideal Bronze FPS 50, 150ml",3600542572736,10530,10074,,Ambre Solaire,,"71,93€/L","10,79€",https://cdn.intermarche.pt/pt/Content/images/boitmal/produit/zoom/E7502E7767DE1836241851E3421702B7.jpg,,/product/protetor-solar-spray-ideal-bronze-fps-50-150ml/3600542572736
54291,"Protetor Solar Spray Sensitive Advanced FPS 50+, 150ml",3600542520447,10530,10074,,Ambre Solaire,,"113,27€/L","16,99€",https://cdn.intermarche.pt/pt/Content/images/boitmal/produit/zoom/5B6582C37DCD0C2A6FCFB1A47B004001.jpg,,/product/protetor-solar-spray-sensitive-advanced-fps-50+-150ml/3600542520447
35675,Leite hidratante aloe vera after sun,3600542226295,10528,10074,Embalagem de 400 ml,Ambre Solaire,,"25,48€/L","10,19€",https://cdn.intermarche.pt/pt/Content/images/boitmal/produit/zoom/83342C88E8CA17E3C50F284166BB6E39.jpg,,/product/leite-hidratante-aloe-vera-after-sun/3600542226295
51926,Loção After Sun Moisture,4005900755759,10528,10074,Garrafa de 400 ml,Nivea Sun,,"27,38€/L","10,95€",https://cdn.intermarche.pt/pt/Content/images/boitmal/produit/zoom/F97F1137D7539AC68AB33F2CD520A203.jpg,,/product/locao-after-sun-moisture/4005900755759
53924,"Loção Solar Cenoura FP 6, 200ml",5604260333158,10528,10074,,Labell,,"24,95€/L","4,99€",https://cdn.intermarche.pt/pt/Content/images/boitmal/produit/zoom/76A5E0B432406BBBD3247C9FE2E08C4C.jpg,,/product/locao-solar-cenoura-fp-6-200ml/5604260333158
7665,Loção Hidratante para Depois do Sol,4005808479672,10528,10074,Embalagem de 200 ml,Nivea Sun,,"59,95€/L","11,99€",https://cdn.intermarche.pt/pt/Content/images/boitmal/produit/zoom/3BB63D862CF0C67151906C0FDD26EABE.jpg,,/product/locao-hidratante-para-depois-do-sol/4005808479672
25298,Loção After Sun Bronze,4005900372918,10528,10074,Embalagem de 200 ml,Nivea Sun,,"41,95€/L","8,39€",https://cdn.intermarche.pt/pt/Content/images/boitmal/produit/zoom/AD6E45DD4E37D06D1FE0579B3882C5D6.jpg,,/product/locao-after-sun-bronze/4005900372918
50040,Leite Hidratante c/ Aloé Vera,3600542297943,10528,10074,Embalagem de 200 ml,Ambre Solaire,,"19,45€/L","3,89€",https://cdn.intermarche.pt/pt/Content/images/boitmal/produit/zoom/21079F2C68ABB9D7610DECFCD2F36297.jpg,,/product/leite-hidratante-c-ou-aloe-vera/3600542297943
53923,"Loção After Sun, 250ml",5604260333165,10528,10074,,Labell,,"11,96€/L","2,99€",https://cdn.intermarche.pt/pt/Content/images/boitmal/produit/zoom/9A4B02C406FE0E6B80B535E6871D34D1.jpg,,/product/locao-after-sun-250ml/5604260333165
54254,"After Sun Leite Hidratante Bio, 200ml",3468080008540,10528,10074,,Corine de Farme,,"35,95€/L","7,19€",https://cdn.intermarche.pt/pt/Content/images/boitmal/produit/zoom/58B7C071A9657C31BB39BDCD01BCED40.jpg,,/product/after-sun-leite-hidratante-bio-200ml/3468080008540
54255,"Leite After Sun Ácido Hialurónico, 200ml",3468080009240,10528,10074,,Corine de Farme,,"35,95€/L","7,19€",https://cdn.intermarche.pt/pt/Content/images/boitmal/produit/zoom/A442E250AE8A3B8D25DA8E41D1E8A2AF.jpg,,/product/leite-after-sun-acido-hialuronico-200ml/3468080009240
54256,"Bálsamo Reparador After-Sun Monoï de Tahiti, 150ml",3468080008366,10528,10074,,Corine de Farme,,"43,93€/L","6,59€",https://cdn.intermarche.pt/pt/Content/images/boitmal/produit/zoom/FE39D02F34B41FF61DEF113939FF5609.jpg,,/product/balsamo-reparador-after-sun-monoi-de-tahiti-150ml/3468080008366
54280,"Leite Hidratante After Sun, 200ml",3600542448093,10528,10074,,Ambre Solaire,,"35,95€/L","7,19€",https://cdn.intermarche.pt/pt/Content/images/boitmal/produit/zoom/2FB9A3EC20642BA80EC632898A2941CC.jpg,,/product/leite-hidratante-after-sun-200ml/3600542448093
53922,"Protetor Solar Spray Kids Sensitive FPS 50+, 250ml",5604260333127,11777,10074,,Labell,,"25,96€/L","6,49€",https://cdn.intermarche.pt/pt/Content/images/boitmal/produit/zoom/3A98DE117C4F1A4C47E24581277360BB.jpg,,/product/protetor-solar-spray-kids-sensitive-fps-50+-250ml/5604260333127
20537,Protetor Solar Spray para Criança Pure & Sensitive FP50+,4005900118431,11777,10074,Embalagem de 200 ml,Nivea Sun,,"58,45€/L","11,69€",https://cdn.intermarche.pt/pt/Content/images/boitmal/produit/zoom/1480D9B9E39E784699F4120D794A1839.jpg,,/product/protetor-solar-spray-para-crianca-pure-&-sensitive-fp50+/4005900118431
49588,Spray Solar para Crianças FP50+,4005900911568,11777,10074,Embalagem de 270 ml,Nivea Sun,,"51,81€/L","13,99€",https://cdn.intermarche.pt/pt/Content/images/boitmal/produit/zoom/05EFBCFD0E95BA2F83153A38E15A390C.jpg,,/product/spray-solar-para-criancas-fp50+/4005900911568
49237,Spray Solar para Crianças IP50,3600542456623,11777,10074,Embalagem de 150 ml,Ambre Solaire,,"96,60€/L","14,49€",https://cdn.intermarche.pt/pt/Content/images/boitmal/produit/zoom/A16E9DBE29C97B1BCCD649E1A68F85A7.jpg,,/product/spray-solar-para-criancas-ip50/3600542456623
49837,Roll-on kids protect & care fp50+,0000042361077,11777,10074,50 ml,Nivea Sun,,"199,80€/L","9,99€",https://cdn.intermarche.pt/pt/Content/images/boitmal/produit/zoom/E76D561752DD1663D7E02A7607249C90.jpg,,/product/roll-on-kids-protect-&-care-fp50+/0000042361077
52321,Protetor Solar Spray Protect&Play Kids FPS50+,4006000003894,11777,10074,Embalagem de 150ml,Nivea Sun,,"67,93€/L","10,19€",https://cdn.intermarche.pt/pt/Content/images/boitmal/produit/zoom/B5F2EEB3762365ED8CD653DF6CCE569B.jpg,,/product/protetor-solar-spray-protect&play-kids-fps50+/4006000003894
54253,"Leite Protetor Rosto e Corpo FP 50 em Spray Babies&Kids, 150ml",3468080009264,11777,10074,,Corine de Farme,,"79,93€/L","11,99€",https://cdn.intermarche.pt/pt/Content/images/boitmal/produit/zoom/3991DB284A7F1C48094569961D4FDD2F.jpg,,/product/leite-protetor-rosto-e-corpo-fp-50-em-spray-babies&kids-150ml/3468080009264
54274,"Sun Spray Familiar Protect & Bronze FP50, 270ml",4006000060569,11777,10074,,Nivea Sun,,"54,78€/L","14,79€",https://cdn.intermarche.pt/pt/Content/images/boitmal/produit/zoom/59984C6B7D3858CC4BA589AA698D604E.jpg,,/product/sun-spray-familiar-protect-&-bronze-fp50-270ml/4006000060569
54298,"Advanced Sensitive Spray Kids FPS50+, 150ml",3600542512909,11777,10074,,Ambre Solaire,,"75,93€/L","11,39€",https://cdn.intermarche.pt/pt/Content/images/boitmal/produit/zoom/1688C47E7A873AF75126A1CAC8F1DC87.jpg,,/product/advanced-sensitive-spray-kids-fps50+-150ml/3600542512909
7651,"Protetor Solar Spray Protect & Play Crianças Fps 50+, 200ml",4005808325009,11777,10074,Embalagem de 200 ml,Nivea Sun,,"56,95€/L","11,39€",https://cdn.intermarche.pt/pt/Content/images/boitmal/produit/zoom/05372D22330B29202CB82455E81E804F.jpg,,/product/protetor-solar-spray-protect-&-play-criancas-fps-50+-200ml/4005808325009
51822,"Pensos elásticos de feridas extra flexíveis, 10 unidades",4005800280627,11400,10076,,Hansaplast,,"1,99€/Unidade","1,99€",https://cdn.intermarche.pt/pt/Content/images/boitmal/produit/zoom/068380F5EDAC0F1CA8B23C6BBB7999F7.jpg,,/product/pensos-elasticos-de-feridas-extra-flexiveis-10-unidades/4005800280627
5769,Álcool etílico 96º,5604260015542,11400,10076,Embalagem de 250 ml,PorSi,,"3,96€/L","0,99€",https://cdn.intermarche.pt/pt/Content/images/boitmal/produit/zoom/AC8E9C8E87EBDE256AC7C5586E188F56.jpg,,/product/alcool-etilico-96º/5604260015542
9408,Água oxigenada,5604260044887,11400,10076,Embalagem de 250 ml,Labell,,"2,36€/L","0,59€",https://cdn.intermarche.pt/pt/Content/images/boitmal/produit/zoom/01048123DC718CB8369A7020BCD49DE8.jpg,,/product/agua-oxigenada/5604260044887
36876,Compressas,5604260290994,11400,10076,Embalagem com 100 unidades,PorSi,,"1,69€/Unidade","1,69€",https://cdn.intermarche.pt/pt/Content/images/boitmal/produit/zoom/0B62ACEA625C4FF4CFA2CEB4F8349F75.jpg,,/product/compressas/5604260290994
42630,Pensos resistentes à água,5604260302802,11400,10076,Embalagem com 15 unidades,PorSi,,"0,69€/Unidade","0,69€",https://cdn.intermarche.pt/pt/Content/images/boitmal/produit/zoom/FEBACAABFF82B0E7D0B358525E245F67.jpg,,/product/pensos-resistentes-a-agua/5604260302802
43930,Pensos clássicos,5604260302826,11400,10076,20 unidades,PorSi,,"0,39€/Unidade","0,39€",https://cdn.intermarche.pt/pt/Content/images/boitmal/produit/zoom/40DE1CE44384A65EE44CC4DE2117FB5C.jpg,,/product/pensos-classicos/5604260302826
43933,Pensos banda,5604260308644,11400,10076,100 x 6 cm,PorSi,,"0,99€/Unidade","0,99€",https://cdn.intermarche.pt/pt/Content/images/boitmal/produit/zoom/EF1D42FFC7537150E2834B096B5D7840.jpg,,/product/pensos-banda/5604260308644
42748,Fita adesiva,5604260307913,11400,10076,5m x 1.25 cm,PorSi,,"0,85€/Unidade","0,85€",https://cdn.intermarche.pt/pt/Content/images/boitmal/produit/zoom/A29EA447C652652CA1E7B4DB7BE0A8EB.jpg,,/product/fita-adesiva/5604260307913
42631,Penso júnior,5604260302819,11400,10076,20 unidades,PorSi,,"0,59€/Unidade","0,59€",https://cdn.intermarche.pt/pt/Content/images/boitmal/produit/zoom/D3A85BA905F812076F7071B6BA04F423.jpg,,/product/penso-junior/5604260302819
43932,10 compressas de gaze,5604260302871,11400,10076,20 x 20 cm,PorSi,,"1,49€/Unidade","1,49€",https://cdn.intermarche.pt/pt/Content/images/boitmal/produit/zoom/1878FD4106D13B53F8E1202A8B19E1A4.jpg,,/product/10-compressas-de-gaze/5604260302871
9407,Água oxigenada,5604260044870,11400,10076,Embalagem de 500 ml,Labell,,"1,30€/L","0,65€",https://cdn.intermarche.pt/pt/Content/images/boitmal/produit/zoom/174960451A8AA18553CEF44FD59E2962.jpg,,/product/agua-oxigenada/5604260044870
43931,Pensos clássicos,5604260302833,11400,10076,100 unidades,PorSi,,"1,59€/Unidade","1,59€",https://cdn.intermarche.pt/pt/Content/images/boitmal/produit/zoom/37821A74899163E08179B1645F1A92B6.jpg,,/product/pensos-classicos/5604260302833
40740,"Pensos para calos, 10 unidades",5604260302857,11400,10076,1 embalagem,PorSi,,"0,79€/Unidade","0,79€",https://cdn.intermarche.pt/pt/Content/images/boitmal/produit/zoom/429CB59ABEA87CA5C92442D0CA9CB44B.jpg,,/product/pensos-para-calos-10-unidades/5604260302857
42629,2 Ligaduras elásticas,5604260302789,11400,10076,4m x 6 cm,PorSi,,"1,49€/Unidade","1,49€",https://cdn.intermarche.pt/pt/Content/images/boitmal/produit/zoom/3E14B2EF93B2C03DECD3ACB9394CF578.jpg,,/product/2-ligaduras-elasticas/5604260302789
43567,Fita adesiva,5604260302796,11400,10076,5m x 2.5 cm,PorSi,,"1,29€/Unidade","1,29€",https://cdn.intermarche.pt/pt/Content/images/boitmal/produit/zoom/BE5C8FDC600DC7086D65360DAC2AB468.jpg,,/product/fita-adesiva/5604260302796
45712,Pensos clássicos,5604260302888,11400,10076,20 unidades,PorSi,,"0,39€/Unidade","0,39€",https://cdn.intermarche.pt/pt/Content/images/boitmal/produit/zoom/22C4344FE6C31BB47C5F4566578407E7.jpg,,/product/pensos-classicos/5604260302888
50057,Algodão zig zag pré-cortado,5604260320110,11400,10076,Embalagem de 200 g,PorSi,,"5,40€/Kg","1,08€",https://cdn.intermarche.pt/pt/Content/images/boitmal/produit/zoom/AFB13D5BDFA9729D653C2593BDA2F698.jpg,,/product/algodao-zig-zag-pre-cortado/5604260320110
8787,Solução dérmica,5601233063005,11400,10076,Embalagem de 125 ml,Hidro,,"19,12€/L","2,39€",https://cdn.intermarche.pt/pt/Content/images/boitmal/produit/zoom/92FD7C183E3B7D18A04F84B43CEE4E76.jpg,,/product/solucao-dermica/5601233063005
45664,Tiras nasais,5604260308675,11400,10076,Embalagem de 10 unidades,PorSi,,"4,99€/Unidade","4,99€",https://cdn.intermarche.pt/pt/Content/images/boitmal/produit/zoom/60939624D5126339D4F457F25C4265E8.jpg,,/product/tiras-nasais/5604260308675
46786,Pensos para bolhas,5604260318353,11400,10076,20 unidades,PorSi,,"2,09€/Unidade","2,09€",https://cdn.intermarche.pt/pt/Content/images/boitmal/produit/zoom/CF16EC8B3BDA3C9504295AF940A26574.jpg,,/product/pensos-para-bolhas/5604260318353
46789,Pensos peles sensíveis sortidos,5604260320202,11400,10076,30 unidades,PorSi,,"0,89€/Unidade","0,89€",https://cdn.intermarche.pt/pt/Content/images/boitmal/produit/zoom/6F8EDF3B308F67095C7C0603F0D949DB.jpg,,/product/pensos-peles-sensiveis-sortidos/5604260320202
46803,Álcool canforado 85%,5604260319138,11400,10076,Embalagem de 250 ml,PorSi,,"7,96€/L","1,99€",https://cdn.intermarche.pt/pt/Content/images/boitmal/produit/zoom/5BA7E4EF3EFC5BD7DDAF73783C7D98CF.jpg,,/product/alcool-canforado-85%25/5604260319138
36987,Spray óleo amêndoas doces,5601233699006,11400,10076,Embalagem de 100 ml,Hidro,,"34,90€/L","3,49€",https://cdn.intermarche.pt/pt/Content/images/boitmal/produit/zoom/6B2D0AEF9E1864CA476B7E1DA532414F.jpg,,/product/spray-oleo-amendoas-doces/5601233699006
43935,Pensos peles sensíveis XL,5604260308668,11400,10076,5 unidades,PorSi,,"1,49€/Unidade","1,49€",https://cdn.intermarche.pt/pt/Content/images/boitmal/produit/zoom/2407C0B243EDC98A7CF85EB6C2B2417D.jpg,,/product/pensos-peles-sensiveis-xl/5604260308668
43939,Pensos proteção calos,5604260302864,11400,10076,embalagem com 9 unidades,PorSi,,"0,79€/Unidade","0,79€",https://cdn.intermarche.pt/pt/Content/images/boitmal/produit/zoom/CE2F105ACBDBD487E0A5277937AB3CC5.jpg,,/product/pensos-protecao-calos/5604260302864
4497,"Pensos, 20 unidades",4005800174872,11400,10076,1 embalagem,Hansaplast,,"1,99€/Unidade","1,99€",https://cdn.intermarche.pt/pt/Content/images/boitmal/produit/zoom/D0CC07045E2C92994FA51F8F5D096F73.jpg,,/product/pensos-20-unidades/4005800174872
45665,Pensos térmicos alívio da dor muscular 13x10cm,5604260308682,11400,10076,Embalagem de 2 unidades,PorSi,,"4,24€/Unidade","4,24€",https://cdn.intermarche.pt/pt/Content/images/boitmal/produit/zoom/D0976F957BBF8F3D785A83204C2A604A.jpg,,/product/pensos-termicos-alivio-da-dor-muscular-13x10cm/5604260308682
45666,Banda térmica alivio dor muscular 29x9cm,5604260308699,11400,10076,Embalagem de 2 unidades,PorSi,,"8,99€/Unidade","8,99€",https://cdn.intermarche.pt/pt/Content/images/boitmal/produit/zoom/1EFDE9816E16DA51636B9C7A8E471BB8.jpg,,/product/banda-termica-alivio-dor-muscular-29x9cm/5604260308699
46790,kit primeiros socorros,5604260316878,11400,10076,1 unidade,PorSi,,"8,99€/Unidade","8,99€",https://cdn.intermarche.pt/pt/Content/images/boitmal/produit/zoom/5D3B5687F16792CE4FDCC21693E450C4.jpg,,/product/kit-primeiros-socorros/5604260316878
47838,"Bolas de algodão, cores, com 100 unidades",5604260320097,11400,10076,1 embalagem,PorSi,,"0,79€/Unidade","0,79€",https://cdn.intermarche.pt/pt/Content/images/boitmal/produit/zoom/C227CD0628709442C5B5CD260B6DE916.jpg,,/product/bolas-de-algodao-cores-com-100-unidades/5604260320097
51854,"Pensos de feridas extra power, 16 unidades",4005800013935,11400,10076,,Hansaplast,,"2,79€/Unidade","2,79€",https://cdn.intermarche.pt/pt/Content/images/boitmal/produit/zoom/6D79B0D396F555C6722DA8C3F35492AD.jpg,,/product/pensos-de-feridas-extra-power-16-unidades/4005800013935
8790,Mala primeiros socorros,5601233846004,11400,10076,1 unidade,Hidro,,"14,99€/Unidade","14,99€",https://cdn.intermarche.pt/pt/Content/images/boitmal/produit/zoom/0AD8365C3A3ED4415AE89AC7015795D6.jpg,,/product/mala-primeiros-socorros/5601233846004
46952,Álcool Etílico Sanitário,5604260316021,11401,10076,200 ml,PorSi,,"4,95€/L","0,99€",https://cdn.intermarche.pt/pt/Content/images/boitmal/produit/zoom/E3B38123F5A3FD86198CBF42328D671C.jpg,,/product/alcool-etilico-sanitario/5604260316021
46291,Desinfetante álcool gel spray,5604260315727,11401,10076,100 ml,PorSi,,"12,90€/L","1,29€",https://cdn.intermarche.pt/pt/Content/images/boitmal/produit/zoom/FE9416D75FDB6087A92D45DA410A4765.jpg,,/product/desinfetante-alcool-gel-spray/5604260315727
43034,Desinfetante de frutas e vegetais,5600114173840,11401,10076,500 ml,Clean Essence,,"9,98€/L","4,99€",https://cdn.intermarche.pt/pt/Content/images/boitmal/produit/zoom/DEC00FE09F299277E912BF1FE049E46F.jpg,,/product/desinfetante-de-frutas-e-vegetais/5600114173840
38345,Baton cieiro clássico,5604260278206,11402,10076,Pack 2 unidades,PorSi,,"1,19€/Unidade","1,19€",https://cdn.intermarche.pt/pt/Content/images/boitmal/produit/zoom/3B7A434D2F37E1149F1A7B455D9D234B.jpg,,/product/baton-cieiro-classico/5604260278206
51243,Batom Hidratante Ingredientes Naturais,5604260326259,11402,10076,1 unidade,PorSi,,"1,49€/Unidade","1,49€",https://cdn.intermarche.pt/pt/Content/images/boitmal/produit/zoom/9E5B1D8E477366BC1A06CEB77EE9FAA4.jpg,,/product/batom-hidratante-ingredientes-naturais/5604260326259
45667,Baton hidratante pearl shine,5604260308705,11402,10076,Embalagem de 2 unidades,PorSi,,"1,39€/Unidade","1,39€",https://cdn.intermarche.pt/pt/Content/images/boitmal/produit/zoom/BB65062CBEF5B3204AA56555A6995870.jpg,,/product/baton-hidratante-pearl-shine/5604260308705
51170,Bálsamo de Lábios Dress Nude,4005900780195,11402,10076,5.5 ml,Labello,,"8,49€/Unidade","8,49€",https://cdn.intermarche.pt/pt/Content/images/boitmal/produit/zoom/B6167EAE4344C0E93B4A321978E6B8ED.jpg,,/product/balsamo-de-labios-dress-nude/4005900780195
51242,Batom Sun Protect FPS30,5604260326266,11402,10076,1 unidade,PorSi,,"0,99€/Unidade","0,99€",https://cdn.intermarche.pt/pt/Content/images/boitmal/produit/zoom/AE11750702DBDE6B49910C5716DC1771.jpg,,/product/batom-sun-protect-fps30/5604260326266
53814,Baton do Cieiro Black Berry Shine,4006000005850,11402,10076,Embalagem de 1 un.,Labello,,"3,49€/Unidade","3,49€",https://cdn.intermarche.pt/pt/Content/images/boitmal/produit/zoom/A6807492B82B32ED517FF8614BFD108F.jpg,,/product/baton-do-cieiro-black-berry-shine/4006000005850
51171,Bálsamo de Lábios Glossy Shine,4005900780188,11402,10076,5.5 ml,Labello,,"8,49€/Unidade","8,49€",https://cdn.intermarche.pt/pt/Content/images/boitmal/produit/zoom/E32D833CEECE5A66C542C82C825641B8.jpg,,/product/balsamo-de-labios-glossy-shine/4005900780188
53810,Batom do Cieiro Morango,4005800324345,11402,10076,Embalagem de 1 un.,Labello,,"3,49€/Unidade","3,49€",https://cdn.intermarche.pt/pt/Content/images/boitmal/produit/zoom/2A45806199C29D3738F43C230C68559F.jpg,,/product/batom-do-cieiro-morango/4005800324345
48183,Cotonetes 100% biodegradáveis,5604260320080,11778,10076,Embalagem de 200 unidades,PorSi,,"0,59€/Unidade","0,59€",https://cdn.intermarche.pt/pt/Content/images/boitmal/produit/zoom/5137A7E8BF4473B8FB5B01F5915F8F51.jpg,,/product/cotonetes-100%25-biodegradaveis/5604260320080
46801,Cotonetes para bebé,5604260316601,11778,10076,Embalagem com 60 unidades,PorSi,,"0,59€/Unidade","0,59€",https://cdn.intermarche.pt/pt/Content/images/boitmal/produit/zoom/A72EF72FBF0A04DB43892319090877DF.jpg,,/product/cotonetes-para-bebe/5604260316601
9409,Soro fisiológico,5604260044900,11778,10076,Embalagem de 60 ml,PorSi,,"8,17€/L","0,49€",https://cdn.intermarche.pt/pt/Content/images/boitmal/produit/zoom/9FBE462F3E8BA899966C514957D51D38.jpg,,/product/soro-fisiologico/5604260044900
12092,Soro fisiológico,5604260264209,11778,10076,Embalagem de 100 ml,PorSi,,"5,90€/L","0,59€",https://cdn.intermarche.pt/pt/Content/images/boitmal/produit/zoom/51D3705359CBE92E7B9F5D52A96EF74D.jpg,,/product/soro-fisiologico/5604260264209
3709,"Protecções auditivas, 2 unidades",3160928506200,11778,10076,,Mercurochr,,"4,49€/Unidade","4,49€",https://cdn.intermarche.pt/pt/Content/images/boitmal/produit/zoom/D42C66C11FD189751394671930CE8B1E.jpg,,/product/proteccoes-auditivas-2-unidades/3160928506200
8701,"Cotonetes, 200 unidades",5601182162002,11778,10076,Uma embalagem,Johnson's Baby,,"2,69€/Unidade","2,69€",https://cdn.intermarche.pt/pt/Content/images/boitmal/produit/zoom/CB12C5CE2CA1819A5BA01D62483B0386.jpg,,/product/cotonetes-200-unidades/5601182162002
15869,12 Preservativos Adapta Finíssimo XL,8411134117335,11779,10076,,Control,,"9,99€/Unidade","9,99€",https://cdn.intermarche.pt/pt/Content/images/boitmal/produit/zoom/48C8C09DD497FC163126603AB206EE9B.jpg,,/product/12-preservativos-adapta-finissimo-xl/8411134117335
12426,12 Preservativos Adapta Finíssimo,8411134112804,11779,10076,,Control,,"9,99€/Unidade","9,99€",https://cdn.intermarche.pt/pt/Content/images/boitmal/produit/zoom/B91BAE1077CB2520CD7FFEBB885B9986.jpg,,/product/12-preservativos-adapta-finissimo/8411134112804
52323,Preservativos Fussion,8852961021837,11779,10076,Embalagem de 6 unidades,Control,,"5,99€/Unidade","5,99€",https://cdn.intermarche.pt/pt/Content/images/boitmal/produit/zoom/B721775CDC96159798B8A0236EBF29E5.jpg,,/product/preservativos-fussion/8852961021837
6535,6 Preservativos Adapta Senso,8411134100764,11779,10076,,Control,,"5,99€/Unidade","5,99€",https://cdn.intermarche.pt/pt/Content/images/boitmal/produit/zoom/DC0D4681173A103E4475E97113B35EF1.jpg,,/product/6-preservativos-adapta-senso/8411134100764
10352,12 Preservativos Adapta Non Stop,8411134108029,11779,10076,,Control,,"9,99€/Unidade","9,99€",https://cdn.intermarche.pt/pt/Content/images/boitmal/produit/zoom/F39405203FB8D1A525A884B6ECDF91D3.jpg,,/product/12-preservativos-adapta-non-stop/8411134108029
42058,"Preservativo real feel, 12 unidades",8428076000458,11779,10076,,Durex,,"9,99€/Unidade","9,99€",https://cdn.intermarche.pt/pt/Content/images/boitmal/produit/zoom/F9F3852FEFA032EF70085A3A842373F2.jpg,,/product/preservativo-real-feel-12-unidades/8428076000458
48241,"Preservativos Touch & Feel, 6 unidades",8411134120113,11779,10076,,Control,,"5,99€/Unidade","5,99€",https://cdn.intermarche.pt/pt/Content/images/boitmal/produit/zoom/62908335709D4677A26C9465D951A1FC.jpg,,/product/preservativos-touch-&-feel-6-unidades/8411134120113
52555,"Preservativos Extra Seguro, 12 unidades",8428076000557,11779,10076,,Durex,,"7,99€/Unidade","7,99€",https://cdn.intermarche.pt/pt/Content/images/boitmal/produit/zoom/979490A8820D15393EA50882E40926C9.jpg,,/product/preservativos-extra-seguro-12-unidades/8428076000557
52557,"Gel Lubrificante Massage 2in1 Guaraná Estimulante, 200ml",5038483957431,11779,10076,,Durex,,"74,95€/L","14,99€",https://cdn.intermarche.pt/pt/Content/images/boitmal/produit/zoom/3737A92BEB087E2008CA49F4F6A1C772.jpg,,/product/gel-lubrificante-massage-2in1-guarana-estimulante-200ml/5038483957431
10353,10 Preservativos Easy Way Nature,8411134124111,11779,10076,,Control,,"9,99€/Unidade","9,99€",https://cdn.intermarche.pt/pt/Content/images/boitmal/produit/zoom/1A377B891AF6FCB424149F15BFAE8D24.jpg,,/product/10-preservativos-easy-way-nature/8411134124111
15870,10 Preservativos Easy Way Finissímos,8411134126917,11779,10076,,Control,,"9,99€/Unidade","9,99€",https://cdn.intermarche.pt/pt/Content/images/boitmal/produit/zoom/D7C61942295A3C2F7051606F4ECC1A24.jpg,,/product/10-preservativos-easy-way-finissimos/8411134126917
18145,"Preservativos Adapta Touch & Feel, 12 unidades",8411134104304,11779,10076,,Control,,"9,99€/Unidade","9,99€",https://cdn.intermarche.pt/pt/Content/images/boitmal/produit/zoom/C6EDD4503BB9DC1753D1F9BA6698202F.jpg,,/product/preservativos-adapta-touch-&-feel-12-unidades/8411134104304
18153,Gel Lubrificante natural play,5052197040364,11779,10076,Embalagem de 50 ml,Durex,,"199,80€/L","9,99€",https://cdn.intermarche.pt/pt/Content/images/boitmal/produit/zoom/01838F0DC05646074AC130096C5D1B16.jpg,,/product/gel-lubrificante-natural-play/5052197040364
18154,Gel Lubrificante Play Calor,5052197040425,11779,10076,Embalagem de 50 ml,Durex,,"199,80€/L","9,99€",https://cdn.intermarche.pt/pt/Content/images/boitmal/produit/zoom/6320466F0F99FF459159B99A10456FD1.jpg,,/product/gel-lubrificante-play-calor/5052197040425
18677,Gel Play Morango,5052197040548,11779,10076,Embalagem de 50 ml,Durex,,"199,80€/L","9,99€",https://cdn.intermarche.pt/pt/Content/images/boitmal/produit/zoom/BECFD0A8D7A7B6D22E0ADD7B7DDB8DD8.jpg,,/product/gel-play-morango/5052197040548
41827,Gel lubrificante íntimo 100% natural,8410104892258,11779,10076,embalagem de 100 ml,Durex,,"179,90€/L","17,99€",https://cdn.intermarche.pt/pt/Content/images/boitmal/produit/zoom/7A68B1EC5DD2205F8E3ABFCE7AEC1402.jpg,,/product/gel-lubrificante-intimo-100%25-natural/8410104892258
42057,Preservativo prazer prolongado,8428076000489,11779,10076,Embalagem de 12 unidades,Durex,,"9,99€/Unidade","9,99€",https://cdn.intermarche.pt/pt/Content/images/boitmal/produit/zoom/1BAC0C2D83CE4B548D7AC51899A06418.jpg,,/product/preservativo-prazer-prolongado/8428076000489
42059,"Preservativo sensitivo suave, 12 unidades",8428076000533,11779,10076,,Durex,,"8,99€/Unidade","8,99€",https://cdn.intermarche.pt/pt/Content/images/boitmal/produit/zoom/D2A75ADB2BA8598D4847A3EFC4E5C4D2.jpg,,/product/preservativo-sensitivo-suave-12-unidades/8428076000533
42060,"Preservativo mutual climax, 12 unidades",8428076000441,11779,10076,,Durex,,"9,99€/Unidade","9,99€",https://cdn.intermarche.pt/pt/Content/images/boitmal/produit/zoom/F2D2C51668399058B749EEDB244AFAD5.jpg,,/product/preservativo-mutual-climax-12-unidades/8428076000441
46958,Preservativo sensibilidade total,8428076000502,11779,10076,12 unidades,Durex,,"9,99€/Unidade","9,99€",https://cdn.intermarche.pt/pt/Content/images/boitmal/produit/zoom/7FDF3FB0EBEE0714A78632FF66340AC1.jpg,,/product/preservativo-sensibilidade-total/8428076000502
46959,"Preservativos Intense Orgasmic, 12 unidades",8428076000496,11779,10076,,Durex,,"9,99€/Unidade","9,99€",https://cdn.intermarche.pt/pt/Content/images/boitmal/produit/zoom/CBE4ED203A9971F68A004EB01B04ADCF.jpg,,/product/preservativos-intense-orgasmic-12-unidades/8428076000496
52553,Preservativos Naturals,8428076002780,11779,10076,Embalagem de 10 unidades,Durex,,"11,99€/Unidade","11,99€",https://cdn.intermarche.pt/pt/Content/images/boitmal/produit/zoom/156887933FB0BBDC5AC5C9F6D5DF17F6.jpg,,/product/preservativos-naturals/8428076002780
52554,"Lubrificante Naturals Extra Sensitive, 100ml",8410104892333,11779,10076,,Durex,,"125,90€/L","12,59€",https://cdn.intermarche.pt/pt/Content/images/boitmal/produit/zoom/D0747DC347F8CB483C42B291B08DCB32.jpg,,/product/lubrificante-naturals-extra-sensitive-100ml/8410104892333
52556,"Preservativos Natural XL, 12 unidades",8428076000724,11779,10076,,Durex,,"7,99€/Unidade","7,99€",https://cdn.intermarche.pt/pt/Content/images/boitmal/produit/zoom/6841522C0D62B4FF1BCC0E19F1C47C8C.jpg,,/product/preservativos-natural-xl-12-unidades/8428076000724
52558,"Preservativos Taste me Fruity, 12 unidades",8428076000731,11779,10076,,Durex,,"9,99€/Unidade","9,99€",https://cdn.intermarche.pt/pt/Content/images/boitmal/produit/zoom/32B9EBB0EDC790DD2CFE4B938B1041D4.jpg,,/product/preservativos-taste-me-fruity-12-unidades/8428076000731
52561,"Preservativos Sem Látex, 12 unidades",8428076000403,11779,10076,,Durex,,"9,99€/Unidade","9,99€",https://cdn.intermarche.pt/pt/Content/images/boitmal/produit/zoom/4CDF7EB414EAB50A3B0F55055153333F.jpg,,/product/preservativos-sem-latex-12-unidades/8428076000403
52562,"Preservativos Invisible XL, 10 unidades",8428076003336,11779,10076,,Durex,,"9,99€/Unidade","9,99€",https://cdn.intermarche.pt/pt/Content/images/boitmal/produit/zoom/E3D1007A6FA6C3A2368EE1B8AE3AE6AF.jpg,,/product/preservativos-invisible-xl-10-unidades/8428076003336
53757,Gel Lubrificante Calor + Gel Lubrificante Frescor,8428076006818,11779,10076,Embalagem de 100ml,Durex,,"159,90€/L","15,99€",https://cdn.intermarche.pt/pt/Content/images/boitmal/produit/zoom/1992AC0F86EE328E8D9D988C111450AD.jpg,,/product/gel-lubrificante-calor-+-gel-lubrificante-frescor/8428076006818
6534,12 Preservativos Adapta Nature,8411134100757,11779,10076,,Control,,"7,99€/Unidade","7,99€",https://cdn.intermarche.pt/pt/Content/images/boitmal/produit/zoom/52A6B27093122B9DA7C38472B2A69000.jpg,,/product/12-preservativos-adapta-nature/8411134100757
6536,6 Preservativos Adapta  Retard,8411134100771,11779,10076,,Control,,"5,99€/Unidade","5,99€",https://cdn.intermarche.pt/pt/Content/images/boitmal/produit/zoom/F34EB91AB606DD8088B0ADD17B7F5860.jpg,,/product/6-preservativos-adapta-retard/8411134100771
10351,6 Preservativos Adapta Nature,8411134103338,11779,10076,,Control,,"4,49€/Unidade","4,49€",https://cdn.intermarche.pt/pt/Content/images/boitmal/produit/zoom/AA1589B4885D56D6E675A34B47F3AFEE.jpg,,/product/6-preservativos-adapta-nature/8411134103338
35412,Gel lubrificante warm touch,8058664099818,11779,10076,75 ml,Control,,"126,53€/L","9,49€",https://cdn.intermarche.pt/pt/Content/images/boitmal/produit/zoom/A9F8263F283776B282E2A72A40F17F13.jpg,,/product/gel-lubrificante-warm-touch/8058664099818
35673,Gel lubrificante nature,8058664099511,11779,10076,75 ml,Control,,"126,53€/L","9,49€",https://cdn.intermarche.pt/pt/Content/images/boitmal/produit/zoom/6FD60BC50CDE6DE015498AB97EF5F634.jpg,,/product/gel-lubrificante-nature/8058664099511
46334,"Preservativo nutural classic, 6 unidades",8428076000618,11779,10076,,Durex,,"3,79€/Unidade","3,79€",https://cdn.intermarche.pt/pt/Content/images/boitmal/produit/zoom/8899CC265F929B295AB75ED4F5E83ACC.jpg,,/product/preservativo-nutural-classic-6-unidades/8428076000618
52559,"Lubrificante Perfect Connection, 50ml",8428076000014,11779,10076,,Durex,,"219,80€/L","10,99€",https://cdn.intermarche.pt/pt/Content/images/boitmal/produit/zoom/45826244C91F3D04606634999B25DB65.jpg,,/product/lubrificante-perfect-connection-50ml/8428076000014
53665,Gel Lubrificante Play Cherry,5052197040517,11779,10076,Embalagem de 50ml,Durex,,"199,80€/L","9,99€",https://cdn.intermarche.pt/pt/Content/images/boitmal/produit/zoom/1FAF2D8F6A1FB52445E1FEC688E8B9C0.jpg,,/product/gel-lubrificante-play-cherry/5052197040517
46715,Papel higiénico branco folha quadrupla,5604260318759,11780,10080,12 rolos,PorSi,,"5,03€/Unidade","5,03€",https://cdn.intermarche.pt/pt/Content/images/boitmal/produit/zoom/078F78E1A23E8150050FA2F61B744BD8.jpg,2024-10-04T22:59:59.999Z,/product/papel-higienico-branco-folha-quadrupla/5604260318759
10280,Papel Higiénico Compacto Ultra Suave XXL,8410469002781,11780,10080,12 rolos,Colhogar,,"5,74€/Unidade","5,74€",https://cdn.intermarche.pt/pt/Content/images/boitmal/produit/zoom/30179BA84D6B6F4E974659F949EB4EB0.jpg,2024-09-25T22:59:59.999Z,/product/papel-higienico-compacto-ultra-suave-xxl/8410469002781
5032,Papel Higiénico Super Folha Dupla,5601028009164,11780,10080,Embalagem 48 Unidades,Renova,,"9,49€/Unidade","9,49€",https://cdn.intermarche.pt/pt/Content/images/boitmal/produit/zoom/34A331066A2512C91E6937C60FA71D1B.jpg,2024-09-25T22:59:59.999Z,/product/papel-higienico-super-folha-dupla/5601028009164
51184,"Papel Higiénico 3 Folhas Protect Rosa, 12 rolos",7322540671391,11780,10080,,Colhogar,,"5,96€/Unidade","5,96€",https://cdn.intermarche.pt/pt/Content/images/boitmal/produit/zoom/BC1531C919142A4603972A46617C7C03.jpg,2024-09-25T22:59:59.999Z,/product/papel-higienico-3-folhas-protect-rosa-12-rolos/7322540671391
46714,Papel higiénico branco folha tripla,5604260318742,11780,10080,12 rolos,PorSi,,"3,99€/Unidade","3,99€",https://cdn.intermarche.pt/pt/Content/images/boitmal/produit/zoom/4117CB72E2310914A1F7B260DFCFFD79.jpg,,/product/papel-higienico-branco-folha-tripla/5604260318742
11469,"Papel higiénico compacto, folha dupla",5601028016681,11780,10080,4 = 12 rolos,Renova,,"2,49€/Unidade","2,49€",https://cdn.intermarche.pt/pt/Content/images/boitmal/produit/zoom/833BBD2F004421BEB7D3758CD6F84330.jpg,,/product/papel-higienico-compacto-folha-dupla/5601028016681
36522,Papel higiénico macio absorvente,5604260292042,11780,10080,12 rolos,PorSi,,"2,59€/Unidade","2,59€",https://cdn.intermarche.pt/pt/Content/images/boitmal/produit/zoom/839473679F0155D9469467503CB1B3E6.jpg,,/product/papel-higienico-macio-absorvente/5604260292042
17112,Papel higiénico compacto,5604260319589,11780,10080,24 rolos,PorSi,,"8,99€/Unidade","8,99€",https://cdn.intermarche.pt/pt/Content/images/boitmal/produit/zoom/081DA6C349ABA9047B22FD056D691817.jpg,,/product/papel-higienico-compacto/5604260319589
46788,Papel higiénico acolchoado folha tripla,5604260319596,11780,10080,Embalagem de 9 rolos,PorSi,,"4,49€/Unidade","4,49€",https://cdn.intermarche.pt/pt/Content/images/boitmal/produit/zoom/1595B3F5ACD20EC31DFF7BD025C5EC9D.jpg,,/product/papel-higienico-acolchoado-folha-tripla/5604260319596
34385,Papel higiénico reciclado 2 folhas,5604260285754,11780,10080,12 rolos,PorSi,,"2,39€/Unidade","2,39€",https://cdn.intermarche.pt/pt/Content/images/boitmal/produit/zoom/72941FE987ADE69A0F98448B6C07191D.jpg,,/product/papel-higienico-reciclado-2-folhas/5604260285754
35046,Papel higiénico 2 folhas,5604260285747,11780,10080,32 rolos,PorSi,,"6,29€/Unidade","6,29€",https://cdn.intermarche.pt/pt/Content/images/boitmal/produit/zoom/CBA469D28E1C60ED4E83C75A4EFB29F4.jpg,,/product/papel-higienico-2-folhas/5604260285747
48893,Papel higiénico ultra compact 2 folhas,5604260318735,11780,10080,Embalagem de 4 unidades,PorSi,,"2,39€/Unidade","2,39€",https://cdn.intermarche.pt/pt/Content/images/boitmal/produit/zoom/807FCC7AB0CE4041764D1FD078975D9D.jpg,,/product/papel-higienico-ultra-compact-2-folhas/5604260318735
5031,Papel Higiénico Deco |4 Folhas,5601028008778,11780,10080,Embalagem 12 Rolos,Renova,,"5,99€/Unidade","5,99€",https://cdn.intermarche.pt/pt/Content/images/boitmal/produit/zoom/B70E662FFAB7738B3A9B393407A26FB2.jpg,,/product/papel-higienico-deco-|4-folhas/5601028008778
5036,"Papel higiénico compacto, extra xxl, 6 rolos",5601028012164,11780,10080,Uma embalagem,Renova,,"3,99€/Unidade","3,99€",https://cdn.intermarche.pt/pt/Content/images/boitmal/produit/zoom/8F382E3E2F2F16BB4FB1E6B90307BF71.jpg,,/product/papel-higienico-compacto-extra-xxl-6-rolos/5601028012164
9541,"Papel higiénico branco, compacto, folha dupla, 12 rolos",5604260167012,11780,10080,Uma embalagem,PorSi,,"4,48€/Unidade","4,48€",https://cdn.intermarche.pt/pt/Content/images/boitmal/produit/zoom/30A94F0B9E26D7AEED763B19BE83B9B6.jpg,,/product/papel-higienico-branco-compacto-folha-dupla-12-rolos/5604260167012
19414,"Papel Higiénico Puríssimo 3 Folhas, embalagem c/ 12 rolos",5601028024716,11780,10080,,Renova,,"4,99€/Unidade","4,99€",https://cdn.intermarche.pt/pt/Content/images/boitmal/produit/zoom/6242763EE156B95E7FFD25754BFAE64B.jpg,,/product/papel-higienico-purissimo-3-folhas-embalagem-c-ou-12-rolos/5601028024716
35299,Papel higiénico branco 2 folhas,5604260285730,11780,10080,48 rolos,PorSi,,"8,99€/Unidade","8,99€",https://cdn.intermarche.pt/pt/Content/images/boitmal/produit/zoom/69333B7AB735490D200A0253D81E0047.jpg,,/product/papel-higienico-branco-2-folhas/5604260285730
35824,Papel higiénico compacto 2 folhas,5604260292158,11780,10080,18 = 36 Rolos,PorSi,,"6,79€/Unidade","6,79€",https://cdn.intermarche.pt/pt/Content/images/boitmal/produit/zoom/4CBE5DABC3162BCA360BF7D63FA59394.jpg,,/product/papel-higienico-compacto-2-folhas/5604260292158
36784,Rolo de cozinha branco folha dupla,5604260292011,11780,10080,8 rolos,PorSi,,"3,69€/Unidade","3,69€",https://cdn.intermarche.pt/pt/Content/images/boitmal/produit/zoom/35B398E129DF224E6C598BEBEE064C94.jpg,,/product/rolo-de-cozinha-branco-folha-dupla/5604260292011
46882,Papel higiénico 3 folhas perfumado,5604260319824,11780,10080,Embalagem de 12 unidades,PorSi,,"4,69€/Unidade","4,69€",https://cdn.intermarche.pt/pt/Content/images/boitmal/produit/zoom/68B9050B69E06E930FC8682E67BB0624.jpg,,/product/papel-higienico-3-folhas-perfumado/5604260319824
5029,"Papel higiénico super, folha dupla, 24 rolos",5601028006392,11780,10080,Uma embalagem,Renova,,"6,89€/Unidade","6,89€",https://cdn.intermarche.pt/pt/Content/images/boitmal/produit/zoom/BFA5F98895AD97A0C63C2EDD1896E69F.jpg,,/product/papel-higienico-super-folha-dupla-24-rolos/5601028006392
26165,Papel Higiénico Gigante,5029053566122,11780,10080,18 Rolos = 54 Rolos,Scottex,,"11,99€/Unidade","11,99€",https://cdn.intermarche.pt/pt/Content/images/boitmal/produit/zoom/B9EFFCCC399CF59CCC81A462AE061D6E.jpg,,/product/papel-higienico-gigante/5029053566122
41614,Papel higiénico ultrafort 4 folhas,5601028028646,11780,10080,4 rolos,Renova,,"2,59€/Unidade","2,59€",https://cdn.intermarche.pt/pt/Content/images/boitmal/produit/zoom/F0E53DE69D79205E97F3960C01FE9143.jpg,,/product/papel-higienico-ultrafort-4-folhas/5601028028646
8315,"Papel higiénico, compacto, extra xxl, folha dupla, 24 unidades",5601028013307,11780,10080,1 embalagem,Renova,,"12,99€/Unidade","12,99€",https://cdn.intermarche.pt/pt/Content/images/boitmal/produit/zoom/E547A0A76698EB9D1E248C6C0C9D74B9.jpg,,/product/papel-higienico-compacto-extra-xxl-folha-dupla-24-unidades/5601028013307
22936,"Papel higiénico acolchoado sensitive 3 folhas, 6 rolos",5029053562094,11780,10080,,Scottex,,"3,99€/Unidade","3,99€",https://cdn.intermarche.pt/pt/Content/images/boitmal/produit/zoom/B93E5A87A9E75E5D418C91A3ED363CDE.jpg,,/product/papel-higienico-acolchoado-sensitive-3-folhas-6-rolos/5029053562094
44417,Papel higiénico ecológico 100% reciclado,5604260314096,11780,10080,2 folhas |  6 rolos,PorSi,,"2,99€/Unidade","2,99€",https://cdn.intermarche.pt/pt/Content/images/boitmal/produit/zoom/A765122145740493A45EF0A8931C47A4.jpg,,/product/papel-higienico-ecologico-100%25-reciclado/5604260314096
5026,"Papel higiénico, creme, com 4 folhas, 12 rolos",5601028005876,11780,10080,1 embalagem,Renova,,"5,99€/Unidade","5,99€",https://cdn.intermarche.pt/pt/Content/images/boitmal/produit/zoom/250326A47EA115DC348D86301632DE35.jpg,,/product/papel-higienico-creme-com-4-folhas-12-rolos/5601028005876
53470,"Papel Higiénico Húmido, 60 unidades",5601028031288,11780,10080,,Renova,,"1,99€/Unidade","1,99€",https://cdn.intermarche.pt/pt/Content/images/boitmal/produit/zoom/192228B2A64B188FA86524E5250CDF11.jpg,,/product/papel-higienico-humido-60-unidades/5601028031288
52730,"Papel Higiénico Megarolo, 18 rolos",5029053582955,11780,10080,,Scottex,,"9,99€/Unidade","9,99€",https://cdn.intermarche.pt/pt/Content/images/boitmal/produit/zoom/7456EC2FFC253DF595AD3812F3986609.jpg,,/product/papel-higienico-megarolo-18-rolos/5029053582955
53361,Papel Higienico Sensitive 18 rolos,5029053580753,11780,10080,,Scottex,,"11,99€/Unidade","11,99€",https://cdn.intermarche.pt/pt/Content/images/boitmal/produit/zoom/449A7C060AED192A33CF62B9797621C7.jpg,,/product/papel-higienico-sensitive-18-rolos/5029053580753
53464,Papel Higiénico 2 Folhas Super,5601028000260,11780,10080,Embalagem de 12 unidades,Renova,,"3,99€/Unidade","3,99€",https://cdn.intermarche.pt/pt/Content/images/boitmal/produit/zoom/DE43A3D8443EF0790891B0873811ACA5.jpg,,/product/papel-higienico-2-folhas-super/5601028000260
