Product ID,Title,EAN,Family ID,Department ID,Packaging,Brand,Category,Price,Price Per Unit,Image URL,Promo End,Product URL
29700,Salsicha p/Churrasco XL,5605564000074,11561,11550,1 Embalagem 360G,Carne Sorraia,,"2,69€/Unidade","2,69€",https://cdn.intermarche.pt/pt/Content/images/boitmal/produit/zoom/54454A9168E42EBB4FE912EB5FF8CFED.jpg,,/product/salsicha-p-ou-churrasco-xl/5605564000074
29630,Salsicha p/Churrasco Picante,5605564000081,11561,11550,1 Embalagem 360G,Carne Sorraia,,"7,47€/Kg","2,69€",https://cdn.intermarche.pt/pt/Content/images/boitmal/produit/zoom/55A5A4E62A6CCA888686A5B368C61444.jpg,,/product/salsicha-p-ou-churrasco-picante/5605564000081
48174,Salsichas de churrasco c/ queijo,5604260322206,11561,11550,Embalagem de 250g,PorSi,,"7,96€/Kg","1,99€",https://cdn.intermarche.pt/pt/Content/images/boitmal/produit/zoom/C8C363CCBA437B1639CEDA7D3C6A253A.jpg,,/product/salsichas-de-churrasco-c-ou-queijo/5604260322206
48175,Salsichas de churrasco c/ presunto,5604260322213,11561,11550,Embalagem de 250g,PorSi,,"9,16€/Kg","2,29€",https://cdn.intermarche.pt/pt/Content/images/boitmal/produit/zoom/145C0BE604435FE29D7599FFC71C61A2.jpg,,/product/salsichas-de-churrasco-c-ou-presunto/5604260322213
5840,Salsichas churrasco picantes,5604260318865,11561,11550,Embalagem de 250g,PorSi,,"7,96€/Kg","1,99€",https://cdn.intermarche.pt/pt/Content/images/boitmal/produit/zoom/2D17BDCE91682B0A57872BB6776938BB.jpg,,/product/salsichas-churrasco-picantes/5604260318865
36694,Salsichas churrasco com ervas aromáticas,5604260318858,11561,11550,Embalagem de 250 g,PorSi,,"7,96€/Kg","1,99€",https://cdn.intermarche.pt/pt/Content/images/boitmal/produit/zoom/9D47A2518F6F955123D699AAD6ECC149.jpg,,/product/salsichas-churrasco-com-ervas-aromaticas/5604260318858
48196,Salsichas churrasco clássicas,5604260318841,11561,11550,Embalagem de 250 g,PorSi,,"7,96€/Kg","1,99€",https://cdn.intermarche.pt/pt/Content/images/boitmal/produit/zoom/D178C6DF89410BA67386226AB159EDA8.jpg,,/product/salsichas-churrasco-classicas/5604260318841
41095,Salmão Fumado da Escócia,5604260306459,11562,11550,Embalagem de 80 g,PorSi Select,,"43,63€/Kg","3,49€",https://cdn.intermarche.pt/pt/Content/images/boitmal/produit/zoom/B991B086F68BB414A1FD51317F667610.jpg,,/product/salmao-fumado-da-escocia/5604260306459
41096,Salmão Fumado da Escócia,5604260306466,11562,11550,Embalagem de 200 g,PorSi Select,,"43,45€/Kg","8,69€",https://cdn.intermarche.pt/pt/Content/images/boitmal/produit/zoom/60A62EFCC502E2151DD46E88B651B620.jpg,,/product/salmao-fumado-da-escocia/5604260306466
53092,"Fatiado Sabor a Peru, 100g",5202390028502,11562,11550,,Violife,,"29,90€/Kg","2,99€",https://cdn.intermarche.pt/pt/Content/images/boitmal/produit/zoom/9C611D261E13094F5141AACBA496CA37.jpg,,/product/fatiado-sabor-a-peru-100g/5202390028502
7058,Torresmos em barra,2894200000000,11562,11550,"Vendido ao peso, fatiado a partir de 100 gr",Primor,,"12,99€/Kg","1,30€",https://cdn.intermarche.pt/pt/Content/images/boitmal/produit/zoom/4863C9B2284B3B229A5223D16E86D2E7.jpg,,/product/torresmos-em-barra/2894200000000
45806,"Espadim Fumado, 110 g",5604260315192,11562,11550,,PorSi Select,,"45,36€/Kg","4,99€",https://cdn.intermarche.pt/pt/Content/images/boitmal/produit/zoom/033B19CF6CDBC47C50398B7A9D79ACE0.jpg,,/product/espadim-fumado-110-g/5604260315192
53093,"Fatiado Sabor a Fiambre, 100g",5202390028496,11562,11550,,Violife,,"29,90€/Kg","2,99€",https://cdn.intermarche.pt/pt/Content/images/boitmal/produit/zoom/08F563B33FC5E0232B272CB8C1270FCE.jpg,,/product/fatiado-sabor-a-fiambre-100g/5202390028496
13767,Pão Regional Rio Maior Inteiro,2696021000000,11566,11564,1 unidade= 900 g,Padaria,,"2,43€/Kg","2,19€",https://cdn.intermarche.pt/pt/Content/images/boitmal/produit/zoom/8473678282A715364C9199ED646B9AFC.jpg,,/product/pao-regional-rio-maior-inteiro/2696021000000
15245,Pão Forno Pedra Centeio,2696042000000,11566,11564,1 un = 400 g (aprox.),Garcia & Filhos,,"3,23€/Kg","1,29€",https://cdn.intermarche.pt/pt/Content/images/boitmal/produit/zoom/C1071B5A44CCC19C0666996C2C34069E.jpg,,/product/pao-forno-pedra-centeio/2696042000000
17430,Pão de Trigo da Benedita,2696318000000,11566,11564,500 g,Padaria,,"2,38€/Kg","1,19€",https://cdn.intermarche.pt/pt/Content/images/boitmal/produit/zoom/6A63783BD07721517E04DA6CF8FD94ED.jpg,,/product/pao-de-trigo-da-benedita/2696318000000
14858,Baguete,2696002000000,11566,11564,250 g,PorSi,,"1,76€/Kg","0,44€",https://cdn.intermarche.pt/pt/Content/images/boitmal/produit/zoom/8311AC325D7D7C5FB5753C9B337353B0.jpg,2024-09-25T22:59:59.999Z,/product/baguete/2696002000000
16593,Carcaça Forno de Pedra,2696081000000,11566,11564,1 un = 60 gr (aprox.),Padaria,,"4,00€/Kg","0,24€",https://cdn.intermarche.pt/pt/Content/images/boitmal/produit/zoom/B1CD30CEA45F091D5F9093675329BA5E.jpg,2024-09-25T22:59:59.999Z,/product/carcaca-forno-de-pedra/2696081000000
18757,Pão Forno Pedra Trigo,2696040000000,11566,11564,1 unidade = 400 gr,Garcia & Filhos,,"3,23€/Kg","1,29€",https://cdn.intermarche.pt/pt/Content/images/boitmal/produit/zoom/0E94A2D4B788599B641F04E34FA88852.jpg,,/product/pao-forno-pedra-trigo/2696040000000
14038,Bola mistura,2696013000000,11566,11564,1 unidade= 80 g,Padaria,,"2,25€/Kg","0,18€",https://cdn.intermarche.pt/pt/Content/images/boitmal/produit/zoom/9D6E30346316F689C4A5A61ADBADBAB3.jpg,,/product/bola-mistura/2696013000000
17953,Pão Procorn,2696425000000,11566,11564,1 unidade = 400 g,Garcia & Filhos,,"4,98€/Kg","1,99€",https://cdn.intermarche.pt/pt/Content/images/boitmal/produit/zoom/47090D88AB5B869A85EB657102B1E9EF.jpg,,/product/pao-procorn/2696425000000
251,Baguete,2696001000000,11566,11564,400 g,Padaria,,"2,23€/Kg","0,89€",https://cdn.intermarche.pt/pt/Content/images/boitmal/produit/zoom/872B1FA740AE707B5EB206709F5F94A0.jpg,,/product/baguete/2696001000000
13966,Pão Regional Rio Maior Inteiro,2696019000000,11566,11564,1 unidade= 450 g,Padaria,,"2,64€/Kg","1,19€",https://cdn.intermarche.pt/pt/Content/images/boitmal/produit/zoom/DCDBDD7ABCA77222995FAC9FB2CA51ED.jpg,,/product/pao-regional-rio-maior-inteiro/2696019000000
14861,Pão da Avó 90 g,2696026000000,11566,11564,,Padaria,,"3,11€/Kg","0,28€",https://cdn.intermarche.pt/pt/Content/images/boitmal/produit/zoom/181141F58BD1675F6CCB7D7436484D87.jpg,,/product/pao-da-avo-90-g/2696026000000
14862,Carcaça Rústica 70 g,2696029000000,11566,11564,,Padaria,,"2,57€/Kg","0,18€",https://cdn.intermarche.pt/pt/Content/images/boitmal/produit/zoom/7501756B5498BDF68A954DEA96B9AD1C.jpg,,/product/carcaca-rustica-70-g/2696029000000
14866,Pão Bijou 45 g,2696012000000,11566,11564,,Padaria,,"2,22€/Kg","0,10€",https://cdn.intermarche.pt/pt/Content/images/boitmal/produit/zoom/06F6A3E5F1DF42BB3619DFEC7C512DDF.jpg,,/product/pao-bijou-45-g/2696012000000
14881,Pão com Cereais 125 g,2696014000000,11566,11564,,Padaria,,"5,20€/Kg","0,65€",https://cdn.intermarche.pt/pt/Content/images/boitmal/produit/zoom/3E46132102A68494B2DAE5007E8ED21B.jpg,,/product/pao-com-cereais-125-g/2696014000000
16072,Carcaça de Cereais,2696083000000,11566,11564,,Panpor,,"4,68€/Kg","0,29€",https://cdn.intermarche.pt/pt/Content/images/boitmal/produit/zoom/24B9EFF7F23C59FBAE8065C61FFB4C7D.jpg,,/product/carcaca-de-cereais/2696083000000
29899,Bola Rústica,2696008000000,11566,11564,85 g,Padaria,,"0,25€/Unidade","0,25€",https://cdn.intermarche.pt/pt/Content/images/boitmal/produit/zoom/DCA7C0FA6B23BAB7806B1D133929F516.jpg,,/product/bola-rustica/2696008000000
30168,Cacetinho de Trigo,2696660000000,11566,11564,80 g,Padaria,,"2,63€/Kg","0,21€",https://cdn.intermarche.pt/pt/Content/images/boitmal/produit/zoom/061A32F66C5467484869F7F4ECEA0767.jpg,,/product/cacetinho-de-trigo/2696660000000
44104,Cacetinho de trigo integral,2696661000000,11566,11564,90 g,Padaria,,"2,33€/Kg","0,21€",https://cdn.intermarche.pt/pt/Content/images/boitmal/produit/zoom/DC4B31D5116A1A43F4BD72090A42EAD2.jpg,,/product/cacetinho-de-trigo-integral/2696661000000
43620,Pão Escuro de Rio Maior,2696665000000,11566,11564,1 unidade= 350 g,Padaria,,"3,40€/Kg","1,19€",https://cdn.intermarche.pt/pt/Content/images/boitmal/produit/zoom/810882A659EB4183B0D83423F0B4B1F6.jpg,,/product/pao-escuro-de-rio-maior/2696665000000
14037,Broa de Milho,2696020000000,11566,11564,1 unidade= 400 g,Padaria,,"2,85€/Kg","1,14€",https://cdn.intermarche.pt/pt/Content/images/boitmal/produit/zoom/120337CB594D9E26A316B7F6BA1B2531.jpg,,/product/broa-de-milho/2696020000000
14036,Carcaça de trigo,2696009000000,11566,11564,1 unidade= 55 g,Padaria,,"2,55€/Kg","0,14€",https://cdn.intermarche.pt/pt/Content/images/boitmal/produit/zoom/9BCC2A4A3A6FAADD68212B73951E6D8D.jpg,,/product/carcaca-de-trigo/2696009000000
21575,Pão com Chouriço,2696085000000,11566,11564,1 unidade = 110 gr,Padaria,,"2,23€/Kg","0,89€",https://cdn.intermarche.pt/pt/Content/images/boitmal/produit/zoom/673C28446F7F888A1D0D3823120949B6.jpg,,/product/pao-com-chourico/2696085000000
16592,Pão regional,2696080000000,11566,11564,1 unid =400 g,Padaria,,"2,23€/Kg","0,89€",https://cdn.intermarche.pt/pt/Content/images/boitmal/produit/zoom/444B2A740E593E2EFEEC850D1CBBBE57.jpg,,/product/pao-regional/2696080000000
20461,Pão de Trigo e Centeio,2696468000000,11566,11564,1 unidade= 75 g,Padaria,,"3,33€/Kg","0,25€",https://cdn.intermarche.pt/pt/Content/images/boitmal/produit/zoom/18DC704DEA30D0E534A86F130053AE4B.jpg,,/product/pao-de-trigo-e-centeio/2696468000000
16794,Pão Alongado de Cereais,2696064000000,11566,11564,1 unidade= 330 g,Padaria,,"5,42€/Kg","1,79€",https://cdn.intermarche.pt/pt/Content/images/boitmal/produit/zoom/4C424BC63A527AEE5AF8E4F27A885AC0.jpg,,/product/pao-alongado-de-cereais/2696064000000
13965,Pão Rústico com Malte,2696017000000,11566,11564,1 unidade= 100 g,Padaria,,"3,90€/Kg","0,39€",https://cdn.intermarche.pt/pt/Content/images/boitmal/produit/zoom/9FA490E45F1985F1908AD755006C3D8A.jpg,,/product/pao-rustico-com-malte/2696017000000
17950,Pão Centeio com Nozes,2696424000000,11566,11564,1 unidade= 400 g,Garcia & Filhos,,"4,98€/Kg","1,99€",https://cdn.intermarche.pt/pt/Content/images/boitmal/produit/zoom/4495BAC76A9C02CEB93950CB2D8EAC42.jpg,,/product/pao-centeio-com-nozes/2696424000000
45026,Pão mistura da Baviera,2696879000000,11566,11564,400 g,Padaria,,"2,48€/Kg","0,99€",https://cdn.intermarche.pt/pt/Content/images/boitmal/produit/zoom/F8CDC0AD047EC515A53FA4FE0F1AF2E3.jpg,,/product/pao-mistura-da-baviera/2696879000000
18024,"Baguete Constance Cereais, 250 g",2696283000000,11566,11564,,Pastelaria,,"3,96€/Kg","0,99€",https://cdn.intermarche.pt/pt/Content/images/boitmal/produit/zoom/685E2D57DF9ABD650B27DD54077FB84E.jpg,,/product/baguete-constance-cereais-250-g/2696283000000
18040,Cacete para Rabanadas 400g,2696067000000,11566,11564,,Padaria,,"2,73€/Kg","1,09€",https://cdn.intermarche.pt/pt/Content/images/boitmal/produit/zoom/BEB08040ED82D9C031AEF9A04B98E776.jpg,,/product/cacete-para-rabanadas-400g/2696067000000
44114,Baguette sandwich,2696785000000,11566,11564,113 g,Padaria,,"3,10€/Kg","0,35€",https://cdn.intermarche.pt/pt/Content/images/boitmal/produit/zoom/7D2C00ABF55D707D089A5255C6893F3B.jpg,,/product/baguette-sandwich/2696785000000
53919,"Baguete Constance, 250 g",2696282000000,11566,11564,,Pastelaria,,"3,16€/Kg","0,79€",https://cdn.intermarche.pt/pt/Content/images/boitmal/produit/zoom/0BA49B9462EB8B9EAD281953127E99E8.jpg,,/product/baguete-constance-250-g/2696282000000
18758,Pão com Leitão,2696221000000,11566,11564,1 unidade = 125 gr,Delifrance,,"63,92€/Kg","7,99€",https://cdn.intermarche.pt/pt/Content/images/boitmal/produit/zoom/B51AA0EED8DDE6D4570F6001E2ADD6E4.jpg,,/product/pao-com-leitao/2696221000000
44112,Pão de alfarroba,2696662000000,11566,11564,60 g,Padaria,,"4,50€/Kg","0,27€",https://cdn.intermarche.pt/pt/Content/images/boitmal/produit/zoom/5531FDF61814BEE39FA660C089367314.jpg,,/product/pao-de-alfarroba/2696662000000
17402,Pão forma familiar normal,8412600027233,11567,11564,embalagem de 700 g,Bimbo,,"2,84€/Kg","1,99€",https://cdn.intermarche.pt/pt/Content/images/boitmal/produit/zoom/DE8CCFFBC376CC9F4596A72F8ABC4CE5.jpg,2024-09-25T22:59:59.999Z,/product/pao-forma-familiar-normal/8412600027233
26047,Pão de forma s/ côdea,8412600070994,11567,11564,Embalagem de 650 g,Bimbo,,"3,22€/Kg","2,09€",https://cdn.intermarche.pt/pt/Content/images/boitmal/produit/zoom/998967574B383CCF8D49F03316F06108.jpg,2024-09-25T22:59:59.999Z,/product/pao-de-forma-s-ou-codea/8412600070994
52357,"Pão de Forma para Torradas, 820g",5604260329946,11567,11564,,PorSi,,"1,94€/Kg","1,59€",https://cdn.intermarche.pt/pt/Content/images/boitmal/produit/zoom/F766A2DCE875CF25DC4CA1EAA7B861E9.jpg,2024-10-04T22:59:59.999Z,/product/pao-de-forma-para-torradas-820g/5604260329946
31436,Pão de forma especial torradas,5607233508829,11567,11564,Embalagem de 750g,Panrico,,"2,39€/Kg","1,79€",https://cdn.intermarche.pt/pt/Content/images/boitmal/produit/zoom/163D5190B5E1BEF6E7B186160FF8F47E.jpg,2024-09-25T22:59:59.999Z,/product/pao-de-forma-especial-torradas/5607233508829
36263,Pão de forma integral,5601027973060,11567,11564,Embalagem de 480 g,Bimbo,,"3,83€/Kg","1,84€",https://cdn.intermarche.pt/pt/Content/images/boitmal/produit/zoom/706CDDCF91F9F779ABC5B2D4D8D2F75F.jpg,2024-09-25T22:59:59.999Z,/product/pao-de-forma-integral/5601027973060
37992,"Pão de forma sem côdea 10 cereais, embalagem 650 g",5601027943551,11567,11564,,Bimbo,,"3,52€/Kg","2,29€",https://cdn.intermarche.pt/pt/Content/images/boitmal/produit/zoom/E65A0CCDAE1A5FCAC2C1D9A9BA0AFBC6.jpg,2024-09-25T22:59:59.999Z,/product/pao-de-forma-sem-codea-10-cereais-embalagem-650-g/5601027943551
35983,Pão de forma torradas familiares,5601027972735,11567,11564,Embalagem de 700 g,Bimbo,,"2,84€/Kg","1,99€",https://cdn.intermarche.pt/pt/Content/images/boitmal/produit/zoom/235876653DE3C23FDDF51ADFA446C532.jpg,2024-09-25T22:59:59.999Z,/product/pao-de-forma-torradas-familiares/5601027972735
25906,"Pão de forma especial torradas s/ côdea, 650g",8412600071144,11567,11564,,Bimbo,,"3,22€/Kg","2,09€",https://cdn.intermarche.pt/pt/Content/images/boitmal/produit/zoom/FE072CBAE2B254D11818DC4B4A08F173.jpg,2024-09-25T22:59:59.999Z,/product/pao-de-forma-especial-torradas-s-ou-codea-650g/8412600071144
14720,Pão clássico sem glúten,8008698005576,11567,11564,Embalagem de 300g,Schar,,"10,30€/Kg","3,09€",https://cdn.intermarche.pt/pt/Content/images/boitmal/produit/zoom/660CC4160DCD2D99F6A132745B727B63.jpg,2024-09-25T22:59:59.999Z,/product/pao-classico-sem-gluten/8008698005576
39625,Pão cerealia 100% integral,5607233533951,11567,11564,Embalagem de 385g,Panrico,,"6,73€/Kg","2,59€",https://cdn.intermarche.pt/pt/Content/images/boitmal/produit/zoom/41D40B955E0A17EB04A654C74F17935A.jpg,,/product/pao-cerealia-100%25-integral/5607233533951
52364,Pão de Forma com Côdea,5604260329939,11567,11564,Embalagem de 820g,PorSi,,"1,65€/Kg","1,35€",https://cdn.intermarche.pt/pt/Content/images/boitmal/produit/zoom/7EF9D2EB5EF0ED5119F01BE8CEFDDB37.jpg,,/product/pao-de-forma-com-codea/5604260329939
14202,Pao brioche fatiado,5604260273942,11567,11564,Embalagem 500G,PorSi,,"5,58€/Kg","2,79€",https://cdn.intermarche.pt/pt/Content/images/boitmal/produit/zoom/8CCE69C522FC9310D58FCBBAA713E4A0.jpg,,/product/pao-brioche-fatiado/5604260273942
52361,Pão Especial para Hamburguer,5604260330485,11567,11564,4 Unidades,PorSi,,"4,25€/Kg","0,85€",https://cdn.intermarche.pt/pt/Content/images/boitmal/produit/zoom/E7F20C90E07EBB93C3E37B236831802D.jpg,,/product/pao-especial-para-hamburguer/5604260330485
30638,Pão de Forma Cerealia 14 Cereais e Sementes 0% Açúcares,5607233511584,11567,11564,Embalagem de 440g,Panrico,,"5,95€/Kg","2,59€",https://cdn.intermarche.pt/pt/Content/images/boitmal/produit/zoom/2769FBFBEDD069E6375BE645E47F1DF1.jpg,,/product/pao-de-forma-cerealia-14-cereais-e-sementes-0%25-acucares/5607233511584
52360,Pão de Forma 12 Cereais e Sementes,5604260329977,11567,11564,Embalagem de 600g,PorSi,,"2,32€/Kg","1,39€",https://cdn.intermarche.pt/pt/Content/images/boitmal/produit/zoom/B24055735ED606BF0390099D5D892109.jpg,,/product/pao-de-forma-12-cereais-e-sementes/5604260329977
21075,"Pães para cachorro, 6 unidades, 330 g",8412600450024,11567,11564,,Bimbo,,"5,73€/Kg","1,89€",https://cdn.intermarche.pt/pt/Content/images/boitmal/produit/zoom/49455677912F85D8B8974E1EBCD2B3E8.jpg,,/product/paes-para-cachorro-6-unidades-330-g/8412600450024
31437,Pão de forma,5607233509048,11567,11564,Embalagem de 475g,Panrico,,"4,19€/Kg","1,99€",https://cdn.intermarche.pt/pt/Content/images/boitmal/produit/zoom/D15F56450D2E6E808C4B9B6E3BBC8083.jpg,,/product/pao-de-forma/5607233509048
40177,"Pão massa mãe, 450g",8412600028124,11567,11564,,Bimbo,,"5,87€/Kg","2,64€",https://cdn.intermarche.pt/pt/Content/images/boitmal/produit/zoom/900995AFBEB3ABFB4AB11A712889A509.jpg,,/product/pao-massa-mae-450g/8412600028124
52356,Pão de Forma com Côdea,5604260329922,11567,11564,Embalagem de 475 g,PorSi,,"1,64€/Kg","0,78€",https://cdn.intermarche.pt/pt/Content/images/boitmal/produit/zoom/E3FF4036135CFC0D4DE889973D1D0193.jpg,,/product/pao-de-forma-com-codea/5604260329922
52362,Pão Especial para Cachorro,5604260330508,11567,11564,6 Unidades,PorSi,,"2,91€/Kg","1,09€",https://cdn.intermarche.pt/pt/Content/images/boitmal/produit/zoom/6A85B03BDD56397EB032380B3AC6B299.jpg,,/product/pao-especial-para-cachorro/5604260330508
34084,Pão de forma especial integral de trigo,5607233509321,11567,11564,Embalagem de 520g,Panrico,,"3,63€/Kg","1,89€",https://cdn.intermarche.pt/pt/Content/images/boitmal/produit/zoom/E3F722519E8DED07FAFDF23AF00716EC.jpg,,/product/pao-de-forma-especial-integral-de-trigo/5607233509321
40758,Pão de forma,5604160000020,11567,11564,Embalagem de 700 g,S. Tomé,,"1,56€/Kg","1,09€",https://cdn.intermarche.pt/pt/Content/images/boitmal/produit/zoom/4851CBD094F09B47A8558D706B022E6A.jpg,,/product/pao-de-forma/5604160000020
52359,Pão de Forma Sem Côdea,5604260329953,11567,11564,Embalagem de 450g,PorSi,,"2,87€/Kg","1,29€",https://cdn.intermarche.pt/pt/Content/images/boitmal/produit/zoom/B871C8D4C5F408A90AC97D73DF5EC84B.jpg,,/product/pao-de-forma-sem-codea/5604260329953
18376,Pão de forma sem côdea 9 cereais,5601027009769,11567,11564,Embalagem de 480g,Panrico,,"5,60€/Kg","2,69€",https://cdn.intermarche.pt/pt/Content/images/boitmal/produit/zoom/8EA87A74509490C8F5D61F51394BE113.jpg,,/product/pao-de-forma-sem-codea-9-cereais/5601027009769
40116,Maxi burger 4 unidades,8412600450208,11567,11564,Embalagem de 300g,Bimbo,,"6,23€/Kg","1,87€",https://cdn.intermarche.pt/pt/Content/images/boitmal/produit/zoom/AA86D5D8763D50355057B8CBBFF84BA7.jpg,,/product/maxi-burger-4-unidades/8412600450208
43267,"Pão de forma 100% farinha de centeio, 400g",5607233552624,11567,11564,,Panrico,,"6,48€/Kg","2,59€",https://cdn.intermarche.pt/pt/Content/images/boitmal/produit/zoom/0F9A11277B175306AD9072D8C45D6943.jpg,,/product/pao-de-forma-100%25-farinha-de-centeio-400g/5607233552624
52358,Pão de Forma Integral com Côdea,5604260329960,11567,11564,Embalagem de 500g,PorSi,,"2,00€/Kg","1,00€",https://cdn.intermarche.pt/pt/Content/images/boitmal/produit/zoom/069814317BF115F2B6E1A8F2D3AC2E23.jpg,,/product/pao-de-forma-integral-com-codea/5604260329960
40178,Pão massa mãe e cereais,8412600028131,11567,11564,Embalagem de 450g,Bimbo,,"5,87€/Kg","2,64€",https://cdn.intermarche.pt/pt/Content/images/boitmal/produit/zoom/A632C29DAAE26CB81A49960299474BF9.jpg,,/product/pao-massa-mae-e-cereais/8412600028131
31281,Pao branco familiar 750g              *5,5607233508812,11567,11564,Embalagem de 750g,Panrico,,"3,05€/Kg","2,29€",https://cdn.intermarche.pt/pt/Content/images/boitmal/produit/zoom/2A1399B0ABFEC7151DB24ED14750E39A.jpg,,/product/pao-branco-familiar-750g-*5/5607233508812
34010,Pão de forma com côdea,5601027000896,11567,11564,Embalagem de 500 g,Panrico,,"3,98€/Kg","1,99€",https://cdn.intermarche.pt/pt/Content/images/boitmal/produit/zoom/CD1566A3EDFC0812ACDE8F793D7DC67A.jpg,,/product/pao-de-forma-com-codea/5601027000896
52363,Pão Especial Maxi para Hamburguer,5604260330492,11567,11564,4 Unidades,PorSi,,"5,30€/Kg","1,59€",https://cdn.intermarche.pt/pt/Content/images/boitmal/produit/zoom/1F9EA1C96590039432344614EE12F69B.jpg,,/product/pao-especial-maxi-para-hamburguer/5604260330492
21074,"Pães para hamburguer com sésamo, 4 unidades",8412600450079,11567,11564,embalagem de 220 g,Bimbo,,"7,23€/Kg","1,59€",https://cdn.intermarche.pt/pt/Content/images/boitmal/produit/zoom/15942F095AFD185A4E0ADD9228D85F95.jpg,,/product/paes-para-hamburguer-com-sesamo-4-unidades/8412600450079
25107,Pão de forma s/ côdea,5601027001213,11567,11564,Embalagem de 450g,Panrico,,"5,31€/Kg","2,39€",https://cdn.intermarche.pt/pt/Content/images/boitmal/produit/zoom/B264606A4EA34F454125E964EFE063AE.jpg,,/product/pao-de-forma-s-ou-codea/5601027001213
30253,Pao 9 cereais 520g         *6,5607233509055,11567,11564,Embalagem de 520g,Panrico,,"4,77€/Kg","2,48€",https://cdn.intermarche.pt/pt/Content/images/boitmal/produit/zoom/500168E42658E90F1B676F1DEC18BFA1.jpg,,/product/pao-9-cereais-520g-*6/5607233509055
30639,Pão Forma Cerealia 5 Sementes 0% Açúcares Vegan s/ Lactose,5607233511591,11567,11564,Embalagem de 440g,Panrico,,"5,95€/Kg","2,59€",https://cdn.intermarche.pt/pt/Content/images/boitmal/produit/zoom/8AFCDEC726F0683BDFA4A9DB676476EA.jpg,,/product/pao-forma-cerealia-5-sementes-0%25-acucares-vegan-s-ou-lactose/5607233511591
15258,Pão de forma sem côdea,5601027001244,11567,11564,Embalagem de 650g,Panrico,,"4,91€/Kg","3,19€",https://cdn.intermarche.pt/pt/Content/images/boitmal/produit/zoom/7F726CB3FFC5E637A95EFEA16BDDBD47.jpg,,/product/pao-de-forma-sem-codea/5601027001244
52048,Pão oroweat® sementes de girassol e abóbora,5601027114791,11567,11564,Embalagem de 590g,Bimbo,,"4,39€/Kg","2,59€",https://cdn.intermarche.pt/pt/Content/images/boitmal/produit/zoom/7A910DA197DF149D3680C797DACE49D0.jpg,,/product/pao-oroweat®-sementes-de-girassol-e-abobora/5601027114791
29265,Pão de Forma Shape,5606186001203,11567,11564,1 Embalagem 400G,Panetto,,"5,85€/Kg","2,34€",https://cdn.intermarche.pt/pt/Content/images/boitmal/produit/zoom/E3D32910FBD8220E06A25A9C9EFD8269.jpg,,/product/pao-de-forma-shape/5606186001203
43493,Pão forma especial torradas,5604260273959,11567,11564,Embalagem de 850g,PorSi,,"2,21€/Kg","1,88€",https://cdn.intermarche.pt/pt/Content/images/boitmal/produit/zoom/ED4999B59189C12A5298A14B7DB60871.jpg,,/product/pao-forma-especial-torradas/5604260273959
53175,"Pão Hot Dog Maxi 4un, 320g",8412600450222,11567,11564,,Bimbo,,"5,84€/Kg","1,87€",https://cdn.intermarche.pt/pt/Content/images/boitmal/produit/zoom/305F71757CF033756789A4B592012A21.jpg,,/product/pao-hot-dog-maxi-4un-320g/8412600450222
40663,Mini tostas integrais super finas,5604260296996,11568,11564,Embalagem de 100 g,PorSi,,"11,90€/Kg","1,19€",https://cdn.intermarche.pt/pt/Content/images/boitmal/produit/zoom/1F2DB5D9522268325A56BCDE9B6359DE.jpg,,/product/mini-tostas-integrais-super-finas/5604260296996
40664,Mini tostas trigo super finas,5604260297009,11568,11564,Embalagem de 100 g,PorSi,,"10,50€/Kg","1,05€",https://cdn.intermarche.pt/pt/Content/images/boitmal/produit/zoom/44FA2D9CA7ED95D728FCD5310BDE4F1D.jpg,,/product/mini-tostas-trigo-super-finas/5604260297009
1603,Mini tosta trigo,5601560111189,11568,11564,Embalagem de 90 g,Diatosta,,"12,11€/Kg","1,09€",https://cdn.intermarche.pt/pt/Content/images/boitmal/produit/zoom/45674C194445206DA98AFDE6EE1E9F5C.jpg,2024-10-02T22:59:59.999Z,/product/mini-tosta-trigo/5601560111189
1604,Mini tostas de trigo,5601560111196,11568,11564,Embalagem de 350 g,Diatosta,,"6,11€/Kg","2,14€",https://cdn.intermarche.pt/pt/Content/images/boitmal/produit/zoom/E51BEDC3B21AC22814E793489153A886.jpg,2024-10-02T22:59:59.999Z,/product/mini-tostas-de-trigo/5601560111196
2187,Tostas integrais,5604260264063,11568,11564,Embalagem de 225g,PorSi,,"4,40€/Kg","0,99€",https://cdn.intermarche.pt/pt/Content/images/boitmal/produit/zoom/59848203946D918AA47FD12A018B5F64.jpg,,/product/tostas-integrais/5604260264063
1988,Mini Tostas de Trigo,5604260063383,11568,11564,Embalagem de 350 g,PorSi,,"5,57€/Kg","1,95€",https://cdn.intermarche.pt/pt/Content/images/boitmal/produit/zoom/0B9F0F5DDDF296A3A4457D6E3A63BEFD.jpg,,/product/mini-tostas-de-trigo/5604260063383
2123,Mini tostas integrais,5604260252275,11568,11564,Embalagem de 180g,PorSi,,"7,17€/Kg","1,29€",https://cdn.intermarche.pt/pt/Content/images/boitmal/produit/zoom/7F1BCB5BCF68062E2D7564562274C5F2.jpg,,/product/mini-tostas-integrais/5604260252275
24035,Tostas sem glúten,8008698002209,11568,11564,Embalagem de 150g,Schar,,"26,60€/Kg","3,99€",https://cdn.intermarche.pt/pt/Content/images/boitmal/produit/zoom/0B6EC247F55F5F9B1E809A5203B674C1.jpg,,/product/tostas-sem-gluten/8008698002209
38175,Tostas trigo integral,5604260300747,11568,11564,Embalagem de 750 g,PorSi,,"3,13€/Kg","2,35€",https://cdn.intermarche.pt/pt/Content/images/boitmal/produit/zoom/F0BE9F56BD740E9E13E58CEAD9B53AFA.jpg,,/product/tostas-trigo-integral/5604260300747
45711,Gressinos finos,5604260316441,11568,11564,Embalagem de 250g,PorSi,,"6,36€/Kg","1,59€",https://cdn.intermarche.pt/pt/Content/images/boitmal/produit/zoom/88E82A8548F9F74620AE8006AF5F0AE9.jpg,,/product/gressinos-finos/5604260316441
40532,Tostas suecas integrais,5604260297306,11568,11564,Embalagem de 225 g,PorSi,,"5,29€/Kg","1,19€",https://cdn.intermarche.pt/pt/Content/images/boitmal/produit/zoom/AE48DE370A2DF353809E7B60CB0C4811.jpg,,/product/tostas-suecas-integrais/5604260297306
49234,Tostas mistura sem glúten,5604260323630,11568,11564,Embalagem de 140g,PorSi Viva Bem,,"21,36€/Kg","2,99€",https://cdn.intermarche.pt/pt/Content/images/boitmal/produit/zoom/38B8248531D945226741632EFB2B9676.jpg,,/product/tostas-mistura-sem-gluten/5604260323630
2275,Croutons azeite e alho,5604260270040,11568,11564,Embalagem de 150g,PorSi,,"9,93€/Kg","1,49€",https://cdn.intermarche.pt/pt/Content/images/boitmal/produit/zoom/A33713F0F844CB3E58F147128899DEB0.jpg,,/product/croutons-azeite-e-alho/5604260270040
2270,Gressinos com sésamo,5604260269976,11568,11564,Embalagem de 250 g,PorSi,,"7,96€/Kg","1,99€",https://cdn.intermarche.pt/pt/Content/images/boitmal/produit/zoom/2E32C00CA7D671A2543DDED4C66AF3BE.jpg,,/product/gressinos-com-sesamo/5604260269976
2276,Croutons com azeite,5604260270057,11568,11564,Embalagem de 150g,PorSi,,"9,87€/Kg","1,48€",https://cdn.intermarche.pt/pt/Content/images/boitmal/produit/zoom/0019C967CBF357CCA95A3CF2A37E5461.jpg,,/product/croutons-com-azeite/5604260270057
37930,Tostas de trigo,5604260300730,11568,11564,Embalagem de 750 g,PorSi,,"3,13€/Kg","2,35€",https://cdn.intermarche.pt/pt/Content/images/boitmal/produit/zoom/A038CEC0925D78CDA2702B6AC74CF93C.jpg,,/product/tostas-de-trigo/5604260300730
2269,Gressinos com azeite,5604260269969,11568,11564,Embalagem de 250g,PorSi,,"7,96€/Kg","1,99€",https://cdn.intermarche.pt/pt/Content/images/boitmal/produit/zoom/982EF9BFF29153EAB6D2D07079B72F36.jpg,,/product/gressinos-com-azeite/5604260269969
49235,Tostas multicereais sem glúten,5604260323647,11568,11564,Embalagem de 140g,PorSi Viva Bem,,"21,36€/Kg","2,99€",https://cdn.intermarche.pt/pt/Content/images/boitmal/produit/zoom/303B93A519E276C378262744FC15FCDA.jpg,,/product/tostas-multicereais-sem-gluten/5604260323647
2268,Gressinos com azeitonas pretas,5604260269952,11568,11564,Embalagem de 250g,PorSi,,"7,96€/Kg","1,99€",https://cdn.intermarche.pt/pt/Content/images/boitmal/produit/zoom/D77DCA0A27701C007A07A999BCFCD0AE.jpg,,/product/gressinos-com-azeitonas-pretas/5604260269952
40531,Tostas suecas de trigo,5604260297290,11568,11564,Embalagem de 225 g,PorSi,,"4,80€/Kg","1,08€",https://cdn.intermarche.pt/pt/Content/images/boitmal/produit/zoom/A9924259CE91F2707277F7F6E66F29BE.jpg,,/product/tostas-suecas-de-trigo/5604260297290
2186,Tostas de trigo,5604260264056,11568,11564,Embalagem 225G,PorSi,,"3,87€/Kg","0,87€",https://cdn.intermarche.pt/pt/Content/images/boitmal/produit/zoom/F0B6ACABE932DC6FEC7148DAEF19381B.jpg,,/product/tostas-de-trigo/5604260264056
12199,Biscottina com alho e salsa,5606439000205,11568,11564,Embalagem de 100 g,Rustica,,"17,90€/Kg","1,79€",https://cdn.intermarche.pt/pt/Content/images/boitmal/produit/zoom/FD26DBCDA107A13ED1E5880A76FBCB0D.jpg,,/product/biscottina-com-alho-e-salsa/5606439000205
50047,Tosta Rústica Brioche Tradicional,8410706100379,11568,11564,240 g,Pasquier,,"9,54€/Kg","2,29€",https://cdn.intermarche.pt/pt/Content/images/boitmal/produit/zoom/DE8A0304450F9418229E500EF4457A00.jpg,,/product/tosta-rustica-brioche-tradicional/8410706100379
2109,Cubos pão trigo tostado,5604260247554,11568,11564,Embalagem de 150g,PorSi,,"8,93€/Kg","1,34€",https://cdn.intermarche.pt/pt/Content/images/boitmal/produit/zoom/C537D8A0C2866D36085CC2579ECAC47C.jpg,,/product/cubos-pao-trigo-tostado/5604260247554
40267,Mini tostas retangulares extra finas - extra crocantes,8000270018004,11568,11564,Embalagem de 100g,Bimbo,,"18,90€/Kg","1,89€",https://cdn.intermarche.pt/pt/Content/images/boitmal/produit/zoom/CAB4B56AFF450BE13640464A60B59D69.jpg,,/product/mini-tostas-retangulares-extra-finas-extra-crocantes/8000270018004
40079,"Tosta integral de centeio, 250g",5604321024780,11568,11564,,Cemporcento,,"8,76€/Kg","2,19€",https://cdn.intermarche.pt/pt/Content/images/boitmal/produit/zoom/D7E6C900F2C8EF452F3D727BFD8D1B2B.jpg,,/product/tosta-integral-de-centeio-250g/5604321024780
40268,Mini tostas redondas extra finas extra crocantes,8000270018257,11568,11564,Embalagem de 100g,Bimbo,,"18,90€/Kg","1,89€",https://cdn.intermarche.pt/pt/Content/images/boitmal/produit/zoom/E4D42CE99477445DC35CCC3DAC85CD52.jpg,,/product/mini-tostas-redondas-extra-finas-extra-crocantes/8000270018257
47779,"Paezinhos azeite, alho e salsa",5604260319848,11568,11564,Embalagem de 160g,PorSi,,"7,44€/Kg","1,19€",https://cdn.intermarche.pt/pt/Content/images/boitmal/produit/zoom/B81AC80496E488048B0C0DC6BBD5A773.jpg,,/product/paezinhos-azeite-alho-e-salsa/5604260319848
38331,"Picatostes-cubos de pão de trigo tostados com azeite (12%), sal, tomate e orégãos picagrill",5606439000571,11568,11564,Embalagem de 75g,Rialto,,"16,93€/Kg","1,27€",https://cdn.intermarche.pt/pt/Content/images/boitmal/produit/zoom/D2C9C09F3EA7E40E51CC317FB5EF185D.jpg,,/product/picatostes-cubos-de-pao-de-trigo-tostados-com-azeite-(12%25)-sal-tomate-e-oregaos-picagrill/5606439000571
48617,"Crisp bread beterraba, 130g",5601557063644,11568,11564,,Salutem,,"19,15€/Kg","2,49€",https://cdn.intermarche.pt/pt/Content/images/boitmal/produit/zoom/B3BF4584DE2F18A502059B67DA78419A.jpg,,/product/crisp-bread-beterraba-130g/5601557063644
48618,"Crisp bread sésamo, 130g",5601557063675,11568,11564,,Salutem,,"19,15€/Kg","2,49€",https://cdn.intermarche.pt/pt/Content/images/boitmal/produit/zoom/013369AEA25BB863505C235BBD73D980.jpg,,/product/crisp-bread-sesamo-130g/5601557063675
48753,"Crisp bread queijo e alho, 130g",5601557063651,11568,11564,,Salutem,,"19,15€/Kg","2,49€",https://cdn.intermarche.pt/pt/Content/images/boitmal/produit/zoom/9EE1F65FF9F2F105135C4EE139FD3E3A.jpg,,/product/crisp-bread-queijo-e-alho-130g/5601557063651
47778,Paezinhos tomate e orégãos,5604260319831,11568,11564,Embalagem de 160g,PorSi,,"7,44€/Kg","1,19€",https://cdn.intermarche.pt/pt/Content/images/boitmal/produit/zoom/08E74D4E5A16E31ED47738D5D58C4D70.jpg,,/product/paezinhos-tomate-e-oregaos/5604260319831
17679,Pão ralado alho e salsa,5604260302451,11569,11564,Embalagem de 240 g,PorSi,,"2,29€/Kg","0,55€",https://cdn.intermarche.pt/pt/Content/images/boitmal/produit/zoom/A37FA248782E0CF370DDD2D3B368F268.jpg,,/product/pao-ralado-alho-e-salsa/5604260302451
38225,Pão ralado clássico,5604260302444,11569,11564,Embalagem de 240 g,PorSi,,"2,04€/Kg","0,49€",https://cdn.intermarche.pt/pt/Content/images/boitmal/produit/zoom/7529973726C12E477A56DECCE6A002A7.jpg,,/product/pao-ralado-classico/5604260302444
1032,Pão ralado crocante,5601043115307,11569,11564,Embalagem de 150g,Espiga,,"9,27€/Kg","1,39€",https://cdn.intermarche.pt/pt/Content/images/boitmal/produit/zoom/9B290B2C8840F1E1BBCCD6FB5623F9BB.jpg,,/product/pao-ralado-crocante/5601043115307
13977,Folhado de Maçã,2696106000000,11570,11565,1 unidade= 100 g,Pastelaria,,"0,89€/Unidade","0,89€",https://cdn.intermarche.pt/pt/Content/images/boitmal/produit/zoom/E2A4FBB809D0E7BB4A2D714065081A4C.jpg,2024-09-25T22:59:59.999Z,/product/folhado-de-maca/2696106000000
38560,Pão de leite 8 un.,5601027006447,11570,11565,Embalagem de 280g,Bimbo,,"7,11€/Kg","1,99€",https://cdn.intermarche.pt/pt/Content/images/boitmal/produit/zoom/61E1C93727499A77EF100DF4D069FE8B.jpg,2024-09-25T22:59:59.999Z,/product/pao-de-leite-8-un./5601027006447
14879,Croissant Brioche 85 g,2696313000000,11570,11565,,Pastelaria,,"0,69€/Unidade","0,69€",https://cdn.intermarche.pt/pt/Content/images/boitmal/produit/zoom/23DD54250137E29550E3BC89EAA5A69F.jpg,2024-09-25T22:59:59.999Z,/product/croissant-brioche-85-g/2696313000000
27473,Coissant Folhado,2696603000000,11570,11565,50g,Pastelaria,,"0,39€/Unidade","0,39€",https://cdn.intermarche.pt/pt/Content/images/boitmal/produit/zoom/0218022D9A8DC5F53E01DCD597C48DEE.jpg,,/product/coissant-folhado/2696603000000
48041,8 pães de leite,5604260323234,11570,11565,Embalagem de 280 g,PorSi,,"4,25€/Kg","1,19€",https://cdn.intermarche.pt/pt/Content/images/boitmal/produit/zoom/5750006CE948B213AA9979DD8EBE27AE.jpg,,/product/8-paes-de-leite/5604260323234
14002,Bola de Berlim chocolate,2696305000000,11570,11565,85g,PorSi,,"0,95€/Unidade","0,95€",https://cdn.intermarche.pt/pt/Content/images/boitmal/produit/zoom/FE86F8B9F575C3ABF77F04820489886C.jpg,,/product/bola-de-berlim-chocolate/2696305000000
15921,Tarte de Flan,2696132000000,11570,11565,embalagem com 650g,Pastelaria,,"6,60€/Kg","4,29€",https://cdn.intermarche.pt/pt/Content/images/boitmal/produit/zoom/ED39F28F801F005A2DCBAC6F63D8E3C5.jpg,,/product/tarte-de-flan/2696132000000
20967,5 manhãzitos choco chips,5601027002593,11570,11565,Embalagem de 175 g,Manhãzitos,,"17,09€/Kg","2,99€",https://cdn.intermarche.pt/pt/Content/images/boitmal/produit/zoom/0AAF2F344E6BB2E2CE72DDB89E9BE7D6.jpg,,/product/5-manhazitos-choco-chips/5601027002593
22906,Palmier vital com cereais,2696129000000,11570,11565,100g,Pastelaria,,"1,29€/Unidade","1,29€",https://cdn.intermarche.pt/pt/Content/images/boitmal/produit/zoom/A7CCF0E60A8FE1B648220D130FA67482.jpg,,/product/palmier-vital-com-cereais/2696129000000
26639,Napolitana de Chocolate,2696604000000,11570,11565,60 g,Pastelaria,,"9,83€/Kg","0,59€",https://cdn.intermarche.pt/pt/Content/images/boitmal/produit/zoom/E74933C24C59920D728E6B1157C24E50.jpg,,/product/napolitana-de-chocolate/2696604000000
29481,Croissant Amêndoa,2696590000000,11570,11565,1 unidade = 100g (aprox.),Pastelaria,,"7,90€/Kg","0,79€",https://cdn.intermarche.pt/pt/Content/images/boitmal/produit/zoom/F4E7F0A781ACEBA1AC1B20FCCDF58D0A.jpg,,/product/croissant-amendoa/2696590000000
14000,Bolo de Arroz 70 g,2696303000000,11570,11565,,Pastelaria,,"0,69€/Unidade","0,69€",https://cdn.intermarche.pt/pt/Content/images/boitmal/produit/zoom/1820F6FA8B5208330B464578E6A91559.jpg,,/product/bolo-de-arroz-70-g/2696303000000
13979,Super Napolitana de Chocolate,2696114000000,11570,11565,1 un = 120 g (aprox.),Pastelaria,,"1,19€/Unidade","1,19€",https://cdn.intermarche.pt/pt/Content/images/boitmal/produit/zoom/BBA0D646E12CE5CCF1DE738BDD6D81A2.jpg,,/product/super-napolitana-de-chocolate/2696114000000
14001,Queque,2696304000000,11570,11565,1 unidade = 55 g,PorSi,,"0,69€/Unidade","0,69€",https://cdn.intermarche.pt/pt/Content/images/boitmal/produit/zoom/B1529CA218E97B9C750DB3A885BCE211.jpg,,/product/queque/2696304000000
14003,Dawnut Açucarado,2696306000000,11570,11565,48g,Pastelaria,,"0,39€/Unidade","0,39€",https://cdn.intermarche.pt/pt/Content/images/boitmal/produit/zoom/0362A2845655810DA9AFC481434A1C0B.jpg,,/product/dawnut-acucarado/2696306000000
14876,Dawnut Glacé,2696308000000,11570,11565,50g,Pastelaria,,"0,39€/Unidade","0,39€",https://cdn.intermarche.pt/pt/Content/images/boitmal/produit/zoom/FBBACA2910FED0EF98C5B8656D640AC4.jpg,,/product/dawnut-glace/2696308000000
18166,Pastel de Nata Grande,2696297000000,11570,11565,1 unidade = 80 g,Pastelaria,,"0,89€/Unidade","0,89€",https://cdn.intermarche.pt/pt/Content/images/boitmal/produit/zoom/0F76F0569F8D98BAB3E80B6DAA38C7E5.jpg,,/product/pastel-de-nata-grande/2696297000000
40761,Croissants brioche,5604160002239,11570,11565,Embalagem de 200 g,S. Tomé,,"5,45€/Kg","1,09€",https://cdn.intermarche.pt/pt/Content/images/boitmal/produit/zoom/CE84CB57F9BAF621689E310E544254C1.jpg,,/product/croissants-brioche/5604160002239
17027,Tigelada,2696250000000,11570,11565,1 unidade= 150 gr,Pastelaria,,"1,59€/Unidade","1,59€",https://cdn.intermarche.pt/pt/Content/images/boitmal/produit/zoom/AA072125DC99AF2E37E0A2F8AA9B8C2F.jpg,,/product/tigelada/2696250000000
48090,Bolo bolacha,5604260321599,11570,11565,Embalagem de 500g,PorSi,,"9,98€/Kg","4,99€",https://cdn.intermarche.pt/pt/Content/images/boitmal/produit/zoom/E4DC37DC99EA501E2EAB2AEE15EB8D14.jpg,,/product/bolo-bolacha/5604260321599
51570,Miniaturas sortidas,5604260327706,11570,11565,Embalagem de 300g,PorSi,,"9,97€/Kg","2,99€",https://cdn.intermarche.pt/pt/Content/images/boitmal/produit/zoom/BCCE7F8B0C2A778406C8A93DE9AD8A67.jpg,,/product/miniaturas-sortidas/5604260327706
14932,Super Napolitana Creme 125 g,2696115000000,11570,11565,1 un = 125 g (aprox.),Pastelaria,,"1,19€/Unidade","1,19€",https://cdn.intermarche.pt/pt/Content/images/boitmal/produit/zoom/76250070FCD56608C777F351771B1F20.jpg,,/product/super-napolitana-creme-125-g/2696115000000
13999,Dawnut de chocolate,2696300000000,11570,11565,1 unidade = 60 g,Pastelaria,,"0,45€/Unidade","0,45€",https://cdn.intermarche.pt/pt/Content/images/boitmal/produit/zoom/9A63C640221060172E84CB0032F0F3B5.jpg,,/product/dawnut-de-chocolate/2696300000000
23448,Croissant brioche,2696186000000,11570,11565,90 g,Pastelaria,,"12,11€/Kg","1,09€",https://cdn.intermarche.pt/pt/Content/images/boitmal/produit/zoom/931DA32AE498ED6BE38A6DD6BDD02BA1.jpg,,/product/croissant-brioche/2696186000000
42782,Cheesecake frutos vermelhos,2696841000000,11570,11565,500 g,Pastelaria,,"17,98€/Kg","8,99€",https://cdn.intermarche.pt/pt/Content/images/boitmal/produit/zoom/36D3F0C4312DF34B527E768275C37216.jpg,,/product/cheesecake-frutos-vermelhos/2696841000000
19372,Regueifa Doce 420g,2696172000000,11570,11565,,Pastelaria,,"10,69€/Kg","4,49€",https://cdn.intermarche.pt/pt/Content/images/boitmal/produit/zoom/F93E8A6CD81886834C1DB6EF7A1E0424.jpg,,/product/regueifa-doce-420g/2696172000000
34824,Folar de gila,2696659000000,11570,11565,550 g,Pastelaria,,"11,80€/Kg","6,49€",https://cdn.intermarche.pt/pt/Content/images/boitmal/produit/zoom/D39347D46A66C5BE64013E3939017ACF.jpg,,/product/folar-de-gila/2696659000000
49911,Croissant Brioche Bicolor Cacau,2696187000000,11570,11565,1 unidade = 100g,Pastelaria,,"11,90€/Kg","1,19€",https://cdn.intermarche.pt/pt/Content/images/boitmal/produit/zoom/8DA861344204A6F6F3E418D2AEE654C5.jpg,,/product/croissant-brioche-bicolor-cacau/2696187000000
13987,Jesuita,2696136000000,11570,11565,1 unidade = 75 g,Pastelaria,,"15,87€/Kg","1,19€",https://cdn.intermarche.pt/pt/Content/images/boitmal/produit/zoom/040674A4AD37A92181DADBF8312AA211.jpg,,/product/jesuita/2696136000000
42589,Trança de maçã/danesa canela,2696594000000,11570,11565,105 g,Pastelaria,,"1,29€/Unidade","1,29€",https://cdn.intermarche.pt/pt/Content/images/boitmal/produit/zoom/E7B56A0BF37CA319655F82B38481D7FD.jpg,,/product/tranca-de-maca-ou-danesa-canela/2696594000000
14865,Folhado Misto 90 g,2696212000000,11571,11565,,Pastelaria,,"0,69€/Unidade","0,69€",https://cdn.intermarche.pt/pt/Content/images/boitmal/produit/zoom/9A6753DB758F20AE554301F0A4A50040.jpg,2024-09-25T22:59:59.999Z,/product/folhado-misto-90-g/2696212000000
14871,Empada de Frango 60 g,2696213000000,11571,11565,,Padaria,,"1,49€/Unidade","1,49€",https://cdn.intermarche.pt/pt/Content/images/boitmal/produit/zoom/FE72B4FE551488757215B5AD71B1F425.jpg,,/product/empada-de-frango-60-g/2696213000000
20931,Folhado frango e cogumelos 125 g,2696231000000,11571,11565,,Pastelaria,,"1,19€/Unidade","1,19€",https://cdn.intermarche.pt/pt/Content/images/boitmal/produit/zoom/0B7D76E18042C2F91F18B5187027DE28.jpg,,/product/folhado-frango-e-cogumelos-125-g/2696231000000
38322,Folhado de pizza,2696606000000,11571,11565,110 g,Padaria,,"9,00€/Kg","0,99€",https://cdn.intermarche.pt/pt/Content/images/boitmal/produit/zoom/D96FB4FF63D4625C7A46D3847A592BBA.jpg,,/product/folhado-de-pizza/2696606000000
13994,Maxi folhado queijo/fiambre,2696208000000,11571,11565,1 unidade = 125 g,Pastelaria,,"1,29€/Unidade","1,29€",https://cdn.intermarche.pt/pt/Content/images/boitmal/produit/zoom/67A33FD10C02338B111B4DACEEFA227A.jpg,,/product/maxi-folhado-queijo-ou-fiambre/2696208000000
14869,"Combinado Fiambre,Queijo e Carne",2696206000000,11571,11565,,Pastelaria,,"1,49€/Unidade","1,49€",https://cdn.intermarche.pt/pt/Content/images/boitmal/produit/zoom/EEDC0790D37333C3D0E0D8500529CA31.jpg,,/product/combinado-fiambrequeijo-e-carne/2696206000000
27570,Brioche C/ Chouriço,2696597000000,11571,11565,1 un. = 140 g,Pastelaria,,"10,64€/Kg","1,49€",https://cdn.intermarche.pt/pt/Content/images/boitmal/produit/zoom/A0C912E279FD64BFB62865566E26D8B4.jpg,,/product/brioche-c-ou-chourico/2696597000000
13998,Lanche Misto,2696214000000,11571,11565,1 unidade= 115 g,Pastelaria,,"1,09€/Unidade","1,09€",https://cdn.intermarche.pt/pt/Content/images/boitmal/produit/zoom/BC140849D2254F2316EED8F6E269AF6D.jpg,,/product/lanche-misto/2696214000000
14872,Malha vegetal com Ricotta 110 g,2696215000000,11571,11565,,Pastelaria,,"1,29€/Unidade","1,29€",https://cdn.intermarche.pt/pt/Content/images/boitmal/produit/zoom/971952294D1CBA91C3819CB79A096485.jpg,,/product/malha-vegetal-com-ricotta-110-g/2696215000000
23282,Folhado de salsicha com mostarda,2696222000000,11571,11565,110 g,Pastelaria,,"2,29€/Unidade","2,29€",https://cdn.intermarche.pt/pt/Content/images/boitmal/produit/zoom/BCF7B3E19A99A9C9E8FBB0DA8969BB4A.jpg,,/product/folhado-de-salsicha-com-mostarda/2696222000000
13993,Folhado de carne,2696203000000,11571,11565,1 unidade = 90 g,Pastelaria,,"1,69€/Unidade","1,69€",https://cdn.intermarche.pt/pt/Content/images/boitmal/produit/zoom/196B58FAB96905ECE805FBCF547B170B.jpg,,/product/folhado-de-carne/2696203000000
14870,Folhado de Salsicha com Queijo 110 g,2696207000000,11571,11565,,Padaria,,"0,99€/Unidade","0,99€",https://cdn.intermarche.pt/pt/Content/images/boitmal/produit/zoom/06A0BFCB8612DC2D619E0EC82DF1083E.jpg,,/product/folhado-de-salsicha-com-queijo-110-g/2696207000000
38148,Leite de Pastagem Biológico Meio Gordo,5603722519123,11282,10119,1 litro,Milhafre,,"1,14€/L","1,14€",https://cdn.intermarche.pt/pt/Content/images/boitmal/produit/zoom/2257B1DDB3999CD244A662F9C30070FE.jpg,2024-09-25T22:59:59.999Z,/product/leite-de-pastagem-biologico-meio-gordo/5603722519123
15274,Leite uht meio gordo,5604260285310,11691,11364,Embalagem com rosca de 1 l,PorSi,,"0,82€/L","0,82€",https://cdn.intermarche.pt/pt/Content/images/boitmal/produit/zoom/45210671281D7F4C179FFCA60B298990.jpg,,/product/leite-uht-meio-gordo/5604260285310
35489,Leite uht sem lactose meio gordo,5604260285266,11277,10118,1 litro,PorSi Viva Bem,,"1,05€/L","1,05€",https://cdn.intermarche.pt/pt/Content/images/boitmal/produit/zoom/940ABEA6CB4E64711550122DB8B2880C.jpg,,/product/leite-uht-sem-lactose-meio-gordo/5604260285266
8383,Leite uht meio gordo,5601049132995,11691,11364,Embalagem de 1 litro,Mimosa,,"0,99€/L","0,99€",https://cdn.intermarche.pt/pt/Content/images/boitmal/produit/zoom/30AE72C16512D7F6E9C8B5E7CBD4B0A2.jpg,,/product/leite-uht-meio-gordo/5601049132995
11641,Leite pasteurizado meio gordo,5601180001020,11691,11364,Garrafa de 1 l,Vigor,,"1,09€/L","1,09€",https://cdn.intermarche.pt/pt/Content/images/boitmal/produit/zoom/27E81D9C59177D8FE66A1E22F472A238.jpg,,/product/leite-pasteurizado-meio-gordo/5601180001020
36775,Leite UHT Meio Gordo,5604260287383,11691,11364,Embalagem de 200 ml,PorSi,,"1,50€/L","0,30€",https://cdn.intermarche.pt/pt/Content/images/boitmal/produit/zoom/45F09EBA50FD60F8D11C66FED0F46951.jpg,,/product/leite-uht-meio-gordo/5604260287383
48032,Leite Meio Gordo sem Lactose,5603722507861,11277,10118,Pack 4 x 200 ml,Mimosa,,"2,61€/L","2,09€",https://cdn.intermarche.pt/pt/Content/images/boitmal/produit/zoom/BB36B23F12577A63D171DA22D09B5C95.jpg,,/product/leite-meio-gordo-sem-lactose/5603722507861
11961,Leite s/ lactose meio gordo,5603722505607,11277,10118,Garrafa de 1 l,Mimosa,,"1,35€/L","1,35€",https://cdn.intermarche.pt/pt/Content/images/boitmal/produit/zoom/B50AD06E1D69691E134268704FD849E5.jpg,,/product/leite-s-ou-lactose-meio-gordo/5603722505607
20434,Leite de pastagem meio-gordo,5601244500063,11691,11364,Embalagem de 1 litro,Terra Nostra,,"1,04€/L","1,04€",https://cdn.intermarche.pt/pt/Content/images/boitmal/produit/zoom/3A3CE8D8DC040C520516EC66868110D4.jpg,,/product/leite-de-pastagem-meio-gordo/5601244500063
5745,Leite pasteurizado m/g sem lactose,5603722513718,11691,11364,Garrafa de 1 l,Vigor,,"1,29€/L","1,29€",https://cdn.intermarche.pt/pt/Content/images/boitmal/produit/zoom/2B0BBD13280229875622C8E875C24761.jpg,,/product/leite-pasteurizado-m-ou-g-sem-lactose/5603722513718
8297,Leite UHT Meio Gordo,5601018003301,11691,11364,Embalagem de 1 l,Gresso,,"0,89€/L","0,89€",https://cdn.intermarche.pt/pt/Content/images/boitmal/produit/zoom/4BE346516D832B4DE190D02D1FD5CF49.jpg,,/product/leite-uht-meio-gordo/5601018003301
9689,Leite uht dos açores meio gordo,5604260270569,11691,11364,Embalagem de 1 l,PorSi,,"0,87€/L","0,87€",https://cdn.intermarche.pt/pt/Content/images/boitmal/produit/zoom/F990F3716CC91912FF468027A3BB1086.jpg,,/product/leite-uht-dos-acores-meio-gordo/5604260270569
11464,Leite Seleccionado Meio Gordo,5601018003400,11691,11364,Embalagem de 1L,Matinal,,"1,09€/L","1,09€",https://cdn.intermarche.pt/pt/Content/images/boitmal/produit/zoom/2D40D4EB6EAF6BEF7329493925CCD97C.jpg,,/product/leite-seleccionado-meio-gordo/5601018003400
9009,Leite uht meio gordo,5601530030168,11691,11364,Embalagem de 1 l,Serraleite,,"1,05€/L","1,05€",https://cdn.intermarche.pt/pt/Content/images/boitmal/produit/zoom/50D5C5A511CD43D62C512BBBE03DCEFE.jpg,,/product/leite-uht-meio-gordo/5601530030168
11972,Leite 0% lactose meio gordo,5603722507854,11691,11364,Embalagem de 200 ml,Mimosa,,"2,60€/L","0,52€",https://cdn.intermarche.pt/pt/Content/images/boitmal/produit/zoom/D7923C4EB169F2D527C9E64970BEC503.jpg,,/product/leite-0%25-lactose-meio-gordo/5603722507854
12732,Leite de cabra uht meio gordo,3428274120014,11691,11364,Embalagem 1L,Président,,"2,59€/L","2,59€",https://cdn.intermarche.pt/pt/Content/images/boitmal/produit/zoom/A4DE3EA7934B3A8ABFC641CD50C6AF49.jpg,,/product/leite-de-cabra-uht-meio-gordo/3428274120014
53942,"Bebida de Leite Sem Lactose Livre, 1L",5603722523298,11691,11364,,Matinal,,"1,49€/L","1,49€",https://cdn.intermarche.pt/pt/Content/images/boitmal/produit/zoom/3F3F185EBF624903AC3031EAC11A6631.jpg,,/product/bebida-de-leite-sem-lactose-livre-1l/5603722523298
42829,Leite uht gordo com rosca,5604260308880,11692,11364,Embalagem de 1 litro,PorSi,,"0,97€/L","0,97€",https://cdn.intermarche.pt/pt/Content/images/boitmal/produit/zoom/C3594FBA7A33F66455FC0EB3425487BB.jpg,,/product/leite-uht-gordo-com-rosca/5604260308880
11640,Leite pasteurizado gordo,5601180000993,11692,11364,Garrafa de 1 l,Vigor,,"1,19€/L","1,19€",https://cdn.intermarche.pt/pt/Content/images/boitmal/produit/zoom/D35A2632D9FCF31B32BD4205099C2552.jpg,,/product/leite-pasteurizado-gordo/5601180000993
9008,"Leite uht, gordo",5601530030151,11692,11364,Embalagem de 1 l,Serraleite,,"1,19€/L","1,19€",https://cdn.intermarche.pt/pt/Content/images/boitmal/produit/zoom/912D79F24A818727F4337DAB537D3CD6.jpg,,/product/leite-uht-gordo/5601530030151
8382,Leite uht gordo,5601049131998,11692,11364,Embalagem de 1 litro,Mimosa,,"1,19€/L","1,19€",https://cdn.intermarche.pt/pt/Content/images/boitmal/produit/zoom/4C3FFACD4AEF1F7F84058E9D9E324644.jpg,,/product/leite-uht-gordo/5601049131998
50456,"Leite Uht Magro sem Lactose com Fibra e Coco, 1 l",5603722520877,11277,10118,,Mimosa,,"1,24€/L","1,24€",https://cdn.intermarche.pt/pt/Content/images/boitmal/produit/zoom/B822078CC1665E881AB9EE8EE0E4B0E6.jpg,2024-10-04T22:59:59.999Z,/product/leite-uht-magro-sem-lactose-com-fibra-e-coco-1-l/5603722520877
8391,Leite especial cálcio + vitamina d magro,5601049159992,11693,11364,Garrafa de 1 l,Mimosa,,"0,98€/L","0,98€",https://cdn.intermarche.pt/pt/Content/images/boitmal/produit/zoom/9A4AD44FB60B5A45579B826AAB547587.jpg,2024-09-25T22:59:59.999Z,/product/leite-especial-calcio-+-vitamina-d-magro/5601049159992
32044,Mimosa bem especial leite e amêndoa,5603722517471,11277,10118,Embalagem de 1 litro,Mimosa,,"1,24€/L","1,24€",https://cdn.intermarche.pt/pt/Content/images/boitmal/produit/zoom/F58E2E046344F7115AD051C34455C981.jpg,2024-10-04T22:59:59.999Z,/product/mimosa-bem-especial-leite-e-amendoa/5603722517471
32043,Mimosa bem especial leite e aveia,5603722517457,11277,10118,Embalagem de 1 litro,Mimosa,,"1,24€/L","1,24€",https://cdn.intermarche.pt/pt/Content/images/boitmal/produit/zoom/699CC02CBE15EF18CD46F5DD5DF5AA01.jpg,2024-10-04T22:59:59.999Z,/product/mimosa-bem-especial-leite-e-aveia/5603722517457
42828,Leite uht magro com rosca,5604260308873,11693,11364,1 litro,PorSi,,"0,81€/L","0,81€",https://cdn.intermarche.pt/pt/Content/images/boitmal/produit/zoom/554390654EE436245252F4AD35328EDB.jpg,,/product/leite-uht-magro-com-rosca/5604260308873
32424,Leite uht magro,5604260285297,11693,11364,Embalagem de 1 litro,PorSi,,"0,81€/L","0,81€",https://cdn.intermarche.pt/pt/Content/images/boitmal/produit/zoom/F87D4448FEBFEABC1BF9E5A541B31B5D.jpg,,/product/leite-uht-magro/5604260285297
8384,Leite uht magro,5601049133992,11693,11364,Embalagem de 1 litro,Mimosa,,"0,99€/L","0,99€",https://cdn.intermarche.pt/pt/Content/images/boitmal/produit/zoom/F5320FAD88ED459A5E33FEB47EAEF410.jpg,,/product/leite-uht-magro/5601049133992
26177,Leite Seleccionado Leve,5603722514470,11693,11364,Embalagem de 1L,Matinal,,"1,24€/L","1,24€",https://cdn.intermarche.pt/pt/Content/images/boitmal/produit/zoom/3414EC19C8611CE7E0D99781254117D1.jpg,,/product/leite-seleccionado-leve/5603722514470
35490,Leite uht sem lactose magro,5604260285273,11277,10118,1 litro,PorSi Viva Bem,,"1,05€/L","1,05€",https://cdn.intermarche.pt/pt/Content/images/boitmal/produit/zoom/ED42C25CEB88988A023D9922CE8EF03E.jpg,,/product/leite-uht-sem-lactose-magro/5604260285273
9315,Leite 0% lactose magro,5603722509544,11277,10118,Garrafa de 1 l,Mimosa,,"1,35€/L","1,35€",https://cdn.intermarche.pt/pt/Content/images/boitmal/produit/zoom/F5A14B3D114F4F7D42484C8D1602E358.jpg,,/product/leite-0%25-lactose-magro/5603722509544
8298,Leite Uht Magro,5601018003509,11693,11364,Embalagem de 1L,Gresso,,"0,89€/L","0,89€",https://cdn.intermarche.pt/pt/Content/images/boitmal/produit/zoom/B51AE967A72C24BED3E4BABD9F341EF7.jpg,,/product/leite-uht-magro/5601018003509
20433,Leite de pastagem magro,5601244500070,11693,11364,Embalagem de 1 litro,Terra Nostra,,"1,04€/L","1,04€",https://cdn.intermarche.pt/pt/Content/images/boitmal/produit/zoom/61EFC0152A934985E04C1F26B293B085.jpg,,/product/leite-de-pastagem-magro/5601244500070
11642,Leite pasteurizado magro,5601180002003,11693,11364,Garrafa de 1 l,Vigor,,"1,09€/L","1,09€",https://cdn.intermarche.pt/pt/Content/images/boitmal/produit/zoom/4712850F57AD5A8BB3282BD0DF37AD78.jpg,,/product/leite-pasteurizado-magro/5601180002003
49819,"Leite Seleccionado Leve, pack 3 x 200 ml",5603722517327,11693,11364,,Matinal,,"2,65€/L","1,59€",https://cdn.intermarche.pt/pt/Content/images/boitmal/produit/zoom/71B7A978B09743409E9A95EE1E5CB157.jpg,,/product/leite-seleccionado-leve-pack-3-x-200-ml/5603722517327
49329,Leite magro com chocolate,5603722501937,11693,11364,Garrafa de 800 ml,Mimosa,,"2,86€/L","2,29€",https://cdn.intermarche.pt/pt/Content/images/boitmal/produit/zoom/9EBC420CA337A518F22D0C226FCE1E77.jpg,,/product/leite-magro-com-chocolate/5603722501937
9010,"Leite uht, magro",5601530030175,11693,11364,Embalagem de 1 l,Serraleite,,"1,05€/L","1,05€",https://cdn.intermarche.pt/pt/Content/images/boitmal/produit/zoom/543B3F98D5FFC9CCC658879763382079.jpg,,/product/leite-uht-magro/5601530030175
578,Leite magro em pó,3250390034179,11693,11364,Embalagem de 300 g,Páturages,,"8,63€/Kg","2,59€",https://cdn.intermarche.pt/pt/Content/images/boitmal/produit/zoom/507458A35200E82EB90F8B641AB1E12A.jpg,,/product/leite-magro-em-po/3250390034179
35652,Bebida cálcio sem lactose + proteína,5603722517440,11277,10118,Embalagem de 3 x 250 ml,Mimosa,,"3,99€/L","2,99€",https://cdn.intermarche.pt/pt/Content/images/boitmal/produit/zoom/082D57B313B97BA67B4431F02ED4BA22.jpg,,/product/bebida-calcio-sem-lactose-+-proteina/5603722517440
48767,Leite UHT Morango sem Lactose,5603722520433,11277,10118,Pack 3 x 250 ml,Mimosa,,"3,99€/L","2,99€",https://cdn.intermarche.pt/pt/Content/images/boitmal/produit/zoom/91AEB99AFEE91E613FA3A8781D3F3168.jpg,,/product/leite-uht-morango-sem-lactose/5603722520433
49820,Leite Uht Proteína Café,5603722520716,10915,10120,Pack 3 x 250 ml,Mimosa,,"4,25€/L","3,19€",https://cdn.intermarche.pt/pt/Content/images/boitmal/produit/zoom/16EC14653F7F31D3FE499DC1730AE209.jpg,,/product/leite-uht-proteina-cafe/5603722520716
50633,Leite proteína magro,5603722522093,11277,10118,Garrafa de 1 l,Mimosa,,"2,49€/L","2,49€",https://cdn.intermarche.pt/pt/Content/images/boitmal/produit/zoom/7BC969966D00487096CAA92FEB9F8C0C.jpg,,/product/leite-proteina-magro/5603722522093
26471,Leite com Chocolate,5603722510946,11695,11364,Pack 4X200ml,Gresso,,"8,25€/L","1,65€",https://cdn.intermarche.pt/pt/Content/images/boitmal/produit/zoom/0108FCBB6D228E5EC4619AC8345D099C.jpg,2024-09-25T22:59:59.999Z,/product/leite-com-chocolate/5603722510946
35749,Leite Bem Essencial Chocolate,5603722509667,11695,11364,Embalagem de 4 x 200 ml,Mimosa,,"2,11€/L","1,69€",https://cdn.intermarche.pt/pt/Content/images/boitmal/produit/zoom/7497180C7B501430F6BD78AEC0C140AA.jpg,2024-09-25T22:59:59.999Z,/product/leite-bem-essencial-chocolate/5603722509667
35914,Leite Bem Essencial cereais,5603722509643,11695,11364,Embalagem de 4 x 200 ml,Mimosa,,"2,11€/L","1,69€",https://cdn.intermarche.pt/pt/Content/images/boitmal/produit/zoom/D42EF29BB69D8B61354398DC984E7F3C.jpg,2024-09-25T22:59:59.999Z,/product/leite-bem-essencial-cereais/5603722509643
19022,Leite com Chocolate,5603722509742,11695,11364,Embalagem de 4 x 200 ml,Agros,,"2,24€/L","1,79€",https://cdn.intermarche.pt/pt/Content/images/boitmal/produit/zoom/5E96016EA2C29977083D2986B4126E1A.jpg,,/product/leite-com-chocolate/5603722509742
14172,Leite com chocolate original,5601226006460,11695,11364,Embalagem de 6 x 250 ml,Ucal,,"3,33€/L","4,99€",https://cdn.intermarche.pt/pt/Content/images/boitmal/produit/zoom/A8DEEA2F1BA52BEDD2EBCFD8028ACEB1.jpg,,/product/leite-com-chocolate-original/5601226006460
25108,Leite uht c/ chocolate,5601226041720,11695,11364,Embalagem de 3 x 250 ml,Ucal,,"3,99€/L","2,99€",https://cdn.intermarche.pt/pt/Content/images/boitmal/produit/zoom/2AFB2501DB878C97A2DFFFAA8B544C90.jpg,,/product/leite-uht-c-ou-chocolate/5601226041720
25861,Leite C/ Chocolate,5603722509759,11695,11364,Embalagem de 4 x 200 ml,Mimosa,,"2,11€/L","1,69€",https://cdn.intermarche.pt/pt/Content/images/boitmal/produit/zoom/754E59DFB7314FD42DB15B9A65008D5F.jpg,,/product/leite-c-ou-chocolate/5603722509759
36661,Leite com chocolate,5604260296781,11695,11364,Embalagem de 200 ml,PorSi,,"1,55€/L","0,31€",https://cdn.intermarche.pt/pt/Content/images/boitmal/produit/zoom/43DD88EFCF9AE42C77B4443C9EA3E86B.jpg,,/product/leite-com-chocolate/5604260296781
41381,Macchiato café arábica,5604260307319,11695,11364,250 ml,PorSi,,"4,60€/L","1,15€",https://cdn.intermarche.pt/pt/Content/images/boitmal/produit/zoom/F6B5577F506E3E55F17067234E023EEB.jpg,,/product/macchiato-cafe-arabica/5604260307319
14707,Galão enriquecido em cálcio,5601226041522,11695,11364,Embalagem de 3 x 200 ml,Ucal,,"3,82€/L","2,29€",https://cdn.intermarche.pt/pt/Content/images/boitmal/produit/zoom/71F6A26E117382BAA02E73F251EDC96E.jpg,,/product/galao-enriquecido-em-calcio/5601226041522
41380,Cappuccino café arábica cacau magro em pó,5604260307302,11695,11364,250 ml,PorSi,,"4,60€/L","1,15€",https://cdn.intermarche.pt/pt/Content/images/boitmal/produit/zoom/052D7170CB4320CDED0C9355ADBD68A0.jpg,,/product/cappuccino-cafe-arabica-cacau-magro-em-po/5604260307302
11757,"Leite uht, com café, galão alentejano",5601530030199,11695,11364,Embalagem de 1 l,Serraleite,,"1,39€/L","1,39€",https://cdn.intermarche.pt/pt/Content/images/boitmal/produit/zoom/58E9B12B881CCCF96BEA9C6CB30BA83B.jpg,,/product/leite-uht-com-cafe-galao-alentejano/5601530030199
25109,Leite uht c/ chocolate,5601226041669,11695,11364,Garrafa de 1 l,Ucal,,"2,95€/L","2,95€",https://cdn.intermarche.pt/pt/Content/images/boitmal/produit/zoom/91A57A535B275E2033D3DB7B2B1C7BD8.jpg,,/product/leite-uht-c-ou-chocolate/5601226041669
48011,Leite com Chocolate Meio-Gordo sem Lactose,5603722520068,11277,10118,4 x 200 ml,Agros,,"2,99€/L","2,39€",https://cdn.intermarche.pt/pt/Content/images/boitmal/produit/zoom/D0D3F8B7FFABDBCD2EEE741C61FD069C.jpg,,/product/leite-com-chocolate-meio-gordo-sem-lactose/5603722520068
46683,Leite chocolate milka tetra3x200ml,8410128778903,11695,11364,Garrafa de 600 ml,Milka,,"4,48€/L","2,69€",https://cdn.intermarche.pt/pt/Content/images/boitmal/produit/zoom/A226D73DA8F1861DE313D730CEBF8C37.jpg,,/product/leite-chocolate-milka-tetra3x200ml/8410128778903
49458,Leite c/ Chocolate Bem Especial 0% lactose,5603722505829,11277,10118,pack 4 x 200 ml,Mimosa,,"2,99€/L","2,39€",https://cdn.intermarche.pt/pt/Content/images/boitmal/produit/zoom/273382DABD831386C0BB65AE2C8E8009.jpg,,/product/leite-c-ou-chocolate-bem-especial-0%25-lactose/5603722505829
52934,Bebida Láctea Café,5603722522550,11695,11364,Embalagem de 3 x 200ml,Agros,,"3,98€/L","2,39€",https://cdn.intermarche.pt/pt/Content/images/boitmal/produit/zoom/0FB5A2C12029001B9FDF536CD6412712.jpg,,/product/bebida-lactea-cafe/5603722522550
21340,Leite com Cacau Original,8412700130468,11695,11364,Garrafa de 1 l,Cacaolat,,"2,69€/L","2,69€",https://cdn.intermarche.pt/pt/Content/images/boitmal/produit/zoom/BF2FBB809472348D6691B27FEE26FFA7.jpg,,/product/leite-com-cacau-original/8412700130468
2426,"Bebidas leite, caramelo machiatto",5760466997027,11282,10119,Embalagem de 220 ml,Starbucks,,"9,05€/L","1,99€",https://cdn.intermarche.pt/pt/Content/images/boitmal/produit/zoom/6766ABC3C3D5AB587D47C7873DA5EA96.jpg,,/product/bebidas-leite-caramelo-machiatto/5760466997027
41382,Espresso café arábica,5604260307326,11695,11364,250 ml,PorSi,,"4,36€/L","1,09€",https://cdn.intermarche.pt/pt/Content/images/boitmal/produit/zoom/6EE0FFB1B34007DC22AAB7FB0CC47F69.jpg,,/product/espresso-cafe-arabica/5604260307326
49716,"Frappuccino café starbucks, garrafa de 250 ml",5711953008221,11282,10119,,Starbucks,,"9,56€/L","2,39€",https://cdn.intermarche.pt/pt/Content/images/boitmal/produit/zoom/B07E0773C94F7FB56A8DFEA58E326BC7.jpg,,/product/frappuccino-cafe-starbucks-garrafa-de-250-ml/5711953008221
8781,Galão enriquecido com cálcio,5601226041317,11695,11364,Embalagem de 600 ml,Ucal,,"1,27€/L","0,76€",https://cdn.intermarche.pt/pt/Content/images/boitmal/produit/zoom/66D2539BF22C28A593742B2A541AF204.jpg,,/product/galao-enriquecido-com-calcio/5601226041317
14357,Leite com chocolate light,5601226041492,11695,11364,Embalagem de 6 x 250 ml,Ucal,,"3,99€/Kg","5,99€",https://cdn.intermarche.pt/pt/Content/images/boitmal/produit/zoom/44979C68D1EF8A22639B70C4681E1ED9.jpg,,/product/leite-com-chocolate-light/5601226041492
49405,"Leite com Cacau, 4 x 200 ml",8412700620600,11695,11364,,Cacaolat,,"4,31€/L","3,45€",https://cdn.intermarche.pt/pt/Content/images/boitmal/produit/zoom/3FE8C8D872A078ED2D001162D7398442.jpg,,/product/leite-com-cacau-4-x-200-ml/8412700620600
8707,Leite com Chocolate,5601192103200,11695,11364,Embalagem de 1 litro,Agros,,"1,99€/L","1,99€",https://cdn.intermarche.pt/pt/Content/images/boitmal/produit/zoom/D7AE3551DA81973E52565C5166319D0B.jpg,,/product/leite-com-chocolate/5601192103200
9839,Bebida doubleshot expresso,5760466997188,11282,10119,Embalagem de 200 ml,Starbucks,,"9,95€/L","1,99€",https://cdn.intermarche.pt/pt/Content/images/boitmal/produit/zoom/DAA133B7A06ECB5E3C256D2CFB48C170.jpg,,/product/bebida-doubleshot-expresso/5760466997188
17952,Leite com chocolate sem lactose,5601226041638,11277,10118,Embalagem de 6 x 250 ml,Ucal,,"3,99€/L","5,99€",https://cdn.intermarche.pt/pt/Content/images/boitmal/produit/zoom/AA98E7AC2A4A93FAB0CB705FD97A3C83.jpg,,/product/leite-com-chocolate-sem-lactose/5601226041638
45435,Double Espresso Go Chill,5609060098214,11695,11364,Embalagem de 230 ml,Delta,,"8,65€/L","1,99€",https://cdn.intermarche.pt/pt/Content/images/boitmal/produit/zoom/2DF28FECE85C68560E7D1A54A20E42A9.jpg,,/product/double-espresso-go-chill/5609060098214
9896,Bebida láctea crescimento c/ bolacha maria,7613033331916,11696,11364,Embalagem de 1 litro,Nestlé,,"2,14€/L","2,14€",https://cdn.intermarche.pt/pt/Content/images/boitmal/produit/zoom/0FDF7119A78A1611EB5107F7C7E26C03.jpg,2024-09-25T22:59:59.999Z,/product/bebida-lactea-crescimento-c-ou-bolacha-maria/7613033331916
12346,Bebida láctea crescimento 3 anos+,8410100012667,11696,11364,Embalagem de 1 litro,Nestlé,,"1,99€/L","1,99€",https://cdn.intermarche.pt/pt/Content/images/boitmal/produit/zoom/07D3A6BF9D7F8B6281B1B7254965DD78.jpg,2024-09-25T22:59:59.999Z,/product/bebida-lactea-crescimento-3-anos+/8410100012667
12347,"Bebida láctea crescimento 1-3 anos, cereais",8410100012674,11696,11364,Embalagem de 1 litro,Nestlé,,"2,14€/L","2,14€",https://cdn.intermarche.pt/pt/Content/images/boitmal/produit/zoom/4A82484CB3674F1A33FCD2F0D59DB2B0.jpg,2024-09-25T22:59:59.999Z,/product/bebida-lactea-crescimento-1-3-anos-cereais/8410100012674
8278,Bebida láctea crescimento 1 a 3 anos,5601001124808,11696,11364,Embalagem de 1 litro,Nestlé,,"1,99€/L","1,99€",https://cdn.intermarche.pt/pt/Content/images/boitmal/produit/zoom/6FEA60F5F3F944CC42C45404A5326FAF.jpg,2024-09-25T22:59:59.999Z,/product/bebida-lactea-crescimento-1-a-3-anos/5601001124808
15349,Leite infantil 3+ anos sem lactose,5603722514203,11277,10118,Garrafa de 1 l,Mimosa,,"1,59€/L","1,59€",https://cdn.intermarche.pt/pt/Content/images/boitmal/produit/zoom/C7B6F8D630563D44FE87DA62678E0A5F.jpg,,/product/leite-infantil-3+-anos-sem-lactose/5603722514203
9294,Leite Especial Crescimento 1-3 Anos,5603722494215,11696,11364,Garrafa de 1 l,Mimosa,,"1,49€/L","1,49€",https://cdn.intermarche.pt/pt/Content/images/boitmal/produit/zoom/E8EAAB44B3166FE020B43F64B725D8EB.jpg,,/product/leite-especial-crescimento-1-3-anos/5603722494215
9286,Leite especial crescimento +3 anos,5603722492068,11696,11364,Garrafa de 1 l,Mimosa,,"1,49€/L","1,49€",https://cdn.intermarche.pt/pt/Content/images/boitmal/produit/zoom/26A3BE41175D4F1900210BFF62BF081B.jpg,,/product/leite-especial-crescimento-+3-anos/5603722492068
53942,"Bebida de Leite Sem Lactose Livre, 1L",5603722523298,11691,11364,,Matinal,,"1,49€/L","1,49€",https://cdn.intermarche.pt/pt/Content/images/boitmal/produit/zoom/3F3F185EBF624903AC3031EAC11A6631.jpg,,/product/bebida-de-leite-sem-lactose-livre-1l/5603722523298
12066,Bebida de soja com cálcio,5604260194063,10711,10022,Embalagem de 1 litro,PorSi Viva Bem,,"0,83€/L","0,83€",https://cdn.intermarche.pt/pt/Content/images/boitmal/produit/zoom/2FD1D2C870104A87A3968C8068525FFA.jpg,,/product/bebida-de-soja-com-calcio/5604260194063
29612,Bebida de Arroz,5604260283545,11753,11364,1 l,PorSi Viva Bem,,"1,19€/L","1,19€",https://cdn.intermarche.pt/pt/Content/images/boitmal/produit/zoom/D05B6C7AC51E1F816646E0626C044660.jpg,,/product/bebida-de-arroz/5604260283545
37923,Bebida de Amêndoa,5604260300990,10915,10120,1 litro,PorSi Viva Bem,,"1,29€/L","1,29€",https://cdn.intermarche.pt/pt/Content/images/boitmal/produit/zoom/AE7254B0415A25D68EBAF0C345B394B0.jpg,,/product/bebida-de-amendoa/5604260300990
38417,Bebida Vegetal Aveia Sem Açúcar,5411188124689,10915,10120,Embalagem de 1 l,Alpro,,"2,59€/L","2,59€",https://cdn.intermarche.pt/pt/Content/images/boitmal/produit/zoom/4E2516ED123622B6963D422374872107.jpg,,/product/bebida-vegetal-aveia-sem-acucar/5411188124689
14437,Bebida Vegetal Amêndoa,5411188110835,10711,10022,Embalagem de 1 litro,Alpro,,"2,49€/L","2,49€",https://cdn.intermarche.pt/pt/Content/images/boitmal/produit/zoom/6B753F65EC27A078C0F05C1BE13557F2.jpg,,/product/bebida-vegetal-amendoa/5411188110835
29613,Bebida de Aveia,5604260283538,11753,11364,1 l,PorSi Viva Bem,,"0,99€/L","0,99€",https://cdn.intermarche.pt/pt/Content/images/boitmal/produit/zoom/29DDC221F51DBF506221E40BDE05C0CD.jpg,,/product/bebida-de-aveia/5604260283538
41265,Bebida Soja Chocolate Light,5411188122074,10711,10022,Embalagem de 3x250ml,Alpro,,"3,99€/L","2,99€",https://cdn.intermarche.pt/pt/Content/images/boitmal/produit/zoom/24A030ACCC569B6A2D4040A5E6B6BA79.jpg,,/product/bebida-soja-chocolate-light/5411188122074
43752,Bebida Vegetal Aveia-Amêndoa,5411188124726,10915,10120,Embalagem de 1 litro,Alpro,,"2,49€/L","2,49€",https://cdn.intermarche.pt/pt/Content/images/boitmal/produit/zoom/41ED3A9A9EA0C04FB4F3A16FF6575B9C.jpg,,/product/bebida-vegetal-aveia-amendoa/5411188124726
49542,Bebida de amêndoa s/ açúcar,5604260323906,10711,10022,Embalagem de 1 litro,PorSi Viva Bem,,"1,39€/L","1,39€",https://cdn.intermarche.pt/pt/Content/images/boitmal/produit/zoom/C168C477F332E00B239870302BB66F25.jpg,,/product/bebida-de-amendoa-s-ou-acucar/5604260323906
50393,Alpro not milk clássica,5411188136613,11753,11364,Garrafa de 1 l,Alpro,,"2,59€/L","2,59€",https://cdn.intermarche.pt/pt/Content/images/boitmal/produit/zoom/7CE5F21FCA8DEED8ABE07C23B2B91786.jpg,,/product/alpro-not-milk-classica/5411188136613
8222,Bebida Vegetal de Soja com Cálcio,5411188553304,10711,10022,Embalagem de 1 l,Alpro,,"1,99€/L","1,99€",https://cdn.intermarche.pt/pt/Content/images/boitmal/produit/zoom/545BAB00502BFD84583926EFDBFE9F24.jpg,,/product/bebida-vegetal-de-soja-com-calcio/5411188553304
42846,Bebida arroz bio,5604260307982,11282,10119,Embalagem de 1 litro,PorSi Bio,,"1,39€/L","1,39€",https://cdn.intermarche.pt/pt/Content/images/boitmal/produit/zoom/4FACE36A38D999FCBC8D44A08432ACEE.jpg,,/product/bebida-arroz-bio/5604260307982
47782,Bebida avelã,5604260319985,10915,10120,1 litro,PorSi Viva Bem,,"1,29€/L","1,29€",https://cdn.intermarche.pt/pt/Content/images/boitmal/produit/zoom/76CE01BC3A4E1ECF3E8C66E4EBAA5F37.jpg,,/product/bebida-avela/5604260319985
14510,Bebida Vegetal Coco,5411188116592,10711,10022,Embalagem de 1L,Alpro,,"2,49€/L","2,49€",https://cdn.intermarche.pt/pt/Content/images/boitmal/produit/zoom/1987CA16F4DDFE322033D82C2A376E65.jpg,,/product/bebida-vegetal-coco/5411188116592
42847,Bio bebida aveia,5604260307999,11282,10119,embalagem de 1 litro,PorSi Bio,,"1,19€/L","1,19€",https://cdn.intermarche.pt/pt/Content/images/boitmal/produit/zoom/EE1011AC8234EBF394A7425459D8D02B.jpg,,/product/bio-bebida-aveia/5604260307999
48157,Bebida de soja s/ açúcar,5604260321261,10711,10022,Embalagem de 1 litro,PorSi Viva Bem,,"0,89€/L","0,89€",https://cdn.intermarche.pt/pt/Content/images/boitmal/produit/zoom/7C840C9AA80A8A587DE7E0362CD9F3E4.jpg,,/product/bebida-de-soja-s-ou-acucar/5604260321261
14508,Bebida de Soja Sem Açúcar,5411188115496,10711,10022,Embalagem de 1L,Alpro,,"2,58€/L","2,58€",https://cdn.intermarche.pt/pt/Content/images/boitmal/produit/zoom/59C7541613D2AEC2ECBE5B108019BE70.jpg,,/product/bebida-de-soja-sem-acucar/5411188115496
33090,Bebida Vegetal Amêndoa Sem Açúcar,5411188112709,10711,10022,Embalagem de 1 litro,Alpro,,"2,59€/L","2,59€",https://cdn.intermarche.pt/pt/Content/images/boitmal/produit/zoom/B38D6D806CDAB94AD756A0104DD1E4F1.jpg,,/product/bebida-vegetal-amendoa-sem-acucar/5411188112709
43119,Creme Soja Culinária,5411188121374,10711,10022,250 ml,Alpro,,"7,16€/L","1,79€",https://cdn.intermarche.pt/pt/Content/images/boitmal/produit/zoom/D15B7B38D91CC175C182EC3CD6256940.jpg,,/product/creme-soja-culinaria/5411188121374
17595,Bebida Vegetal Aveia,5411188115366,10711,10022,Embalagem de 1 litro,Alpro,,"2,49€/L","2,49€",https://cdn.intermarche.pt/pt/Content/images/boitmal/produit/zoom/022F75688FDF46C20D85292C59BA5F61.jpg,,/product/bebida-vegetal-aveia/5411188115366
42849,Bio bebida soja natural,5604260308019,10711,10022,embalagem de 1 litro,PorSi Bio,,"0,94€/L","0,94€",https://cdn.intermarche.pt/pt/Content/images/boitmal/produit/zoom/50113C609AD009D3B2D0CF48196D2F7D.jpg,,/product/bio-bebida-soja-natural/5604260308019
52831,"Bebida Soja Alto Teor Proteína, 750 ml",5411188139386,11753,11364,,Alpro,,"2,65€/L","1,99€",https://cdn.intermarche.pt/pt/Content/images/boitmal/produit/zoom/A3AC0E87F36C2A77696E57308C8094AC.jpg,,/product/bebida-soja-alto-teor-proteina-750-ml/5411188139386
12070,Bebida de soja e chocolate,5604260246335,10711,10022,Embalagem de 1 l,PorSi Viva Bem,,"0,94€/L","0,94€",https://cdn.intermarche.pt/pt/Content/images/boitmal/produit/zoom/D2335486F133370B0221D2801B55E431.jpg,,/product/bebida-de-soja-e-chocolate/5604260246335
16557,Bebida Vegetal Arroz,5411188117032,11753,11364,Embalagem de 1 l,Alpro,,"2,49€/L","2,49€",https://cdn.intermarche.pt/pt/Content/images/boitmal/produit/zoom/75DBCACFDEE2B7C9BB25D98AA857E138.jpg,,/product/bebida-vegetal-arroz/5411188117032
30728,Bebida de Soja Natural,5604260283460,10711,10022,Pack: 3 x 200 ml,PorSi Viva Bem,,"1,65€/L","0,99€",https://cdn.intermarche.pt/pt/Content/images/boitmal/produit/zoom/F78854067E640A149A978F97962EEB36.jpg,,/product/bebida-de-soja-natural/5604260283460
35850,Bebida de amêndoa - 0% açúcar,5600798960743,11753,11364,Embalagem de 1 litro,Shoyce,,"1,99€/L","1,99€",https://cdn.intermarche.pt/pt/Content/images/boitmal/produit/zoom/5013FFC843ED4864BBA03A98EB758892.jpg,,/product/bebida-de-amendoa-0%25-acucar/5600798960743
52765,"Bebida Láctea Proteica Chocolate, 330ml",5604260331154,11177,10010,,PorSi Viva Bem,,"4,21€/L","1,39€",https://cdn.intermarche.pt/pt/Content/images/boitmal/produit/zoom/DB11F3404CB27B8CCF1D657A510C1D96.jpg,,/product/bebida-lactea-proteica-chocolate-330ml/5604260331154
9680,Bebida soja light,5604260270071,10711,10022,Embalagem de 1 l,PorSi Viva Bem,,"0,85€/L","0,85€",https://cdn.intermarche.pt/pt/Content/images/boitmal/produit/zoom/CE6A380B97A52E78C8A3C79E7B37E40B.jpg,,/product/bebida-soja-light/5604260270071
28268,Bebida amêndoa,5600798960705,11753,11364,Embalagem de 1 litro,Shoyce,,"1,99€/L","1,99€",https://cdn.intermarche.pt/pt/Content/images/boitmal/produit/zoom/63FB85ABE62286CFC5D2220DA54EC498.jpg,,/product/bebida-amendoa/5600798960705
29717,Bebida de Soja Baunilha,5604260246328,10711,10022,1 l,PorSi Viva Bem,,"9,40€/L","0,94€",https://cdn.intermarche.pt/pt/Content/images/boitmal/produit/zoom/388ED56140A02064AC98B102184E584C.jpg,,/product/bebida-de-soja-baunilha/5604260246328
38100,Bebida Soja Chocolate,5411188121978,10711,10022,Embalagem de 3 x 250 ml,Alpro,,"3,72€/L","2,79€",https://cdn.intermarche.pt/pt/Content/images/boitmal/produit/zoom/531C9AE9DF8EE88CA3F9472E24421682.jpg,,/product/bebida-soja-chocolate/5411188121978
48662,Bebida de aveia barista,5600798961108,10915,10120,Embalagem de 1 litro,Shoyce,,"1,99€/L","1,99€",https://cdn.intermarche.pt/pt/Content/images/boitmal/produit/zoom/CA66BCED18FB09F732CBB0A79689D408.jpg,,/product/bebida-de-aveia-barista/5600798961108
14509,Bebida de soja baunilha,5411188115533,10711,10022,Embalagem de 1L,Alpro,,"2,49€/L","2,49€",https://cdn.intermarche.pt/pt/Content/images/boitmal/produit/zoom/CC3EB204FB7E42571369231C3EB15D86.jpg,,/product/bebida-de-soja-baunilha/5411188115533
22734,"Bebida de arroz, 1 litro",5600798960484,11753,11364,,Shoyce,,"1,79€/L","1,79€",https://cdn.intermarche.pt/pt/Content/images/boitmal/produit/zoom/4F75203E7D11FAAA35D3D023D9FE9B33.jpg,,/product/bebida-de-arroz-1-litro/5600798960484
23471,Bebida de coco,5600798960804,11753,11364,Embalagem de 1 litro,Shoyce,,"1,99€/L","1,99€",https://cdn.intermarche.pt/pt/Content/images/boitmal/produit/zoom/2ED0AC68411AB2FBFF4D7A42F3BAABA9.jpg,,/product/bebida-de-coco/5600798960804
40105,"Bebida de aveia bio, 1 l",8436019097168,11282,10119,,Frias bio,,"1,89€/L","1,89€",https://cdn.intermarche.pt/pt/Content/images/boitmal/produit/zoom/B3E50B223FDC40363A784705CBE29B6E.jpg,,/product/bebida-de-aveia-bio-1-l/8436019097168
40203,Bebida de Amêndoa,8436019097014,10915,10120,Embalagem de 1L,Frias,,"2,19€/L","2,19€",https://cdn.intermarche.pt/pt/Content/images/boitmal/produit/zoom/66BEC5137458055F8818DF5A22B46FCA.jpg,,/product/bebida-de-amendoa/8436019097014
40204,Bebida de Aveia,8436019097021,10915,10120,Embalagem de 1L,Frias,,"1,89€/L","1,89€",https://cdn.intermarche.pt/pt/Content/images/boitmal/produit/zoom/7FB387BD0D14FEC7BB52C0FA4BE2BA59.jpg,,/product/bebida-de-aveia/8436019097021
40205,Bebida de Arroz,8436019097038,10915,10120,Embalagem de 1L,Frias,,"1,89€/L","1,89€",https://cdn.intermarche.pt/pt/Content/images/boitmal/produit/zoom/FC3D1DB022047D8176E815976EF192AE.jpg,,/product/bebida-de-arroz/8436019097038
40208,Bebida de Soja com Cálcio,8436019099674,10915,10120,Embalagem de 1L,Frias,,"1,39€/L","1,39€",https://cdn.intermarche.pt/pt/Content/images/boitmal/produit/zoom/2DA0ACE999B08B50434CBD59387B076B.jpg,,/product/bebida-de-soja-com-calcio/8436019099674
46922,Ovos de Galinha ao Ar Livre Classe M/L,5601897500021,11698,11367,12 unidades,Matinados,,"3,58€/Unidade","3,58€",https://cdn.intermarche.pt/pt/Content/images/boitmal/produit/zoom/D418E60C080058753E8CC98EB5E81765.jpg,,/product/ovos-de-galinha-ao-ar-livre-classe-m-ou-l/5601897500021
29280,Ovos de Galinha ao Ar Livre Classe M/L,5601897500014,11698,11367,6 unidades,Matinados,,"1,79€/Unidade","1,79€",https://cdn.intermarche.pt/pt/Content/images/boitmal/produit/zoom/3048326652357C5FCFB75D3FB01965D7.jpg,,/product/ovos-de-galinha-ao-ar-livre-classe-m-ou-l/5601897500014
46955,Ovos | Classe: L,5600748341554,11698,11367,24 unidades,Ovitae,,"4,89€/Unidade","4,89€",https://cdn.intermarche.pt/pt/Content/images/boitmal/produit/zoom/F9919A79C48E88330AFAA63AFF2BCCC5.jpg,,/product/ovos-|-classe:-l/5600748341554
42574,12 ovos codorniz,5604260306473,11698,11367,Embalagem de 1 unidades,PorSi,,"1,29€/Unidade","1,29€",https://cdn.intermarche.pt/pt/Content/images/boitmal/produit/zoom/9959CAACA76E6DC01DC64467B9C02E6A.jpg,,/product/12-ovos-codorniz/5604260306473
51884,"Ovos Classe M/L Biológicos, 6 unidades",5601897600219,11282,10119,,Matinados,,"2,99€/Unidade","2,99€",https://cdn.intermarche.pt/pt/Content/images/boitmal/produit/zoom/70CCF73ECFB31B0B4C8F8B66E111D60B.jpg,,/product/ovos-classe-m-ou-l-biologicos-6-unidades/5601897600219
29421,Clara de Ovo Liquida Pasteurizada,5604550130146,11698,11367,Embalagem de 1kg,Dovo,,"3,19€/Kg","3,19€",https://cdn.intermarche.pt/pt/Content/images/boitmal/produit/zoom/4C48DA4E457EF5EFD5DD46A9C10CB819.jpg,,/product/clara-de-ovo-liquida-pasteurizada/5604550130146
29419,Clara Liquida Pasteurizada,5604550001033,11698,11367,Embalagem de 320 ml,Dovo,,"3,59€/L","1,15€",https://cdn.intermarche.pt/pt/Content/images/boitmal/produit/zoom/0525F096DF9F2E84286F47C907A77D6B.jpg,,/product/clara-liquida-pasteurizada/5604550001033
51947,"Planteiga com Sal Vegan, 200g",8719200253087,11706,11363,,Planta,,"7,45€/Kg","1,49€",https://cdn.intermarche.pt/pt/Content/images/boitmal/produit/zoom/1C8192B5C8DA466AD648BB6546E3F415.jpg,2024-10-04T22:59:59.999Z,/product/planteiga-com-sal-vegan-200g/8719200253087
7324,Manteiga magra meio sal,3228020390131,11706,11363,Embalagem de 250g,Président,,"9,48€/Kg","2,37€",https://cdn.intermarche.pt/pt/Content/images/boitmal/produit/zoom/E0572D04FA5CEC1AC6556A139AF011D2.jpg,2024-09-25T22:59:59.999Z,/product/manteiga-magra-meio-sal/3228020390131
10900,Manteiga fácil de barrar,3228021920191,11706,11363,Embalagem de 250g,Président,,"13,96€/Kg","3,49€",https://cdn.intermarche.pt/pt/Content/images/boitmal/produit/zoom/4D96FDED3FC03AA427EBA14DEAEC2804.jpg,2024-09-25T22:59:59.999Z,/product/manteiga-facil-de-barrar/3228021920191
10901,Manteiga magra baixo teor sal,3228022000298,11706,11363,Embalagem de 250g,Président,,"9,48€/Kg","2,37€",https://cdn.intermarche.pt/pt/Content/images/boitmal/produit/zoom/39754817E202726209A4761F94FED7A7.jpg,2024-09-25T22:59:59.999Z,/product/manteiga-magra-baixo-teor-sal/3228022000298
10899,Manteiga la motte sal do mar,3228021000084,11706,11363,Embalagem de 250 g,Président,,"14,68€/Kg","3,67€",https://cdn.intermarche.pt/pt/Content/images/boitmal/produit/zoom/153C6DDCD2E6CEC05A8A1B3D2D6E4471.jpg,2024-09-25T22:59:59.999Z,/product/manteiga-la-motte-sal-do-mar/3228021000084
51948,"Planteiga sem Sal Vegan, 200g",8719200253056,11282,10119,,Planta,,"7,45€/Kg","1,49€",https://cdn.intermarche.pt/pt/Content/images/boitmal/produit/zoom/6B07C8375772AE175A841170A028D654.jpg,2024-10-04T22:59:59.999Z,/product/planteiga-sem-sal-vegan-200g/8719200253056
11523,"Manteiga com sal, 250g",5601051410029,11706,11363,,Primor,,"8,76€/Kg","2,19€",https://cdn.intermarche.pt/pt/Content/images/boitmal/produit/zoom/5E7E0622B0F1F3C827A5445EBDA354EF.jpg,,/product/manteiga-com-sal-250g/5601051410029
9292,Manteiga Magra,5603722493812,11706,11363,Embalagem de 250g,Matinal,,"9,92€/Kg","2,48€",https://cdn.intermarche.pt/pt/Content/images/boitmal/produit/zoom/B0EFE8F0BAC9D546B0137E2AAE6CB19F.jpg,,/product/manteiga-magra/5603722493812
11967,Manteiga c/ sal,5601049612336,11706,11363,Embalagem de 250g,Mimosa,,"8,76€/Kg","2,19€",https://cdn.intermarche.pt/pt/Content/images/boitmal/produit/zoom/C41D77380AC10A8E184B8D4C3C381772.jpg,,/product/manteiga-c-ou-sal/5601049612336
12127,Manteiga magra,5604260269648,11706,11363,Embalagem de 250g,PorSi,,"7,56€/Kg","1,89€",https://cdn.intermarche.pt/pt/Content/images/boitmal/produit/zoom/23D1EEF2A9C34C9A24A10D68E68F9A35.jpg,,/product/manteiga-magra/5604260269648
47102,Manteiga com sal e sem lactose,5603722520198,11706,11363,Embalagem de 250g,Mimosa,,"10,36€/Kg","2,59€",https://cdn.intermarche.pt/pt/Content/images/boitmal/produit/zoom/B591AEA7549E84BED541D0651A14575A.jpg,,/product/manteiga-com-sal-e-sem-lactose/5603722520198
9293,Manteiga pasteurizada com sal cuvet,5603722493942,11706,11363,Embalagem de 250g,Primor,,"9,16€/Kg","2,29€",https://cdn.intermarche.pt/pt/Content/images/boitmal/produit/zoom/5B98CBCDF9DE77B1D84C2C6375C3439D.jpg,,/product/manteiga-pasteurizada-com-sal-cuvet/5603722493942
14708,Manteiga c/sal,5601244202332,11706,11363,Embalagem de 250g,Terra Nostra,,"7,96€/Kg","1,99€",https://cdn.intermarche.pt/pt/Content/images/boitmal/produit/zoom/F856625366E0E50DFC4757127A46E849.jpg,,/product/manteiga-c-ou-sal/5601244202332
9311,Manteiga fácil de barrar,5603722502064,11706,11363,Embalagem de 250g,Mimosa,,"9,40€/Kg","2,35€",https://cdn.intermarche.pt/pt/Content/images/boitmal/produit/zoom/4BF7FA2397A9EAF9E6403C8BF847293A.jpg,,/product/manteiga-facil-de-barrar/5603722502064
9631,Manteiga com sal açores,5604260265466,11706,11363,Embalagem de 250 g,PorSi,,"7,92€/Kg","1,98€",https://cdn.intermarche.pt/pt/Content/images/boitmal/produit/zoom/1F50B593F150B48E6711F7722EAC4ED2.jpg,,/product/manteiga-com-sal-acores/5604260265466
11963,Manteiga sem sal,5603722505775,11706,11363,Embalagem de 250g,Mimosa,,"8,96€/Kg","2,24€",https://cdn.intermarche.pt/pt/Content/images/boitmal/produit/zoom/328B59C6E2944F7ED81679344E5E6191.jpg,,/product/manteiga-sem-sal/5603722505775
37603,Manteiga sem sal terra nostra,5601244700005,11706,11363,Embalagem de 250g,Terra Nostra,,"9,16€/Kg","2,29€",https://cdn.intermarche.pt/pt/Content/images/boitmal/produit/zoom/A2ED522CEDE2615912420B519808E371.jpg,,/product/manteiga-sem-sal-terra-nostra/5601244700005
42145,Manteiga com sal,5604260304639,11706,11363,Embalagem de 250 g,PorSi,,"7,92€/Kg","1,98€",https://cdn.intermarche.pt/pt/Content/images/boitmal/produit/zoom/A482BEE05418D098101D118228278528.jpg,,/product/manteiga-com-sal/5604260304639
52935,"Manteiga Magra Sem Lactose, 200g",5603722522628,11282,10119,,Matinal,,"10,95€/Kg","2,19€",https://cdn.intermarche.pt/pt/Content/images/boitmal/produit/zoom/2A7DC81F20D438007A5500C63648E75B.jpg,,/product/manteiga-magra-sem-lactose-200g/5603722522628
8396,Manteiga com sal,5601049614330,11706,11363,Embalagem de 250g,Milhafre,,"9,16€/Kg","2,29€",https://cdn.intermarche.pt/pt/Content/images/boitmal/produit/zoom/8DCB9F2F3B36086D35B7173891ABA268.jpg,,/product/manteiga-com-sal/5601049614330
9061,Manteiga com Sal,5601771028054,11706,11363,Embalagem de 250g,Loreto,,"9,16€/Kg","2,29€",https://cdn.intermarche.pt/pt/Content/images/boitmal/produit/zoom/0058301832132528BD4F576ED6C13FE4.jpg,,/product/manteiga-com-sal/5601771028054
11524,Manteiga sem sal,5601051420028,11706,11363,Embalagem de 250g,Primor,,"8,76€/Kg","2,19€",https://cdn.intermarche.pt/pt/Content/images/boitmal/produit/zoom/B2FFA6A89B700950590104B0F7BA500E.jpg,,/product/manteiga-sem-sal/5601051420028
11463,Manteiga com Sal,5601018001642,11706,11363,Embalagem de 250g,Gresso,,"8,36€/Kg","2,09€",https://cdn.intermarche.pt/pt/Content/images/boitmal/produit/zoom/CE6327DA4716D17A10AB93CC3D5ACD31.jpg,,/product/manteiga-com-sal/5601018001642
11501,Manteiga com sal,5601049612084,11706,11363,Embalagem de 130g,Mimosa,,"11,00€/Kg","1,43€",https://cdn.intermarche.pt/pt/Content/images/boitmal/produit/zoom/DC7A16E0542B828D039563A6AD9E73FE.jpg,,/product/manteiga-com-sal/5601049612084
9078,Manteiga com sal,5601883000351,11706,11363,Embalagem de 250g,Nova Açores,,"7,16€/Kg","1,79€",https://cdn.intermarche.pt/pt/Content/images/boitmal/produit/zoom/B374003B4D850F2B18FB43590E1FCCC4.jpg,,/product/manteiga-com-sal/5601883000351
11960,Manteiga magra,5603722505300,11706,11363,Embalagem de 250g,Mimosa,,"8,96€/Kg","2,24€",https://cdn.intermarche.pt/pt/Content/images/boitmal/produit/zoom/4BED7878F3F6B8054337A806342B0A37.jpg,,/product/manteiga-magra/5603722505300
19927,Manteiga c/ sal gourmet,5601883000405,11706,11363,Embalagem de 250g,Nova Açores,,"10,36€/Kg","2,59€",https://cdn.intermarche.pt/pt/Content/images/boitmal/produit/zoom/65056049540390D09FDE870040E3173A.jpg,,/product/manteiga-c-ou-sal-gourmet/5601883000405
9308,Manteiga com sal marinho,5603722501449,11706,11363,Embalagem de 130g,Primor,,"15,23€/Kg","1,98€",https://cdn.intermarche.pt/pt/Content/images/boitmal/produit/zoom/3C293E46CDEBC2751EF88E5A5F91F701.jpg,,/product/manteiga-com-sal-marinho/5603722501449
28063,Manteiga s/ lactose,5603722516726,11282,10119,Embalagem de 130g,Primor,,"15,23€/Kg","1,98€",https://cdn.intermarche.pt/pt/Content/images/boitmal/produit/zoom/34F1B20CE191519273B27FBF452F5B33.jpg,,/product/manteiga-s-ou-lactose/5603722516726
33981,Manteiga de Cabra,8003046000166,11706,11363,Embalagem de 125g,Girau,,"15,92€/Kg","1,99€",https://cdn.intermarche.pt/pt/Content/images/boitmal/produit/zoom/2444EE88F5D38359F2230438789E6437.jpg,,/product/manteiga-de-cabra/8003046000166
52882,"Creme Vegetal de Barrar com Sabor a Manteiga, 1 kg",8719200267923,11707,11363,,Planta,,"4,99€/Kg","4,99€",https://cdn.intermarche.pt/pt/Content/images/boitmal/produit/zoom/CA359583CDC4B85860A9620A14431005.jpg,2024-09-25T22:59:59.999Z,/product/creme-vegetal-de-barrar-com-sabor-a-manteiga-1-kg/8719200267923
51896,"Creme Vegetal para Barrar Original, 400g",8719200253377,11707,11363,,Planta,,"6,23€/Kg","2,49€",https://cdn.intermarche.pt/pt/Content/images/boitmal/produit/zoom/7E3E893F11A83F74C9C78D45FF4B6FD0.jpg,2024-09-25T22:59:59.999Z,/product/creme-vegetal-para-barrar-original-400g/8719200253377
51895,"Creme Vegetal para Barrar Original, 225g",8719200253407,11707,11363,,Planta,,"7,56€/Kg","1,70€",https://cdn.intermarche.pt/pt/Content/images/boitmal/produit/zoom/34875B4CFAEFB89404E5C1F04E47EB55.jpg,2024-09-25T22:59:59.999Z,/product/creme-vegetal-para-barrar-original-225g/8719200253407
52883,"Creme Vegetal para Barrar Original, 1 kg",8719200267824,11707,11363,,Planta,,"4,79€/Kg","4,79€",https://cdn.intermarche.pt/pt/Content/images/boitmal/produit/zoom/CBB4812E883E0A943660F7C5BD667E18.jpg,2024-09-25T22:59:59.999Z,/product/creme-vegetal-para-barrar-original-1-kg/8719200267824
52636,"Creme Vegetal para Barrar, 400g",8719200269026,11707,11363,,Planta,,"6,98€/Kg","2,79€",https://cdn.intermarche.pt/pt/Content/images/boitmal/produit/zoom/F2CFBA4FEEFEB61DCCAE1BF3D707E3AF.jpg,2024-09-25T22:59:59.999Z,/product/creme-vegetal-para-barrar-400g/8719200269026
53112,"Creme Vegetal para Barrar Magro Sabor a Manteiga, 225g",8719200261396,11282,10119,,Planta,,"7,96€/Kg","1,79€",https://cdn.intermarche.pt/pt/Content/images/boitmal/produit/zoom/8A26170B245BCD16D7302351FE82D3EB.jpg,2024-09-25T22:59:59.999Z,/product/creme-vegetal-para-barrar-magro-sabor-a-manteiga-225g/8719200261396
16419,Creme vegetal para culinária,5604260127535,11707,11363,Embalagem de 1 kg,PorSi,,"2,49€/Kg","2,49€",https://cdn.intermarche.pt/pt/Content/images/boitmal/produit/zoom/EFC5230486AA9D2C9C956D01F8E963C1.jpg,,/product/creme-vegetal-para-culinaria/5604260127535
43626,Creme vegetal líquido cozinha,5604260302765,11707,11363,Garrafa de 500 ml,PorSi,,"3,38€/L","1,69€",https://cdn.intermarche.pt/pt/Content/images/boitmal/produit/zoom/BBE1C9EB8920840554505163DB998C43.jpg,,/product/creme-vegetal-liquido-cozinha/5604260302765
50020,Creme Vegetal para Barrar,8719200231832,11282,10119,Embalagem de 225g,Pro-activ,,"17,73€/Kg","3,99€",https://cdn.intermarche.pt/pt/Content/images/boitmal/produit/zoom/E48C02A75483F77620852FF97B5C7EEB.jpg,,/product/creme-vegetal-para-barrar/8719200231832
52880,"Creme Vegetal de Barrar com Sabor a Manteiga, 450g",8719200267794,11707,11363,,Becel,,"11,09€/Kg","4,99€",https://cdn.intermarche.pt/pt/Content/images/boitmal/produit/zoom/287D301C66C180312FAA8A3BAE7EA710.jpg,,/product/creme-vegetal-de-barrar-com-sabor-a-manteiga-450g/8719200267794
16420,Creme vegetal para culinária,5604260248070,11707,11363,Embalagem de 250g,PorSi,,"3,16€/Kg","0,79€",https://cdn.intermarche.pt/pt/Content/images/boitmal/produit/zoom/A51DBC41FEB55C6E0E677706BC601410.jpg,,/product/creme-vegetal-para-culinaria/5604260248070
33442,Creme vegetal sabor manteiga,5604260286379,11707,11363,Embalagem de 500 g,PorSi,,"3,38€/Kg","1,69€",https://cdn.intermarche.pt/pt/Content/images/boitmal/produit/zoom/A0EB99C092AAF84CA1B83690B2A15EBD.jpg,,/product/creme-vegetal-sabor-manteiga/5604260286379
34008,Creme vegetal para barrar,5604260286362,11707,11363,Embalagem de 500 g,PorSi,,"2,70€/Kg","1,35€",https://cdn.intermarche.pt/pt/Content/images/boitmal/produit/zoom/4597D5AB133DF73AAA3CCB079C956CB8.jpg,,/product/creme-vegetal-para-barrar/5604260286362
49964,Creme de Barrar,8719200238176,11707,11363,Embalagem de 225g,Becel,,"13,29€/Kg","2,99€",https://cdn.intermarche.pt/pt/Content/images/boitmal/produit/zoom/382BF7BFAA9AE155413812F2C51A439C.jpg,,/product/creme-de-barrar/8719200238176
52879,"Creme Vegetal para Barrar, 450g",8719200256408,11707,11363,,Astra,,"3,76€/Kg","1,69€",https://cdn.intermarche.pt/pt/Content/images/boitmal/produit/zoom/AF496D387BC9A1814D7E46819C091CD1.jpg,,/product/creme-vegetal-para-barrar-450g/8719200256408
50019,Creme Vegetal para Barrar,8719200231740,11282,10119,Embalagem de 450g,Pro-activ,,"15,53€/Kg","6,99€",https://cdn.intermarche.pt/pt/Content/images/boitmal/produit/zoom/90C9C700340C8347F870851C9F7882DE.jpg,,/product/creme-vegetal-para-barrar/8719200231740
50021,Creme Vegetal para Barrar,8719200231801,11282,10119,Embalagem de 450g,Pro-activ,,"15,53€/Kg","6,99€",https://cdn.intermarche.pt/pt/Content/images/boitmal/produit/zoom/5CA17D83A4B1158ED2380D3A9135F55E.jpg,,/product/creme-vegetal-para-barrar/8719200231801
52881,"Creme Vegetal para Barrar Original, 450g",8719200267190,11707,11363,,Becel,,"13,09€/Kg","5,89€",https://cdn.intermarche.pt/pt/Content/images/boitmal/produit/zoom/D67292663C5C1617E51BCDF904BF56A4.jpg,,/product/creme-vegetal-para-barrar-original-450g/8719200267190
50018,Creme Vegetal para Barrar,8719200230989,11282,10119,Embalagem de 225g,Pro-activ,,"17,73€/Kg","3,99€",https://cdn.intermarche.pt/pt/Content/images/boitmal/produit/zoom/E746CC522FE7D3D32F90D213B8EC16BB.jpg,,/product/creme-vegetal-para-barrar/8719200230989
46651,Creme vegetal p/ barrar reduz colesterol,5604260307791,11282,10119,250 g,PorSi Viva Bem,,"7,96€/Kg","1,99€",https://cdn.intermarche.pt/pt/Content/images/boitmal/produit/zoom/47C7E4C446A032EBC415A33185B60E11.jpg,,/product/creme-vegetal-p-ou-barrar-reduz-colesterol/5604260307791
36935,Creme para barrar,0000080176800,10317,10051,Embalagem de 750 g,Nutella,,"9,72€/Kg","7,29€",https://cdn.intermarche.pt/pt/Content/images/boitmal/produit/zoom/506FB916EAF70D273B9F4E00A3A5FC6E.jpg,,/product/creme-para-barrar/0000080176800
11959,Nata para culinária ligeira,5603722504945,11703,11365,Embalagem de 200 ml,Mimosa,,"4,20€/L","0,84€",https://cdn.intermarche.pt/pt/Content/images/boitmal/produit/zoom/A0377F70E8B13E785737B9E790570BDE.jpg,2024-09-25T22:59:59.999Z,/product/nata-para-culinaria-ligeira/5603722504945
52887,"Natas para Massas, 200 ml",5603722523137,11703,11365,,Mimosa,,"4,95€/L","0,99€",https://cdn.intermarche.pt/pt/Content/images/boitmal/produit/zoom/F3EDAE46E372CBB78EE7DEA3A9DB3BD9.jpg,2024-09-25T22:59:59.999Z,/product/natas-para-massas-200-ml/5603722523137
50624,"Nata Culinária Sem Lactose, 200 ml",5603722520969,11703,11365,,Mimosa,,"4,95€/L","0,99€",https://cdn.intermarche.pt/pt/Content/images/boitmal/produit/zoom/050D19427AA010B013CA63696314E26F.jpg,2024-09-25T22:59:59.999Z,/product/nata-culinaria-sem-lactose-200-ml/5603722520969
52804,"Creme Vegetal Leite Coco, 200 ml",5603722523014,11282,10119,,Mimosa,,"6,45€/L","1,29€",https://cdn.intermarche.pt/pt/Content/images/boitmal/produit/zoom/015C744C98820B7831E32EFBFFA827A7.jpg,2024-09-25T22:59:59.999Z,/product/creme-vegetal-leite-coco-200-ml/5603722523014
52886,"Natas para Carne, 200 ml",5603722523113,11703,11365,,Mimosa,,"4,95€/L","0,99€",https://cdn.intermarche.pt/pt/Content/images/boitmal/produit/zoom/974E5E2703AF4694FB78F37DC9D40DC9.jpg,2024-09-25T22:59:59.999Z,/product/natas-para-carne-200-ml/5603722523113
36253,Nata uht light para culinária,5604260290246,11703,11365,embalagem de 200 ml,PorSi,,"3,45€/L","0,69€",https://cdn.intermarche.pt/pt/Content/images/boitmal/produit/zoom/F3B32AAC888E1AF85690FE13660B77A8.jpg,,/product/nata-uht-light-para-culinaria/5604260290246
12046,Molho bechamel,5604260104116,11703,11365,Embalagem de 500 ml,PorSi,,"3,18€/L","1,59€",https://cdn.intermarche.pt/pt/Content/images/boitmal/produit/zoom/59302A2DF178F420468EA484A424548F.jpg,,/product/molho-bechamel/5604260104116
11922,Molho bechamel,5603089001125,11703,11365,Embalagem de 200 ml,Parmalat,,"5,95€/L","1,19€",https://cdn.intermarche.pt/pt/Content/images/boitmal/produit/zoom/9C3458C8BB2A370E8731689890BBDCF8.jpg,,/product/molho-bechamel/5603089001125
9250,Nata uht para bater,5603089002214,11703,11365,Embalagem de 200 ml,Parmalat,,"5,70€/L","1,14€",https://cdn.intermarche.pt/pt/Content/images/boitmal/produit/zoom/564E6DE7CBEC64036F1973402627DACC.jpg,,/product/nata-uht-para-bater/5603089002214
11923,Natas uht com cogumelos,5603089001354,11703,11365,Embalagem de 200 ml,Parmalat,,"6,45€/L","1,29€",https://cdn.intermarche.pt/pt/Content/images/boitmal/produit/zoom/F673DA54DF0FB2354A320B1D6D903A2F.jpg,,/product/natas-uht-com-cogumelos/5603089001354
11925,Nata uht para culinária,5603089002221,11703,11365,Embalagem de 200 ml,Parmalat,,"5,60€/L","1,12€",https://cdn.intermarche.pt/pt/Content/images/boitmal/produit/zoom/39B2978C231528EFFB97F8BADC2C7332.jpg,,/product/nata-uht-para-culinaria/5603089002221
11930,Nata uht carbonara,5603089003679,11703,11365,Embalagem de 200 ml,Parmalat,,"6,45€/L","1,29€",https://cdn.intermarche.pt/pt/Content/images/boitmal/produit/zoom/7103608D2E44D48C929116E950C3FF6B.jpg,,/product/nata-uht-carbonara/5603089003679
11929,Natas uht 3 queijos,5603089003518,11703,11365,Embalagem de 200 ml,Parmalat,,"6,45€/L","1,29€",https://cdn.intermarche.pt/pt/Content/images/boitmal/produit/zoom/6F8185F292BC05B9C919EB0A61212A41.jpg,,/product/natas-uht-3-queijos/5603089003518
9247,Molho bechamel,5603089000661,11703,11365,Embalagem de 500 ml,Parmalat,,"4,38€/L","2,19€",https://cdn.intermarche.pt/pt/Content/images/boitmal/produit/zoom/D25E86383C37049DAB440553127AE074.jpg,,/product/molho-bechamel/5603089000661
22428,Creme culinário de soja,5600798960286,11282,10119,Garrafa de 200 ml,Shoyce,,"5,95€/L","1,19€",https://cdn.intermarche.pt/pt/Content/images/boitmal/produit/zoom/34C0562B5361D465B3611C358589D5AC.jpg,,/product/creme-culinario-de-soja/5600798960286
30709,Bechamel sem glúten,5603089007738,11282,10119,500 ml,Parmalat,,"5,18€/L","2,59€",https://cdn.intermarche.pt/pt/Content/images/boitmal/produit/zoom/A45D4AD7BDD866FA75167D46D503ED8D.jpg,,/product/bechamel-sem-gluten/5603089007738
9252,Nata com ervas aromáticas,5603089006199,11703,11365,Embalagem de 200 ml,Parmalat,,"6,45€/L","1,29€",https://cdn.intermarche.pt/pt/Content/images/boitmal/produit/zoom/1B8911025812A9BB9E6C9A1B12F65203.jpg,,/product/nata-com-ervas-aromaticas/5603089006199
26580,Creme culinário soja light,5600798960163,11282,10119,Garrafa de 200 ml,Shoyce,,"6,45€/L","1,29€",https://cdn.intermarche.pt/pt/Content/images/boitmal/produit/zoom/CC263813DE6A8BEF285425FD77A9AB4E.jpg,,/product/creme-culinario-soja-light/5600798960163
36945,Margarina líquida,8719200009899,11704,11365,Embalagem de 500 ml,Vaqueiro,,"5,98€/L","2,99€",https://cdn.intermarche.pt/pt/Content/images/boitmal/produit/zoom/18B276D9701F28BD99E88251DF4CDB08.jpg,,/product/margarina-liquida/8719200009899
5773,Banha de Porco,5604260025282,11704,11365,Embalagem de 230 g,PorSi,,"3,87€/Kg","0,89€",https://cdn.intermarche.pt/pt/Content/images/boitmal/produit/zoom/680F093F07B7C209C0DDEB03991A63B0.jpg,,/product/banha-de-porco/5604260025282
5774,Banha de Porco,5604260025299,11704,11365,Embalagem de 940 g,PorSi,,"4,78€/Kg","4,49€",https://cdn.intermarche.pt/pt/Content/images/boitmal/produit/zoom/ACA951D8A806DF1DCF0082F65FBBC5DC.jpg,,/product/banha-de-porco/5604260025299
11496,Nata uht,5601049213991,11705,11365,embalagem de 200 ml,Mimosa,,"4,20€/L","0,84€",https://cdn.intermarche.pt/pt/Content/images/boitmal/produit/zoom/887C5343F4688DBB2FEDBF4E6D25399A.jpg,2024-09-25T22:59:59.999Z,/product/nata-uht/5601049213991
44264,"Nata cremosa sem lactose, 200 ml",5603722517136,11705,11365,,Mimosa,,"4,95€/L","0,99€",https://cdn.intermarche.pt/pt/Content/images/boitmal/produit/zoom/505AB5A758F0033F2C092C6776B8A3D2.jpg,2024-09-25T22:59:59.999Z,/product/nata-cremosa-sem-lactose-200-ml/5603722517136
11950,Nata uht light,5603722495106,11705,11365,Embalagem de 200 ml,Mimosa,,"4,20€/L","0,84€",https://cdn.intermarche.pt/pt/Content/images/boitmal/produit/zoom/6E7D8A653C78B6ADF8DDAFC11006499D.jpg,2024-09-25T22:59:59.999Z,/product/nata-uht-light/5603722495106
11958,"Nata pasteurizada, 200 ml",5603722504938,11705,11365,,Mimosa,,"8,45€/L","1,69€",https://cdn.intermarche.pt/pt/Content/images/boitmal/produit/zoom/9136B30EBD1981F469CF453A7AEC79C1.jpg,2024-09-25T22:59:59.999Z,/product/nata-pasteurizada-200-ml/5603722504938
37421,Nata uht,5604260290222,11705,11365,Embalagem de 200 ml,PorSi,,"3,75€/L","0,75€",https://cdn.intermarche.pt/pt/Content/images/boitmal/produit/zoom/75F693E32D3C766771F43551BCC047C1.jpg,,/product/nata-uht/5604260290222
11466,Nata Uht para Bater,5601018004605,11705,11365,Embalagem de 200 ml,Gresso,,"4,20€/L","0,84€",https://cdn.intermarche.pt/pt/Content/images/boitmal/produit/zoom/F0BDEBD8FC14852BBFA2B30DDCAEC8DB.jpg,,/product/nata-uht-para-bater/5601018004605
11650,Nata Uht,5601192201104,11705,11365,Garrafa de 200 ml,Agros,,"4,95€/L","0,99€",https://cdn.intermarche.pt/pt/Content/images/boitmal/produit/zoom/4B340CBB8695D3B73B1AFCD0D35CD883.jpg,,/product/nata-uht/5601192201104
12379,Chantilly,8410285015354,11705,11365,Embalagem de 250 g,Président,,"11,96€/Kg","2,99€",https://cdn.intermarche.pt/pt/Content/images/boitmal/produit/zoom/B654208BFA286B469467D921BFF560D4.jpg,,/product/chantilly/8410285015354
42179,Nata pasteurizada,5604260307777,11705,11365,Embalagem de 450 ml,PorSi,,"6,20€/L","2,79€",https://cdn.intermarche.pt/pt/Content/images/boitmal/produit/zoom/6E34B08A0109E785FC983F0CB93196A9.jpg,,/product/nata-pasteurizada/5604260307777
15327,Nata uht ligeira,3250392098568,11705,11365,Embalagem de 2X250ML,Páturages,,"5,58€/L","2,79€",https://cdn.intermarche.pt/pt/Content/images/boitmal/produit/zoom/F7BF10BEE2DC97D7940E84FDF69AF97D.jpg,,/product/nata-uht-ligeira/3250392098568
21339,Nata uht 0% lactose,5603089007134,11282,10119,Embalagem de 200 ml,Parmalat,,"6,95€/L","1,39€",https://cdn.intermarche.pt/pt/Content/images/boitmal/produit/zoom/5C987CE9D5560AC8B2365E7C27451819.jpg,,/product/nata-uht-0%25-lactose/5603089007134
42839,Nata pasteurizada leve,5604260307784,11705,11365,Embalagem de 450 ml,PorSi,,"4,20€/L","1,89€",https://cdn.intermarche.pt/pt/Content/images/boitmal/produit/zoom/0D81CC51DCB5F6ED660D46CBD75D32B0.jpg,,/product/nata-pasteurizada-leve/5604260307784
7409,Chantilly 18% mg,3250390504535,11705,11365,Embalagem de 250g,Páturages,,"6,76€/Kg","1,69€",https://cdn.intermarche.pt/pt/Content/images/boitmal/produit/zoom/0EDD81F8B87FE74609B7B722EED5BB1F.jpg,,/product/chantilly-18%25-mg/3250390504535
8378,Natas pasteurizadas para bater,8435257046631,11705,11365,Embalagem de 200 ml,Nestlé,,"11,45€/L","2,29€",https://cdn.intermarche.pt/pt/Content/images/boitmal/produit/zoom/8A451B2726DC1FCA2EB42575C8D9DD9C.jpg,,/product/natas-pasteurizadas-para-bater/8435257046631
10916,"Chantilly, spray",3250390012313,11705,11365,Embalagem de 250g,Páturages,,"6,76€/Kg","1,69€",https://cdn.intermarche.pt/pt/Content/images/boitmal/produit/zoom/FA8D1C914EC9F000CDBD1607E865A3EF.jpg,,/product/chantilly-spray/3250390012313
28646,Nata uht p/ bater 0% lactose,5603089007424,11282,10119,Embalagem de 200 ml,Parmalat,,"6,45€/L","1,29€",https://cdn.intermarche.pt/pt/Content/images/boitmal/produit/zoom/75B763EC3A4C9118C66217B925A7A9C2.jpg,,/product/nata-uht-p-ou-bater-0%25-lactose/5603089007424
52875,"Chantilly Baunilha Spray, 250g",3155253012649,11705,11365,,Président,,"13,16€/Kg","3,29€",https://cdn.intermarche.pt/pt/Content/images/boitmal/produit/zoom/FDD9C786E532EE4BC79BE4A73B39CF48.jpg,,/product/chantilly-baunilha-spray-250g/3155253012649
10094,"Iogurte líquido yoggi banana,  4 x 160 g",8435257040776,10400,10010,,Nestlé,,"3,11€/Kg","1,99€",https://cdn.intermarche.pt/pt/Content/images/boitmal/produit/zoom/7A1039A34E2D3851553F65DFE7093FB2.jpg,2024-09-25T22:59:59.999Z,/product/iogurte-liquido-yoggi-banana-4-x-160-g/8435257040776
12471,"Iogurte líquido yoggi morango/banana,  4 x 160 g",8435257040868,10400,10010,,Nestlé,,"3,11€/Kg","1,99€",https://cdn.intermarche.pt/pt/Content/images/boitmal/produit/zoom/93A52C02113750956F92B7DD59810765.jpg,2024-09-25T22:59:59.999Z,/product/iogurte-liquido-yoggi-morango-ou-banana-4-x-160-g/8435257040868
21051,"Iogurte líquido yoggi, sem lactose, morango,  4 x 160 g",8435257034300,10400,10010,,Nestlé,,"3,42€/Kg","2,19€",https://cdn.intermarche.pt/pt/Content/images/boitmal/produit/zoom/EDE6B117FB886E95B7257B2282F005D2.jpg,2024-09-25T22:59:59.999Z,/product/iogurte-liquido-yoggi-sem-lactose-morango-4-x-160-g/8435257034300
51782,"Iogurte Liquido Pinacolada,  1 kg",5604260327669,10400,10010,,PorSi,,"1,69€/Kg","1,69€",https://cdn.intermarche.pt/pt/Content/images/boitmal/produit/zoom/E769415F34EE41190069C8E55018867C.jpg,,/product/iogurte-liquido-pinacolada-1-kg/5604260327669
8434,"Iogurte activia líquido 0% lima/limão,  4 x 155 g",5601050033731,10400,10010,,Danone,,"3,21€/Kg","1,99€",https://cdn.intermarche.pt/pt/Content/images/boitmal/produit/zoom/E8DD28A0F1244F3320993F3917832E4F.jpg,2024-09-25T22:59:59.999Z,/product/iogurte-activia-liquido-0%25-lima-ou-limao-4-x-155-g/5601050033731
21052,"Iogurte líquido yoggi, sem lactose, morango/banana,  4 x 160 g",8435257034270,10400,10010,,Nestlé,,"3,42€/Kg","2,19€",https://cdn.intermarche.pt/pt/Content/images/boitmal/produit/zoom/93C63CDCCE271351E42C385AFD3AE69F.jpg,2024-09-25T22:59:59.999Z,/product/iogurte-liquido-yoggi-sem-lactose-morango-ou-banana-4-x-160-g/8435257034270
31516,"Yoggi liquido morango,  8x160g",8435257039107,10400,10010,,Nestlé,,"2,70€/Kg","3,89€",https://cdn.intermarche.pt/pt/Content/images/boitmal/produit/zoom/C1FDD60617CEBA746EBEE60AECF62B13.jpg,2024-09-25T22:59:59.999Z,/product/yoggi-liquido-morango-8x160g/8435257039107
51781,"Iogurte liquido morango,  1 kg",5604260327652,10400,10010,,PorSi,,"1,69€/Kg","1,69€",https://cdn.intermarche.pt/pt/Content/images/boitmal/produit/zoom/CC88AAD4451E8700447A902943123884.jpg,,/product/iogurte-liquido-morango-1-kg/5604260327652
51784,"Iogurte Liquido Magro Morango, 1 kg",5604260327683,10400,10010,,PorSi Viva Bem,,"1,69€/Kg","1,69€",https://cdn.intermarche.pt/pt/Content/images/boitmal/produit/zoom/36D30A5F8B9E9E6C892F4180F154E60A.jpg,,/product/iogurte-liquido-magro-morango-1-kg/5604260327683
8400,"Iogurte activia líquido cereais,  4 x 155 g",5601050033779,10400,10010,,Danone,,"3,21€/Kg","1,99€",https://cdn.intermarche.pt/pt/Content/images/boitmal/produit/zoom/3AC3707CF655B8CC61D2C80E4828D7C8.jpg,2024-09-25T22:59:59.999Z,/product/iogurte-activia-liquido-cereais-4-x-155-g/5601050033779
8413,"Actimel morango, 6 x 100g",8410500008932,10400,10010,,Actimel Danone,,"4,82€/Kg","2,89€",https://cdn.intermarche.pt/pt/Content/images/boitmal/produit/zoom/F6EB1A175778A171D463316E7A3FAC27.jpg,2024-09-25T22:59:59.999Z,/product/actimel-morango-6-x-100g/8410500008932
18301,"Iogurte líquido morango,  8x160 ml",5604260278503,10400,10010,,PorSi,,"2,02€/L","2,59€",https://cdn.intermarche.pt/pt/Content/images/boitmal/produit/zoom/82F4DF29967771E32A0D2A5BD395A808.jpg,2024-10-04T22:59:59.999Z,/product/iogurte-liquido-morango-8x160-ml/5604260278503
10095,"Iogurte líquido yoggi morango,  4 x 160 g",8435257040899,10400,10010,,Nestlé,,"3,11€/Kg","1,99€",https://cdn.intermarche.pt/pt/Content/images/boitmal/produit/zoom/F1F347BA34EB28F1148C3C442A42CC17.jpg,2024-09-25T22:59:59.999Z,/product/iogurte-liquido-yoggi-morango-4-x-160-g/8435257040899
44240,"Actimel Kids, 12 x 100 g",8410500010539,10400,10010,,Actimel Danone,,"4,08€/Kg","4,89€",https://cdn.intermarche.pt/pt/Content/images/boitmal/produit/zoom/30A5D0ACB9ED08A0E0975059507175B8.jpg,,/product/actimel-kids-12-x-100-g/8410500010539
5093,"Iogurte activia líquido 0% morango/kiwi,  4 x 155 g",5601050033755,10400,10010,,Danone,,"3,21€/Kg","1,99€",https://cdn.intermarche.pt/pt/Content/images/boitmal/produit/zoom/29B41AE598716D0550D815AA0FE86025.jpg,2024-09-25T22:59:59.999Z,/product/iogurte-activia-liquido-0%25-morango-ou-kiwi-4-x-155-g/5601050033755
8399,"Iogurte activia líquido morango,  4 x 155 g",5601050033809,10400,10010,,Danone,,"3,21€/Kg","1,99€",https://cdn.intermarche.pt/pt/Content/images/boitmal/produit/zoom/D308B1FB4C89B3E5388CD017CB0E1529.jpg,2024-09-25T22:59:59.999Z,/product/iogurte-activia-liquido-morango-4-x-155-g/5601050033809
25375,"Iogurte activia líquido manga e papaia,  4 x 155 g",5601050033441,10400,10010,,Danone,,"3,21€/Kg","1,99€",https://cdn.intermarche.pt/pt/Content/images/boitmal/produit/zoom/A96AE19E74579E9FA5D5277C47DE6D86.jpg,2024-09-25T22:59:59.999Z,/product/iogurte-activia-liquido-manga-e-papaia-4-x-155-g/5601050033441
51783,"Iogurte Liquido Morango e Banana, 1 kg",5604260327676,10400,10010,,PorSi,,"1,69€/Kg","1,69€",https://cdn.intermarche.pt/pt/Content/images/boitmal/produit/zoom/058094D1219331672FBDE095E7607D1A.jpg,,/product/iogurte-liquido-morango-e-banana-1-kg/5604260327676
8435,"Iogurte activia líquido 0% de pêssego/maracujá,  4 x 155 g",5601050033953,10400,10010,,Danone,,"3,21€/Kg","1,99€",https://cdn.intermarche.pt/pt/Content/images/boitmal/produit/zoom/748ECF51AF6234B1BD1ECDB41529BE95.jpg,2024-09-25T22:59:59.999Z,/product/iogurte-activia-liquido-0%25-de-pessego-ou-maracuja-4-x-155-g/5601050033953
8438,"Iogurte activia líquido frutos silvestres,  4 x 155 g",5601050033816,10400,10010,,Danone,,"3,21€/Kg","1,99€",https://cdn.intermarche.pt/pt/Content/images/boitmal/produit/zoom/47CDBF026E044A06DA4E05DE9D7A01E4.jpg,2024-09-25T22:59:59.999Z,/product/iogurte-activia-liquido-frutos-silvestres-4-x-155-g/5601050033816
11505,"Iogurte activia líquido kiwi,  4 x 155 g",5601050033793,10400,10010,,Danone,,"3,21€/Kg","1,99€",https://cdn.intermarche.pt/pt/Content/images/boitmal/produit/zoom/757255A002BED1AF00FC2ECE09877B17.jpg,2024-09-25T22:59:59.999Z,/product/iogurte-activia-liquido-kiwi-4-x-155-g/5601050033793
8436,"Iogurte activia líquido 0% frutos silvestres,  4 x 155 g",5601050033762,10400,10010,,Danone,,"3,21€/Kg","1,99€",https://cdn.intermarche.pt/pt/Content/images/boitmal/produit/zoom/1898B39499E032B1AB748C6FC019A6DF.jpg,2024-09-25T22:59:59.999Z,/product/iogurte-activia-liquido-0%25-frutos-silvestres-4-x-155-g/5601050033762
46806,"Actimel Laranja, 6 x 100 g",8410500027025,10400,10010,,Actimel Danone,,"4,82€/Kg","2,89€",https://cdn.intermarche.pt/pt/Content/images/boitmal/produit/zoom/43001DDF2FF65EA0002497B3CF082B18.jpg,2024-09-25T22:59:59.999Z,/product/actimel-laranja-6-x-100-g/8410500027025
8417,"Actimel magro natural, 6 x 100g",8410500006020,10400,10010,,Actimel Danone,,"1,65€/Kg","0,99€",https://cdn.intermarche.pt/pt/Content/images/boitmal/produit/zoom/A2430A64FD53561F7EC58DE4F4A24642.jpg,2024-09-25T22:59:59.999Z,/product/actimel-magro-natural-6-x-100g/8410500006020
18296,"Iogurte líquido pinacolada,  4 x 160 g",5604260278428,10400,10010,,PorSi,,"2,02€/Kg","1,29€",https://cdn.intermarche.pt/pt/Content/images/boitmal/produit/zoom/E2D38B384B5C05E85037B10175E3330E.jpg,,/product/iogurte-liquido-pinacolada-4-x-160-g/5604260278428
18295,"Iogurte líquido morango/cereais,  4 x 160 g",5604260278411,10400,10010,,PorSi,,"2,02€/Kg","1,29€",https://cdn.intermarche.pt/pt/Content/images/boitmal/produit/zoom/E44EF7A495B5D88032D3F10A44D3886E.jpg,,/product/iogurte-liquido-morango-ou-cereais-4-x-160-g/5604260278411
28607,"Iogurte líquido morango/banana,  4 x 160 g",5604260278442,10400,10010,,PorSi,,"2,02€/Kg","1,29€",https://cdn.intermarche.pt/pt/Content/images/boitmal/produit/zoom/E93EE6852A43EE33A208A07B3A318C73.jpg,,/product/iogurte-liquido-morango-ou-banana-4-x-160-g/5604260278442
48040,"Iogurte líquido magro frutos vermelhos,  4x160 ml",5604260320615,10400,10010,,PorSi Viva Bem,,"2,02€/L","1,29€",https://cdn.intermarche.pt/pt/Content/images/boitmal/produit/zoom/FA684AFC50E812150A1E2AF9F6A67F47.jpg,,/product/iogurte-liquido-magro-frutos-vermelhos-4x160-ml/5604260320615
36774,"Iogurte liquido stracciatella,  4 x 160 g",5604260300686,10400,10010,,PorSi,,"2,02€/Kg","1,29€",https://cdn.intermarche.pt/pt/Content/images/boitmal/produit/zoom/CA76E60A3E29F3063FEC78B659667DD6.jpg,,/product/iogurte-liquido-stracciatella-4-x-160-g/5604260300686
42853,"Iogurte liquido sem lactose morango e banana,  4 x 160 g",5604260307289,10400,10010,,PorSi Viva Bem,,"2,31€/Kg","1,48€",https://cdn.intermarche.pt/pt/Content/images/boitmal/produit/zoom/F877F8044FEE8CE4FDE4EB9675CB0007.jpg,,/product/iogurte-liquido-sem-lactose-morango-e-banana-4-x-160-g/5604260307289
8398,"Danacol natural,  6 x 100 g",5601050016024,10400,10010,,Danone,,"4,98€/Kg","2,99€",https://cdn.intermarche.pt/pt/Content/images/boitmal/produit/zoom/F95F766B58ABBBA7608620C57921073C.jpg,,/product/danacol-natural-6-x-100-g/5601050016024
18298,"Iogurte líquido morango,  4 x 160 g",5604260278459,10400,10010,,PorSi,,"2,02€/Kg","1,29€",https://cdn.intermarche.pt/pt/Content/images/boitmal/produit/zoom/9B284E13E8C95C5E0A5B9E9B9B54FC18.jpg,,/product/iogurte-liquido-morango-4-x-160-g/5604260278459
19447,"Iogurte líquido de frutos vermelhos,  4 x 160 g",5604260278473,10400,10010,,PorSi,,"2,02€/Kg","1,29€",https://cdn.intermarche.pt/pt/Content/images/boitmal/produit/zoom/891F6EF8D7281D5B469468F4C3F4A246.jpg,,/product/iogurte-liquido-de-frutos-vermelhos-4-x-160-g/5604260278473
23469,"Danonino para levar, polpa de morango,  4 x 70 g",8410500020453,10400,10010,,Danonino Danone,,"7,64€/Kg","2,14€",https://cdn.intermarche.pt/pt/Content/images/boitmal/produit/zoom/BCB8B07B4A9632B9CA3C8436CD26979D.jpg,,/product/danonino-para-levar-polpa-de-morango-4-x-70-g/8410500020453
24369,"Iogurte líquido morango / kiwi corpos danone,  4 x 155 g",5601050033045,10400,10010,,Danone,,"3,05€/Kg","1,89€",https://cdn.intermarche.pt/pt/Content/images/boitmal/produit/zoom/727FBA9E88DFAC31F291DCAC14087FD2.jpg,,/product/iogurte-liquido-morango-ou-kiwi-corpos-danone-4-x-155-g/5601050033045
24371,"Iogurte líquido pinacolada corpos danone,  4 x 155 g",5601050033014,10400,10010,,Danone,,"3,05€/Kg","1,89€",https://cdn.intermarche.pt/pt/Content/images/boitmal/produit/zoom/BA062C78232ADE921CB0D8917CC39423.jpg,,/product/iogurte-liquido-pinacolada-corpos-danone-4-x-155-g/5601050033014
28608,"Iogurte Líquido Frutos Tropicais, 4 x 160g",5604260282821,10400,10010,,PorSi,,"8,06€/Kg","1,29€",https://cdn.intermarche.pt/pt/Content/images/boitmal/produit/zoom/EB7AD688B381BBBCE16BBE5DF0C318EE.jpg,,/product/iogurte-liquido-frutos-tropicais-4-x-160g/5604260282821
46352,"Iogurte liquido infantil morango,  6 x 94 ml",5604260315178,10400,10010,,PorSi,,"1,91€/L","1,08€",https://cdn.intermarche.pt/pt/Content/images/boitmal/produit/zoom/C930411C42FFDB4DA77093EFBEF21604.jpg,,/product/iogurte-liquido-infantil-morango-6-x-94-ml/5604260315178
48862,"Iogurte líquido magro morango,  4x150 ml",5604260320592,10400,10010,,PorSi Viva Bem,,"2,15€/L","1,29€",https://cdn.intermarche.pt/pt/Content/images/boitmal/produit/zoom/0C694DE9782FCC84FA1DB148AA050087.jpg,,/product/iogurte-liquido-magro-morango-4x150-ml/5604260320592
15503,"Iogurte líquido danonino tutti-frutti,  4 x 100 g",8410500018931,10400,10010,,Danonino Danone,,"4,98€/Kg","1,99€",https://cdn.intermarche.pt/pt/Content/images/boitmal/produit/zoom/E9A644740B00EFD95B05B4DA40640B6A.jpg,,/product/iogurte-liquido-danonino-tutti-frutti-4-x-100-g/8410500018931
42156,"Iogurte aroma varios sabores,  12 x 125 g",5604260287277,10395,10010,,PorSi,,"1,25€/Kg","1,87€",https://cdn.intermarche.pt/pt/Content/images/boitmal/produit/zoom/633885BF6C5BD81E5134C0C00C06A48B.jpg,,/product/iogurte-aroma-varios-sabores-12-x-125-g/5604260287277
27629,"Iogurte naturea natural,  4 x 125 g",5604260282845,10395,10010,,PorSi,,"1,48€/Kg","0,74€",https://cdn.intermarche.pt/pt/Content/images/boitmal/produit/zoom/E812341A304C01A03945BF9AEC1DD604.jpg,,/product/iogurte-naturea-natural-4-x-125-g/5604260282845
34353,"Iogurte natural açucarado,  4x125g",5604260282852,10395,10010,,PorSi,,"1,58€/Kg","0,79€",https://cdn.intermarche.pt/pt/Content/images/boitmal/produit/zoom/D9D0C10236D9B35D07E5882170895BCC.jpg,,/product/iogurte-natural-acucarado-4x125g/5604260282852
9724,"Iogurte sabor a morango,  4 x 125 g",5604260272532,10395,10010,,PorSi,,"1,56€/Kg","0,78€",https://cdn.intermarche.pt/pt/Content/images/boitmal/produit/zoom/BE96D7996A7A4C29AAA559B6D31378F9.jpg,,/product/iogurte-sabor-a-morango-4-x-125-g/5604260272532
9725,"Iogurte sabor a coco,  4 x 125 g",5604260272549,10395,10010,,PorSi,,"1,56€/Kg","0,78€",https://cdn.intermarche.pt/pt/Content/images/boitmal/produit/zoom/1EDF8599FA2E482DA79A6E871EF53537.jpg,,/product/iogurte-sabor-a-coco-4-x-125-g/5604260272549
34077,"Iogurte natural, 12 x 125g",5604260287284,10395,10010,,PorSi,,"1,46€/Kg","2,19€",https://cdn.intermarche.pt/pt/Content/images/boitmal/produit/zoom/3965ED928DFAC6A0B27DB3EED0D09D6B.jpg,,/product/iogurte-natural-12-x-125g/5604260287284
41714,"Iogurte natural 0%,  6 x 125 g",5604260307746,10395,10010,,PorSi Viva Bem,,"1,59€/Kg","1,19€",https://cdn.intermarche.pt/pt/Content/images/boitmal/produit/zoom/C1A3660239F1F8A36FC7C2E7EDAFBD80.jpg,,/product/iogurte-natural-0%25-6-x-125-g/5604260307746
9723,"Iogurte aroma de banana,  4x125g",5604260272525,10395,10010,,PorSi,,"1,56€/Kg","0,78€",https://cdn.intermarche.pt/pt/Content/images/boitmal/produit/zoom/E75B71E4A5F570E06AEA1EE7904A31AD.jpg,,/product/iogurte-aroma-de-banana-4x125g/5604260272525
35138,"Iogurte sólido aroma morango, ananás e banana,  8 x 120 g",5603722517655,10395,10010,,Mimosa,,"1,97€/Kg","1,89€",https://cdn.intermarche.pt/pt/Content/images/boitmal/produit/zoom/0001D46CAD021E71E3E28F8FD4948E5F.jpg,,/product/iogurte-solido-aroma-morango-ananas-e-banana-8-x-120-g/5603722517655
40738,"Iogurte natural açucarado em frasco de vidro,  2 x 125 g",5604260302581,10395,10010,,PorSi,,"3,96€/Kg","0,99€",https://cdn.intermarche.pt/pt/Content/images/boitmal/produit/zoom/4B759D7B420BDBA75377A9D0BB6C89BC.jpg,,/product/iogurte-natural-acucarado-em-frasco-de-vidro-2-x-125-g/5604260302581
26373,"Iogurte sabor a tutti-fruti, 4 x 125 g,",5604260272969,10395,10010,,PorSi,,"1,56€/Kg","0,78€",https://cdn.intermarche.pt/pt/Content/images/boitmal/produit/zoom/2951E062DEF2895AEB590C64D44D087F.jpg,,/product/iogurte-sabor-a-tutti-fruti-4-x-125-g/5604260272969
12051,"Iogurte arôma de frutos vermelhos,  8x125 g",5604260129546,10395,10010,,PorSi,,"1,69€/Kg","1,69€",https://cdn.intermarche.pt/pt/Content/images/boitmal/produit/zoom/5A1754DF1B6FC1BED92F22D69E31A509.jpg,,/product/iogurte-aroma-de-frutos-vermelhos-8x125-g/5604260129546
46290,"Iogurte de morango sem lactose, 4 x 125 g",5604260313549,10395,10010,,PorSi Viva Bem,,"2,18€/Kg","1,09€",https://cdn.intermarche.pt/pt/Content/images/boitmal/produit/zoom/CE0C34B263856F5ACE9BB34CEFAAD961.jpg,,/product/iogurte-de-morango-sem-lactose-4-x-125-g/5604260313549
29278,"Iogurtes aroma 4 de morango + 4 de banana,  8x125g",5604260282814,10395,10010,,PorSi,,"1,59€/Kg","1,59€",https://cdn.intermarche.pt/pt/Content/images/boitmal/produit/zoom/95445618DFFE3AF48A27EE80715436C2.jpg,,/product/iogurtes-aroma-4-de-morango-+-4-de-banana-8x125g/5604260282814
11506,"Iogurte activia natural,  4 x 120 g",5601050022476,10395,10010,,Danone,,"4,15€/Kg","1,99€",https://cdn.intermarche.pt/pt/Content/images/boitmal/produit/zoom/D80B108DD936C548FEA2BEDB8D03734B.jpg,,/product/iogurte-activia-natural-4-x-120-g/5601050022476
11510,"Iogurte natural,  4 x 120 g",5601050023107,10395,10010,,Danone,,"2,69€/Kg","1,29€",https://cdn.intermarche.pt/pt/Content/images/boitmal/produit/zoom/DB12FDEA841C345EB566D72691F734BF.jpg,,/product/iogurte-natural-4-x-120-g/5601050023107
46289,"Iogurte natural sem lactose, 4 x 125 g",5604260313532,10395,10010,,PorSi Viva Bem,,"2,18€/Kg","1,09€",https://cdn.intermarche.pt/pt/Content/images/boitmal/produit/zoom/5A5200CD2A2A6CB49D586AF001262EDC.jpg,,/product/iogurte-natural-sem-lactose-4-x-125-g/5604260313532
44789,"Iogurte sólido sem lactose multifrutos, 4 x 125 g",5603722514791,10395,10010,,Mimosa,,"5,71€/Kg","2,74€",https://cdn.intermarche.pt/pt/Content/images/boitmal/produit/zoom/AFD577199B3478174C373E88A7AC02B1.jpg,,/product/iogurte-solido-sem-lactose-multifrutos-4-x-125-g/5603722514791
8445,"Iogurte sabor morango, banana e tutti frutti,  8 x 120 g",5601050206791,10395,10010,,Danone,,"2,07€/Kg","1,99€",https://cdn.intermarche.pt/pt/Content/images/boitmal/produit/zoom/B869B85507F91B6C424197F8F0A84068.jpg,,/product/iogurte-sabor-morango-banana-e-tutti-frutti-8-x-120-g/5601050206791
8446,"Iogurte sabor pêssego morango e manga,  8 x 120 g",5601050206807,10395,10010,,Danone,,"2,07€/Kg","1,99€",https://cdn.intermarche.pt/pt/Content/images/boitmal/produit/zoom/F22DB9B4E5030FFD011607D3446EC97F.jpg,,/product/iogurte-sabor-pessego-morango-e-manga-8-x-120-g/5601050206807
44790,"Iogurte natural magro sem lactose, 4x 120 g",5603722514814,10395,10010,,Mimosa,,"6,23€/Kg","2,99€",https://cdn.intermarche.pt/pt/Content/images/boitmal/produit/zoom/16144931BFE13ADD55AEAFA1C9C1D4A3.jpg,,/product/iogurte-natural-magro-sem-lactose-4x-120-g/5603722514814
44787,"Iogurte sólido sem lactose natural açucarado, 4 x 125 g",5603722514753,10395,10010,,Mimosa,,"5,71€/Kg","2,74€",https://cdn.intermarche.pt/pt/Content/images/boitmal/produit/zoom/9019649F4AC83AAB8AAFCA00479ED9EB.jpg,,/product/iogurte-solido-sem-lactose-natural-acucarado-4-x-125-g/5603722514753
44791,"Iogurte magro morango sem lactose,  4x 120 g",5603722514838,10395,10010,,Mimosa,,"6,23€/Kg","2,99€",https://cdn.intermarche.pt/pt/Content/images/boitmal/produit/zoom/7855A0B5B8B81F58D76C788EF693C821.jpg,,/product/iogurte-magro-morango-sem-lactose-4x-120-g/5603722514838
44788,"Iogurte sólido sem lactose morango, 4 x 125 g",5603722514777,10395,10010,,Mimosa,,"5,71€/Kg","2,74€",https://cdn.intermarche.pt/pt/Content/images/boitmal/produit/zoom/938890D6C27A260EF0A55564EDA92A84.jpg,,/product/iogurte-solido-sem-lactose-morango-4-x-125-g/5603722514777
25053,"Iogurte 0% pedaços amora e framboesa,  4 x 120 g",3023290232453,10396,10010,,Longa vida,,"4,77€/Kg","2,29€",https://cdn.intermarche.pt/pt/Content/images/boitmal/produit/zoom/D4FB64D79457007D324A7CF690DE38C7.jpg,2024-10-04T22:59:59.999Z,/product/iogurte-0%25-pedacos-amora-e-framboesa-4-x-120-g/3023290232453
14194,"Iogurte vidro pedaços morango,  2 x 135 g",5604260271108,10396,10010,,PorSi,,"4,41€/Kg","1,19€",https://cdn.intermarche.pt/pt/Content/images/boitmal/produit/zoom/F6072DF390CBB0AC03E504260F90F0BF.jpg,,/product/iogurte-vidro-pedacos-morango-2-x-135-g/5604260271108
33991,"Iogurte pedaços frutimax frutos variados,  8 x 125 g",5604260283446,10396,10010,,PorSi,,"2,39€/Kg","2,39€",https://cdn.intermarche.pt/pt/Content/images/boitmal/produit/zoom/8D7F0C9001CDCE3069FE327E50E87619.jpg,,/product/iogurte-pedacos-frutimax-frutos-variados-8-x-125-g/5604260283446
38118,"Iogurte pedaços frutas variadas, 16 x 125 g",5604260301997,10396,10010,,PorSi,,"2,37€/Kg","4,74€",https://cdn.intermarche.pt/pt/Content/images/boitmal/produit/zoom/91E02C1B5085BE7A9E444A949622B617.jpg,,/product/iogurte-pedacos-frutas-variadas-16-x-125-g/5604260301997
33993,"Iogurte pedaços morango,  4x125g",5604260283439,10396,10010,,PorSi,,"2,38€/Kg","1,19€",https://cdn.intermarche.pt/pt/Content/images/boitmal/produit/zoom/F01393BE3F00747F809718E2700D5E49.jpg,,/product/iogurte-pedacos-morango-4x125g/5604260283439
34352,"Iogurte pedaços pêssego/alperce,  4x125g",5604260283422,10396,10010,,PorSi,,"2,38€/Kg","1,19€",https://cdn.intermarche.pt/pt/Content/images/boitmal/produit/zoom/F39DE5BEB3C9B35266893D26B645C2AE.jpg,,/product/iogurte-pedacos-pessego-ou-alperce-4x125g/5604260283422
38117,"Iogurte pedaços frutos vermelhos,  8 x 125 g",5604260301980,10396,10010,,PorSi,,"2,39€/Kg","2,39€",https://cdn.intermarche.pt/pt/Content/images/boitmal/produit/zoom/97647E564D5407A7DEB5D122B02A33D9.jpg,,/product/iogurte-pedacos-frutos-vermelhos-8-x-125-g/5604260301980
9715,"Iogurte pedaços frutimax muesli,  4 x 125 g",5604260272112,10396,10010,,PorSi,,"2,38€/Kg","1,19€",https://cdn.intermarche.pt/pt/Content/images/boitmal/produit/zoom/22F9A0E3237A393CAB0A4B6480605B90.jpg,,/product/iogurte-pedacos-frutimax-muesli-4-x-125-g/5604260272112
48085,"Iogurte cremeo vários sabores, 16 x 125 g",5604260319145,10396,10010,,PorSi,,"2,50€/Kg","4,99€",https://cdn.intermarche.pt/pt/Content/images/boitmal/produit/zoom/4D6D87CA1B719F8889B11DF355DBD3D3.jpg,,/product/iogurte-cremeo-varios-sabores-16-x-125-g/5604260319145
33992,"Iogurte pedaços ananás,  4 x 125 g",5604260283415,10396,10010,,PorSi,,"2,38€/Kg","1,19€",https://cdn.intermarche.pt/pt/Content/images/boitmal/produit/zoom/68F0F052D03A76ED7AD12EA44310B7E7.jpg,,/product/iogurte-pedacos-ananas-4-x-125-g/5604260283415
17244,"Iogurte Pedaços Pêssego,  2x135 g",5604260278985,10396,10010,,PorSi,,"4,41€/Kg","1,19€",https://cdn.intermarche.pt/pt/Content/images/boitmal/produit/zoom/8442F6F00AC2C6059F58275837D337CE.jpg,,/product/iogurte-pedacos-pessego-2x135-g/5604260278985
46809,"Iogurte Pedaços Ananás 0% Matéria Gorda/Açúcares, 4 x 120 g",8410500003654,10396,10010,,Danone,,"4,77€/Kg","2,29€",https://cdn.intermarche.pt/pt/Content/images/boitmal/produit/zoom/03214B7E9273A4A4FCE73BB182EEF165.jpg,,/product/iogurte-pedacos-ananas-0%25-materia-gorda-ou-acucares-4-x-120-g/8410500003654
14195,"Iogurte Pedaços Amoras/Mirtilo,",5604260271115,10396,10010,,PorSi,,"4,41€/Kg","1,19€",https://cdn.intermarche.pt/pt/Content/images/boitmal/produit/zoom/E5185FC31A14AAE14AFDAA5FA364ED39.jpg,,/product/iogurte-pedacos-amoras-ou-mirtilo/5604260271115
19586,"Iogurte aroma 0% tutti fruti/coco,  6 x 120 g",8435257028057,10397,10010,,Longa vida,,"3,18€/Kg","2,29€",https://cdn.intermarche.pt/pt/Content/images/boitmal/produit/zoom/18D91A939DFD31509CD0E9DB0A5315E6.jpg,2024-10-04T22:59:59.999Z,/product/iogurte-aroma-0%25-tutti-fruti-ou-coco-6-x-120-g/8435257028057
50630,"Iogurte magro liquido de ananas e manga, 8x151ml",5603722521461,10397,10010,,Mimosa,,"2,39€/L","2,89€",https://cdn.intermarche.pt/pt/Content/images/boitmal/produit/zoom/57AA4F959AC0E156C9A5EE1FBB6645F0.jpg,2024-09-25T22:59:59.999Z,/product/iogurte-magro-liquido-de-ananas-e-manga-8x151ml/5603722521461
6689,"Iogurte magro morango,  6 x 120 g",8435257022567,10397,10010,,Longa vida,,"3,18€/Kg","2,29€",https://cdn.intermarche.pt/pt/Content/images/boitmal/produit/zoom/116F7996F4B8C9E36A9C4D0EB83317F7.jpg,2024-10-04T22:59:59.999Z,/product/iogurte-magro-morango-6-x-120-g/8435257022567
50629,"Iogurte magro liquido de morango e framboesa, 8 x 151ml",5603722521454,10397,10010,,Mimosa,,"2,39€/L","2,89€",https://cdn.intermarche.pt/pt/Content/images/boitmal/produit/zoom/D754EA086EB368BBBC0D9470F68EFC4B.jpg,2024-09-25T22:59:59.999Z,/product/iogurte-magro-liquido-de-morango-e-framboesa-8-x-151ml/5603722521454
46216,"Iogurte batido magro com mirtilos sem lactose, 4 x 120 g",5603722519925,10397,10010,,Mimosa,,"6,23€/Kg","2,99€",https://cdn.intermarche.pt/pt/Content/images/boitmal/produit/zoom/BB82BE081E1283797B43170E5EC56176.jpg,,/product/iogurte-batido-magro-com-mirtilos-sem-lactose-4-x-120-g/5603722519925
46841,"Iogurtes magros aroma morango,  6 x 125 g",5604260318940,10397,10010,,PorSi Viva Bem,,"1,59€/Kg","1,19€",https://cdn.intermarche.pt/pt/Content/images/boitmal/produit/zoom/833AAF24269F415098468C495B3361BA.jpg,,/product/iogurtes-magros-aroma-morango-6-x-125-g/5604260318940
46840,"Iogurtes magros aroma manga,  6 x 125 g",5604260318957,10397,10010,,PorSi Viva Bem,,"1,59€/Kg","1,19€",https://cdn.intermarche.pt/pt/Content/images/boitmal/produit/zoom/0726933BAAA761C64FBBDE37BAA6E6FA.jpg,,/product/iogurtes-magros-aroma-manga-6-x-125-g/5604260318957
25054,"Iogurte magro + gelatina morango,  4 x 120 g",5603722516597,10397,10010,,Mimosa,,"3,52€/Kg","1,69€",https://cdn.intermarche.pt/pt/Content/images/boitmal/produit/zoom/51C8B0D11D900D606636C9337354810E.jpg,,/product/iogurte-magro-+-gelatina-morango-4-x-120-g/5603722516597
22154,"Iogurte magro + gelatina framboesa,  4 x 120 g",5603722514432,10397,10010,,Mimosa,,"3,52€/Kg","1,69€",https://cdn.intermarche.pt/pt/Content/images/boitmal/produit/zoom/D95905A0C24D818D908E8701819BE932.jpg,,/product/iogurte-magro-+-gelatina-framboesa-4-x-120-g/5603722514432
22155,"Iogurte magro + gelatina maracujá,  4 x 120 g",5603722514418,10397,10010,,Mimosa,,"3,52€/Kg","1,69€",https://cdn.intermarche.pt/pt/Content/images/boitmal/produit/zoom/B91545112079D709BE08763086D959A8.jpg,,/product/iogurte-magro-+-gelatina-maracuja-4-x-120-g/5603722514418
46824,"Iogurte magro aroma multi sabores de morango/coco, 6x120g",5603722518270,10397,10010,,Mimosa,,"2,76€/Kg","1,99€",https://cdn.intermarche.pt/pt/Content/images/boitmal/produit/zoom/B6D55B8D31496E7C4F00981928B2B6FF.jpg,,/product/iogurte-magro-aroma-multi-sabores-de-morango-ou-coco-6x120g/5603722518270
53067,"Bifidus Líquido Activia Ananás 000%, 4 x 155g",5601050037821,10398,10010,,Danone,,"3,21€/Kg","1,99€",https://cdn.intermarche.pt/pt/Content/images/boitmal/produit/zoom/227608E522C57EFFD851E1F0A8F434F8.jpg,2024-09-25T22:59:59.999Z,/product/bifidus-liquido-activia-ananas-000%25-4-x-155g/5601050037821
53066,"Bifidus Líquido Activia Aveia e Noz 000%, 4 x 155g",5601050037845,10398,10010,,Danone,,"3,21€/Kg","1,99€",https://cdn.intermarche.pt/pt/Content/images/boitmal/produit/zoom/C3E5261F5C2ADA6A9243957038878389.jpg,2024-09-25T22:59:59.999Z,/product/bifidus-liquido-activia-aveia-e-noz-000%25-4-x-155g/5601050037845
53065,"Bifidus Líquido Activia Cereais 000%, 4 x 155g",5601050037869,10398,10010,,Danone,,"3,21€/Kg","1,99€",https://cdn.intermarche.pt/pt/Content/images/boitmal/produit/zoom/B131D80C948546BCBA16D94F59138000.jpg,2024-09-25T22:59:59.999Z,/product/bifidus-liquido-activia-cereais-000%25-4-x-155g/5601050037869
49762,"Iogurte com Cereais Activia, 4 x 120g",5601050037562,10398,10010,,Danone,,"4,33€/Kg","1,99€",https://cdn.intermarche.pt/pt/Content/images/boitmal/produit/zoom/51EAF4A53D8366A31634F35574981BCB.jpg,,/product/iogurte-com-cereais-activia-4-x-120g/5601050037562
15507,"Iogurte activia cremoso coco,  4 x 120 g",5601050031621,10398,10010,,Danone,,"4,15€/Kg","1,99€",https://cdn.intermarche.pt/pt/Content/images/boitmal/produit/zoom/05783495E4A676779F417115EB52CFE8.jpg,,/product/iogurte-activia-cremoso-coco-4-x-120-g/5601050031621
20221,"Iogurte activia aveia nozes,  4 x 120 g",8410500020071,10398,10010,,Danone,,"4,15€/Kg","1,99€",https://cdn.intermarche.pt/pt/Content/images/boitmal/produit/zoom/E3646F8812C5353023D3951FE268028D.jpg,,/product/iogurte-activia-aveia-nozes-4-x-120-g/8410500020071
49763,"Iogurte Activia Fibras Aveia & Frutos Secos, 4 x 120g",5601050037579,10398,10010,,Danone,,"4,33€/Kg","1,99€",https://cdn.intermarche.pt/pt/Content/images/boitmal/produit/zoom/D3105D0A7021B60785802EF13F61AE8F.jpg,,/product/iogurte-activia-fibras-aveia-&-frutos-secos-4-x-120g/5601050037579
49761,"Iogurte Bifidus Activia Chia Amêndoa 0%, 4 x 120g",8410500024574,10398,10010,,Danone,,"4,33€/Kg","1,99€",https://cdn.intermarche.pt/pt/Content/images/boitmal/produit/zoom/3C78D604FF38EBC1F8556A8A62CA8C37.jpg,,/product/iogurte-bifidus-activia-chia-amendoa-0%25-4-x-120g/8410500024574
15504,"Iogurte activia cremoso frutos silvestres,  4 x 120 g",5601050031669,10398,10010,,Danone,,"4,15€/Kg","1,99€",https://cdn.intermarche.pt/pt/Content/images/boitmal/produit/zoom/709B548D37F71DDA459131D3F3B36E78.jpg,,/product/iogurte-activia-cremoso-frutos-silvestres-4-x-120-g/5601050031669
27776,"Activia 0% cocktail de fruta cremoso,  4 x 120 g",8410500019846,10398,10010,,Danone,,"4,15€/Kg","1,99€",https://cdn.intermarche.pt/pt/Content/images/boitmal/produit/zoom/276E25EA58255AD6CA8BA110EA3F0B5A.jpg,,/product/activia-0%25-cocktail-de-fruta-cremoso-4-x-120-g/8410500019846
27775,"Activia 0% Frutos Silvestres Cremoso,  4x120 g",8410500017699,10398,10010,,Danone,,"4,15€/Kg","1,99€",https://cdn.intermarche.pt/pt/Content/images/boitmal/produit/zoom/08EE49F474592B9E303C9C5067F64CA9.jpg,,/product/activia-0%25-frutos-silvestres-cremoso-4x120-g/8410500017699
52851,"Bifidus Activia Topper Muesli, Chia, Quinoa e Mandorle, 170g",8001630009410,10398,10010,,Danone,,"9,35€/Kg","1,59€",https://cdn.intermarche.pt/pt/Content/images/boitmal/produit/zoom/EAE692D942BE28A776D2ABDEEBE9BC7A.jpg,,/product/bifidus-activia-topper-muesli-chia-quinoa-e-mandorle-170g/8001630009410
43756,"Iogurte Activia 0% aveia e linhaça,  4 x 120 g",8410500026363,10398,10010,,Danone,,"4,15€/Kg","1,99€",https://cdn.intermarche.pt/pt/Content/images/boitmal/produit/zoom/E57678E975E0133AA749A66A9BC6FE48.jpg,,/product/iogurte-activia-0%25-aveia-e-linhaca-4-x-120-g/8410500026363
52852,"Iogurte Bifidus Activia Natural 0%, 4x120g",8410500002961,10398,10010,,Danone,,"4,15€/Kg","1,99€",https://cdn.intermarche.pt/pt/Content/images/boitmal/produit/zoom/CD7DFBBF094FC1261DAB3BCE89B92844.jpg,,/product/iogurte-bifidus-activia-natural-0%25-4x120g/8410500002961
10509,"Iogurte mix-in smarties baunilha,  2 x 128 g",8435250297955,11178,10010,,Nestlé,,"7,77€/Kg","1,99€",https://cdn.intermarche.pt/pt/Content/images/boitmal/produit/zoom/4FC6F733C531A7A948940F213F0E604D.jpg,2024-09-25T22:59:59.999Z,/product/iogurte-mix-in-smarties-baunilha-2-x-128-g/8435250297955
12468,"Iogurte mix-in smarties morango,  2 x 128 g",8435250439584,11178,10010,,Nestlé,,"7,77€/Kg","1,99€",https://cdn.intermarche.pt/pt/Content/images/boitmal/produit/zoom/A56FAF9000F1827F93D14D3DAF96AF68.jpg,,/product/iogurte-mix-in-smarties-morango-2-x-128-g/8435250439584
40592,"Iogurte fruta batida banana, laranja e bolacha, 480g",5603722519420,11178,10010,,Mimosa,,"3,52€/Kg","1,69€",https://cdn.intermarche.pt/pt/Content/images/boitmal/produit/zoom/1D09572C6AE538ADBF2B5D0B579F400D.jpg,2024-09-25T22:59:59.999Z,/product/iogurte-fruta-batida-banana-laranja-e-bolacha-480g/5603722519420
40558,"Queijinho morango com drageias,  2 x 110 g",5604260301164,11178,10010,,PorSi,,"7,68€/Kg","1,69€",https://cdn.intermarche.pt/pt/Content/images/boitmal/produit/zoom/939055EF9B8FE9ECC8E1BC97C5579929.jpg,2024-10-04T22:59:59.999Z,/product/queijinho-morango-com-drageias-2-x-110-g/5604260301164
40594,"Iogurte fruta batida banana e morango, 480g",5603722519468,11178,10010,,Mimosa,,"3,52€/Kg","1,69€",https://cdn.intermarche.pt/pt/Content/images/boitmal/produit/zoom/83F30AB91BC8058647F32CB83B2AAD16.jpg,2024-09-25T22:59:59.999Z,/product/iogurte-fruta-batida-banana-e-morango-480g/5603722519468
40595,"Iogurte fruta batida pera, 480g",5603722519444,11178,10010,,Mimosa,,"3,52€/Kg","1,69€",https://cdn.intermarche.pt/pt/Content/images/boitmal/produit/zoom/481E71F4D7E7516D4A0B60F3DA82257A.jpg,2024-09-25T22:59:59.999Z,/product/iogurte-fruta-batida-pera-480g/5603722519444
18596,"Iogurte líquido danonino morango/banana,  4 x 100 g",8410500016029,11178,10010,,Danonino Danone,,"4,98€/Kg","1,99€",https://cdn.intermarche.pt/pt/Content/images/boitmal/produit/zoom/418CA3EE44828DD39BFD6E2687E787F2.jpg,,/product/iogurte-liquido-danonino-morango-ou-banana-4-x-100-g/8410500016029
44241,"Danone twix,  120g",5601050036886,11178,10010,,Danone,,"9,08€/Kg","1,09€",https://cdn.intermarche.pt/pt/Content/images/boitmal/produit/zoom/D274D33ECAD7B0F64CFB61BD15B0072C.jpg,,/product/danone-twix-120g/5601050036886
18595,"Iogurte líquido danonino morango,  4 x 100 g",8410500016012,11178,10010,,Danonino Danone,,"4,98€/Kg","1,99€",https://cdn.intermarche.pt/pt/Content/images/boitmal/produit/zoom/0E203361E14F23CD94ABD0BD721CC32D.jpg,,/product/iogurte-liquido-danonino-morango-4-x-100-g/8410500016012
36715,"Queijinho fresco com morango,  6 x 50 g",5604260297054,11178,10010,,PorSi,,"2,63€/Kg","0,79€",https://cdn.intermarche.pt/pt/Content/images/boitmal/produit/zoom/852F22C0A956B308CE4AB3E7E3567693.jpg,,/product/queijinho-fresco-com-morango-6-x-50-g/5604260297054
47005,"Iogurte infantil c/ drageias coloridas, 140 g",5604260315154,11178,10010,,PorSi,,"3,93€/Kg","0,55€",https://cdn.intermarche.pt/pt/Content/images/boitmal/produit/zoom/24BB9A82B8C6B32F97AB8C5679E75BB0.jpg,,/product/iogurte-infantil-c-ou-drageias-coloridas-140-g/5604260315154
5096,"Queijinho danonino petitdino de morango/banana,  6 x 50 g",5601050026429,11178,10010,,Danonino Danone,,"4,97€/Kg","1,49€",https://cdn.intermarche.pt/pt/Content/images/boitmal/produit/zoom/FA8D1A9125B498992C62B9745CC5DD3D.jpg,,/product/queijinho-danonino-petitdino-de-morango-ou-banana-6-x-50-g/5601050026429
42142,"Suiss'fruits fruta, 12x50g",5604260301171,11178,10010,,PorSi,,"2,40€/Kg","1,44€",https://cdn.intermarche.pt/pt/Content/images/boitmal/produit/zoom/3271533EA02D1C6235D2A90CE24DEF2E.jpg,,/product/suiss'fruits-fruta-12x50g/5604260301171
47006,"Iogurte infantil c/ cereais de chocolate, 128 g",5604260315161,11178,10010,,PorSi,,"4,30€/Kg","0,55€",https://cdn.intermarche.pt/pt/Content/images/boitmal/produit/zoom/0DCAC6D3A3684C450E5F0AE71BD491BA.jpg,,/product/iogurte-infantil-c-ou-cereais-de-chocolate-128-g/5604260315161
5095,"Queijinho dadoninho petitdino de morango,  6 x 50 g",5601050026405,11178,10010,,Danone,,"4,97€/Kg","1,49€",https://cdn.intermarche.pt/pt/Content/images/boitmal/produit/zoom/A996A3A25DAAE4625EF7D6D51278644F.jpg,,/product/queijinho-dadoninho-petitdino-de-morango-6-x-50-g/5601050026405
10091,"Queijinho petit nesquik,  6 x 60 g",8410100059839,11178,10010,,Nestlé,,"9,69€/Kg","3,49€",https://cdn.intermarche.pt/pt/Content/images/boitmal/produit/zoom/DBBACE0B574A9C35FF94ECEF6B014E4C.jpg,,/product/queijinho-petit-nesquik-6-x-60-g/8410100059839
43305,"Iogurte natural sem açúcares, 4 x 100g",7613039531853,11178,10010,,Yogolino,,"5,60€/Kg","2,24€",https://cdn.intermarche.pt/pt/Content/images/boitmal/produit/zoom/8D52E685C6D059419C73FE516F80912E.jpg,,/product/iogurte-natural-sem-acucares-4-x-100g/7613039531853
10859,"Iogurte mix-in kit kat,  2 x 115 g",3023290400395,11178,10010,,Nestlé,,"8,65€/Kg","1,99€",https://cdn.intermarche.pt/pt/Content/images/boitmal/produit/zoom/D24FD8641E9037F3EAA23A9C6F869324.jpg,,/product/iogurte-mix-in-kit-kat-2-x-115-g/3023290400395
43131,"Mars m&ms x1 van-milk choc,  120g",5601050036763,11178,10010,,Danone,,"9,08€/Kg","1,09€",https://cdn.intermarche.pt/pt/Content/images/boitmal/produit/zoom/49F47973DE6B734AE727214AAB5E3093.jpg,,/product/mars-m&ms-x1-van-milk-choc-120g/5601050036763
52945,"Iogurte Danonino Petit Morango, 4 x 100g",8410500008727,11178,10010,,Danone,,"5,98€/Kg","2,39€",https://cdn.intermarche.pt/pt/Content/images/boitmal/produit/zoom/7F4489E1D7EF42149F7DDCD17A5A4E27.jpg,,/product/iogurte-danonino-petit-morango-4-x-100g/8410500008727
43360,"Iogurte grego natural magro,  1 kg",5604260310357,11176,10010,,PorSi Viva Bem,,"2,29€/Kg","2,29€",https://cdn.intermarche.pt/pt/Content/images/boitmal/produit/zoom/8F8A599D4D4FEABD382ECD297241C642.jpg,2024-10-04T22:59:59.999Z,/product/iogurte-grego-natural-magro-1-kg/5604260310357
41298,"Iogurte oikos natural,  4 x 110g",5601050036541,11176,10010,,Danone,,"5,66€/Kg","2,49€",https://cdn.intermarche.pt/pt/Content/images/boitmal/produit/zoom/1E39B56DE0869E56503E420B563E33DD.jpg,2024-10-04T22:59:59.999Z,/product/iogurte-oikos-natural-4-x-110g/5601050036541
41299,"Iogurte oikos maracujá,  4 x 110g",5601050036565,11176,10010,,Danone,,"4,52€/Kg","1,99€",https://cdn.intermarche.pt/pt/Content/images/boitmal/produit/zoom/FCB02F5884DDCB459FDF089F080D1348.jpg,2024-10-04T22:59:59.999Z,/product/iogurte-oikos-maracuja-4-x-110g/5601050036565
41226,"Oikos morango, 4 x 110g",5601050036572,11176,10010,,Danone,,"4,52€/Kg","1,99€",https://cdn.intermarche.pt/pt/Content/images/boitmal/produit/zoom/8E4736FC7A27F857CF545D0499041B59.jpg,2024-10-04T22:59:59.999Z,/product/oikos-morango-4-x-110g/5601050036572
41581,"Iogurte grego maçã e canela,  4 x 110 g",5601050036619,11176,10010,,Danone,,"4,52€/Kg","1,99€",https://cdn.intermarche.pt/pt/Content/images/boitmal/produit/zoom/476B8D143F5CFE4C62609050F3DFBF48.jpg,2024-10-04T22:59:59.999Z,/product/iogurte-grego-maca-e-canela-4-x-110-g/5601050036619
41384,"Iogurte grego oikos stracciatella,  4 x 110 g",5601050036602,11176,10010,,Danone,,"4,52€/Kg","1,99€",https://cdn.intermarche.pt/pt/Content/images/boitmal/produit/zoom/A0A6F59B7D5832D67ED1CDB718D78849.jpg,2024-10-04T22:59:59.999Z,/product/iogurte-grego-oikos-stracciatella-4-x-110-g/5601050036602
41582,"Iogurte grego café,  4 x 110 g",5601050036626,11176,10010,,Danone,,"4,52€/Kg","1,99€",https://cdn.intermarche.pt/pt/Content/images/boitmal/produit/zoom/AA81C6F13D10195F1596F127A0BC3ACE.jpg,2024-10-04T22:59:59.999Z,/product/iogurte-grego-cafe-4-x-110-g/5601050036626
41297,"Iogurte oikos pêssego,  4 x 110g",5601050036534,11176,10010,,Danone,,"4,52€/Kg","1,99€",https://cdn.intermarche.pt/pt/Content/images/boitmal/produit/zoom/86E0EE086DC0214DA576A0DB5E10BF28.jpg,2024-10-04T22:59:59.999Z,/product/iogurte-oikos-pessego-4-x-110g/5601050036534
41583,"Iogurte grego caramelo,  4 x 110 g",5601050036633,11176,10010,,Danone,,"4,52€/Kg","1,99€",https://cdn.intermarche.pt/pt/Content/images/boitmal/produit/zoom/E15B23C5D54AA2C4C2E2125712DAFF29.jpg,2024-10-04T22:59:59.999Z,/product/iogurte-grego-caramelo-4-x-110-g/5601050036633
35849,"Iogurte oikos cheesecake de mirtilo,  4 X 110 g",5601050035353,11176,10010,,Danone,,"4,52€/Kg","1,99€",https://cdn.intermarche.pt/pt/Content/images/boitmal/produit/zoom/51E31E764A49C9C1D230FA323681BF3A.jpg,2024-10-04T22:59:59.999Z,/product/iogurte-oikos-cheesecake-de-mirtilo-4-x-110-g/5601050035353
41300,"Iogurte oikos manga papaya,  4 x 110g",5601050036596,11176,10010,,Danone,,"4,52€/Kg","1,99€",https://cdn.intermarche.pt/pt/Content/images/boitmal/produit/zoom/4F24CAC986AAB23C01B60B98974724E0.jpg,2024-10-04T22:59:59.999Z,/product/iogurte-oikos-manga-papaya-4-x-110g/5601050036596
41301,"Iogurte oikos amora,  4x 110 g",5601050036589,11176,10010,,Danone,,"4,52€/Kg","1,99€",https://cdn.intermarche.pt/pt/Content/images/boitmal/produit/zoom/E2A6369DE158404105D3DA5F531D5261.jpg,2024-10-04T22:59:59.999Z,/product/iogurte-oikos-amora-4x-110-g/5601050036589
41302,"Iogurte oikos natural açucarado,  4 x 110g",5601050036558,11176,10010,,Danone,,"5,66€/Kg","2,49€",https://cdn.intermarche.pt/pt/Content/images/boitmal/produit/zoom/37C118CA3F2185A0C3815DF236ECC625.jpg,2024-10-04T22:59:59.999Z,/product/iogurte-oikos-natural-acucarado-4-x-110g/5601050036558
46185,"Iogurte Oikos Coco,  4 x 110 g",5601050037203,11176,10010,,Danone,,"4,52€/Kg","1,99€",https://cdn.intermarche.pt/pt/Content/images/boitmal/produit/zoom/BA3428D73096A6BA9FDEF5396D1EA05E.jpg,2024-10-04T22:59:59.999Z,/product/iogurte-oikos-coco-4-x-110-g/5601050037203
52830,"Kéfir Natural 0%, 500g",8435257070636,11176,10010,,Nestlé,,"3,98€/Kg","1,99€",https://cdn.intermarche.pt/pt/Content/images/boitmal/produit/zoom/B202392E0B4B3B2F8623F9BC7E7C4E70.jpg,2024-09-25T22:59:59.999Z,/product/kefir-natural-0%25-500g/8435257070636
18864,"Iogurte tipo grego stracciatella,  500g",5604260280506,11176,10010,,PorSi,,"3,38€/Kg","1,69€",https://cdn.intermarche.pt/pt/Content/images/boitmal/produit/zoom/8FFE8052AD3107A5266901AC73719CB5.jpg,,/product/iogurte-tipo-grego-stracciatella-500g/5604260280506
48181,"Iogurte grego natural, 1 kg",5604260319060,11176,10010,,PorSi,,"2,39€/Kg","2,39€",https://cdn.intermarche.pt/pt/Content/images/boitmal/produit/zoom/8492285EDFC9EC947D0139C0FB1D65C4.jpg,,/product/iogurte-grego-natural-1-kg/5604260319060
16677,"Iogurte tipo grego framboesa e amora,  500g",5604260276813,11176,10010,,PorSi,,"3,38€/Kg","1,69€",https://cdn.intermarche.pt/pt/Content/images/boitmal/produit/zoom/F7D5A82C7318BEA1172E029B3C7C36F8.jpg,,/product/iogurte-tipo-grego-framboesa-e-amora-500g/5604260276813
19162,"Iogurte tipo grego natural açucarado,  4 x 125 g",5604260276806,11176,10010,,PorSi,,"3,38€/Kg","1,69€",https://cdn.intermarche.pt/pt/Content/images/boitmal/produit/zoom/F5227DB1E7426C2C57070B96D3CD2A79.jpg,,/product/iogurte-tipo-grego-natural-acucarado-4-x-125-g/5604260276806
19163,"Iogurte tipo grego morango,  4 x 125 g",5604260278121,11176,10010,,PorSi,,"3,38€/Kg","1,69€",https://cdn.intermarche.pt/pt/Content/images/boitmal/produit/zoom/D25DDD975356242352206DA80B2AF65D.jpg,,/product/iogurte-tipo-grego-morango-4-x-125-g/5604260278121
29417,"Kéfir Liquido Natural, 500 g",5604260296484,10400,10010,,PorSi,,"1,98€/Kg","0,99€",https://cdn.intermarche.pt/pt/Content/images/boitmal/produit/zoom/2F8064CA860106D79B07E1636FC9C3B3.jpg,,/product/kefir-liquido-natural-500-g/5604260296484
41383,"Iogurte tipo grego natural açucarado, 1 kg",5604260304653,11176,10010,,PorSi,,"2,48€/Kg","2,48€",https://cdn.intermarche.pt/pt/Content/images/boitmal/produit/zoom/6B324CC63A2846DB0A4ED58865773508.jpg,,/product/iogurte-tipo-grego-natural-acucarado-1-kg/5604260304653
47004,"Iogurte tipo grego natural,  12 x 125 g",5604260319237,11176,10010,,PorSi,,"2,99€/Kg","4,49€",https://cdn.intermarche.pt/pt/Content/images/boitmal/produit/zoom/70890CE63A246EFD470DA6FD2A5C5173.jpg,,/product/iogurte-tipo-grego-natural-12-x-125-g/5604260319237
47020,"Iogurte natural skyr 0%, 150 g",5604260318339,11176,10010,,PorSi Viva Bem,,"4,60€/Kg","0,69€",https://cdn.intermarche.pt/pt/Content/images/boitmal/produit/zoom/8034E9FAABF87C819035AFC0D3594E17.jpg,,/product/iogurte-natural-skyr-0%25-150-g/5604260318339
41715,"Iogurte tipo grego caramelo salgado,  4 x 125 g",5604260306381,11176,10010,,PorSi,,"3,38€/Kg","1,69€",https://cdn.intermarche.pt/pt/Content/images/boitmal/produit/zoom/251983AC8CC6EAAFB7E8EC7C2B551EA8.jpg,,/product/iogurte-tipo-grego-caramelo-salgado-4-x-125-g/5604260306381
42019,"Iogurte tipo grego maracujá,  4 x 125 g",5604260306398,11176,10010,,PorSi,,"3,38€/Kg","1,69€",https://cdn.intermarche.pt/pt/Content/images/boitmal/produit/zoom/0161BD1FBB39AF016EB0BBE025FEDDC9.jpg,,/product/iogurte-tipo-grego-maracuja-4-x-125-g/5604260306398
46621,"Iogurte grego natural açucarado sem lactose,  240g",5604260313518,11176,10010,,PorSi Viva Bem,,"5,79€/Kg","1,39€",https://cdn.intermarche.pt/pt/Content/images/boitmal/produit/zoom/845D3261EC595C36212EF5E73E960259.jpg,,/product/iogurte-grego-natural-acucarado-sem-lactose-240g/5604260313518
46600,"Iogurte liquido manga kefir, 486 ml",5604260318315,10400,10010,,PorSi,,"3,07€/L","1,49€",https://cdn.intermarche.pt/pt/Content/images/boitmal/produit/zoom/106BE4355CE6AEC3CCC8F9BDD2753D84.jpg,,/product/iogurte-liquido-manga-kefir-486-ml/5604260318315
46622,"Iogurte grego stracciatella sem lactose,  240g",5604260313525,11176,10010,,PorSi Viva Bem,,"5,79€/Kg","1,39€",https://cdn.intermarche.pt/pt/Content/images/boitmal/produit/zoom/5040BD5057BF9C69D6743EBCD81ABFF9.jpg,,/product/iogurte-grego-stracciatella-sem-lactose-240g/5604260313525
33462,"Iogurte estilo grego stracciatella, 1 kg",8432022000904,11176,10010,,Margui,,"3,39€/Kg","3,39€",https://cdn.intermarche.pt/pt/Content/images/boitmal/produit/zoom/DBC8E351075315D804F7A1E97C371471.jpg,,/product/iogurte-estilo-grego-stracciatella-1-kg/8432022000904
52854,"Kefir Activia Mirtilo, 320g",8410500029524,11176,10010,,Danone,,"5,91€/Kg","1,89€",https://cdn.intermarche.pt/pt/Content/images/boitmal/produit/zoom/F96D21F0BCE06B0FB75FE45A9606EB8F.jpg,,/product/kefir-activia-mirtilo-320g/8410500029524
53227,"Kefir Activia Natural, 320g",8410500028954,11176,10010,,Danone,,"5,91€/Kg","1,89€",https://cdn.intermarche.pt/pt/Content/images/boitmal/produit/zoom/3618BB9FBE5019AAC8808484291DD432.jpg,,/product/kefir-activia-natural-320g/8410500028954
47021,"Iogurte morango skyr 0%, 150 g",5604260318322,11176,10010,,PorSi Viva Bem,,"5,20€/Kg","0,78€",https://cdn.intermarche.pt/pt/Content/images/boitmal/produit/zoom/4D1CC0EF763A56039B440BCAC3CB5714.jpg,,/product/iogurte-morango-skyr-0%25-150-g/5604260318322
41979,"Yopro manteiga amendoim banana,  160g",5601050036244,11177,10010,,Danone,,"6,13€/Kg","0,98€",https://cdn.intermarche.pt/pt/Content/images/boitmal/produit/zoom/76F611345D72D89BD286B28BEC6CF628.jpg,2024-09-25T22:59:59.999Z,/product/yopro-manteiga-amendoim-banana-160g/5601050036244
45431,"Yopro líquido manga,  300g",5601050036893,11177,10010,,Danone,,"6,63€/Kg","1,99€",https://cdn.intermarche.pt/pt/Content/images/boitmal/produit/zoom/8583A6614D9FCD023E372D07BF1E7B47.jpg,2024-09-25T22:59:59.999Z,/product/yopro-liquido-manga-300g/5601050036893
45432,"Yopro líquido coco,  300g",5601050036916,11177,10010,,Danone,,"6,63€/Kg","1,99€",https://cdn.intermarche.pt/pt/Content/images/boitmal/produit/zoom/174E800B7C6E0E18623E381803A8EDD9.jpg,2024-09-25T22:59:59.999Z,/product/yopro-liquido-coco-300g/5601050036916
52759,"Iogurte Proteico Ginja Sem Lactose,  200g",5604260329618,11177,10010,,PorSi Viva Bem,,"4,90€/Kg","0,98€",https://cdn.intermarche.pt/pt/Content/images/boitmal/produit/zoom/648E07F12835F0B056FE04BD0061A4C2.jpg,2024-10-04T22:59:59.999Z,/product/iogurte-proteico-ginja-sem-lactose-200g/5604260329618
50033,"Iogurte Liquido Pêssego Maragujá,  300g",5601050037593,11177,10010,,Yopro,,"6,63€/Kg","1,99€",https://cdn.intermarche.pt/pt/Content/images/boitmal/produit/zoom/8DF1B41264F620D281B0BA1662B0D3D8.jpg,2024-09-25T22:59:59.999Z,/product/iogurte-liquido-pessego-maraguja-300g/5601050037593
35462,"Iogurte liquido proteína yopro morango/framboesa, 300 g",8410500023652,11177,10010,,Yopro,,"6,63€/Kg","1,99€",https://cdn.intermarche.pt/pt/Content/images/boitmal/produit/zoom/9EC735F7DD0AFCA7D894FC734C5CF29F.jpg,2024-09-25T22:59:59.999Z,/product/iogurte-liquido-proteina-yopro-morango-ou-framboesa-300-g/8410500023652
51916,"Yopro caramelo machiato,  160g",5601050037777,11177,10010,,Yopro,,"6,13€/Kg","0,98€",https://cdn.intermarche.pt/pt/Content/images/boitmal/produit/zoom/1270C0A6586804B87FB971BF20F15493.jpg,2024-09-25T22:59:59.999Z,/product/yopro-caramelo-machiato-160g/5601050037777
51311,"Yopro danone beber chocolate,  250 ml",8410500028435,11177,10010,,Yopro,,"4,36€/L","1,09€",https://cdn.intermarche.pt/pt/Content/images/boitmal/produit/zoom/49B55508D1BA9E357A7842002A535DF6.jpg,2024-09-25T22:59:59.999Z,/product/yopro-danone-beber-chocolate-250-ml/8410500028435
50512,"Yopro morango,  160g",8410500028206,11177,10010,,Yopro,,"6,13€/Kg","0,98€",https://cdn.intermarche.pt/pt/Content/images/boitmal/produit/zoom/D925B59D7A508F0A005BF08DFAE0B307.jpg,2024-09-25T22:59:59.999Z,/product/yopro-morango-160g/8410500028206
53064,"Iogurte Líquido Proteico de Mirtilo,  300g",8410500028992,11177,10010,,Yopro,,"6,63€/Kg","1,99€",https://cdn.intermarche.pt/pt/Content/images/boitmal/produit/zoom/22B4F7E885B55F9E6D23FA8D95967ED7.jpg,2024-09-25T22:59:59.999Z,/product/iogurte-liquido-proteico-de-mirtilo-300g/8410500028992
35653,"Yopro liquido baunilha cookies,  300g",5601050035261,11177,10010,,Yopro,,"6,63€/Kg","1,99€",https://cdn.intermarche.pt/pt/Content/images/boitmal/produit/zoom/59E41E90379948C40A550A198F78B98A.jpg,2024-09-25T22:59:59.999Z,/product/yopro-liquido-baunilha-cookies-300g/5601050035261
38408,"Yopro liquido cafe,  300g",5601050036114,11177,10010,,Yopro,,"6,63€/Kg","1,99€",https://cdn.intermarche.pt/pt/Content/images/boitmal/produit/zoom/CACC48A063039C7552E9BC9AE99D8EF3.jpg,2024-09-25T22:59:59.999Z,/product/yopro-liquido-cafe-300g/5601050036114
41360,"Yopro mirtilo,  160g",5601050036268,11177,10010,,Yopro,,"6,13€/Kg","0,98€",https://cdn.intermarche.pt/pt/Content/images/boitmal/produit/zoom/9E0E95300ACF0FD8192F408DE177007F.jpg,2024-09-25T22:59:59.999Z,/product/yopro-mirtilo-160g/5601050036268
49863,"Yopro liq stracciatela,  300g",5601050037586,11177,10010,,Yopro,,"6,63€/Kg","1,99€",https://cdn.intermarche.pt/pt/Content/images/boitmal/produit/zoom/7EC3D68C5183F31750E0ED6C9A4F1D77.jpg,2024-09-25T22:59:59.999Z,/product/yopro-liq-stracciatela-300g/5601050037586
52789,"Iogurte Proteina Natural, 480g",5601050038132,11177,10010,,Yopro,,"6,85€/Kg","3,29€",https://cdn.intermarche.pt/pt/Content/images/boitmal/produit/zoom/BE4D3D8FEB829E1CCD624C248168783D.jpg,2024-09-25T22:59:59.999Z,/product/iogurte-proteina-natural-480g/5601050038132
45430,"Yopro coco,  160g",5601050036909,11177,10010,,Danone,,"6,13€/Kg","0,98€",https://cdn.intermarche.pt/pt/Content/images/boitmal/produit/zoom/DC9F86DA651D580BC5012687C7EA6CF4.jpg,2024-09-25T22:59:59.999Z,/product/yopro-coco-160g/5601050036909
51310,"Yopro danone beber baunilha,  250 ml",8410500028190,11177,10010,,Yopro,,"4,36€/L","1,09€",https://cdn.intermarche.pt/pt/Content/images/boitmal/produit/zoom/D57A147884342384960775CD339493C4.jpg,2024-09-25T22:59:59.999Z,/product/yopro-danone-beber-baunilha-250-ml/8410500028190
52877,"Iogurte Baunilha,  2 x 160g",5601050038149,11177,10010,,Yopro,,"5,59€/Kg","1,79€",https://cdn.intermarche.pt/pt/Content/images/boitmal/produit/zoom/D61FF58F71F4A9F0B6712D6CCEC6A9E5.jpg,2024-09-25T22:59:59.999Z,/product/iogurte-baunilha-2-x-160g/5601050038149
52763,"Pudim Proteico Baunilha, 200g",5604260331185,10719,10060,,PorSi Viva Bem,,"4,95€/Kg","0,99€",https://cdn.intermarche.pt/pt/Content/images/boitmal/produit/zoom/BD4722B0CFFF822EC24F56701216F8F7.jpg,,/product/pudim-proteico-baunilha-200g/5604260331185
47020,"Iogurte natural skyr 0%, 150 g",5604260318339,11176,10010,,PorSi Viva Bem,,"4,60€/Kg","0,69€",https://cdn.intermarche.pt/pt/Content/images/boitmal/produit/zoom/8034E9FAABF87C819035AFC0D3594E17.jpg,,/product/iogurte-natural-skyr-0%25-150-g/5604260318339
45405,"Pudim proteico baunilha,  150g",3023290053508,10719,10060,,Lindahls,,"13,27€/Kg","1,99€",https://cdn.intermarche.pt/pt/Content/images/boitmal/produit/zoom/6B87D362E0EA68435EA6133F4A957F48.jpg,,/product/pudim-proteico-baunilha-150g/3023290053508
52298,"Iogurte Sólido Proteico Limão Cookies,  160 g",3023290072011,11177,10010,,Lindahls,,"6,81€/Kg","1,09€",https://cdn.intermarche.pt/pt/Content/images/boitmal/produit/zoom/8EAA7FD65180D3A14B47E261ECEE195A.jpg,,/product/iogurte-solido-proteico-limao-cookies-160-g/3023290072011
52297,"Iogurte Sólido Proteico Pêssego Maracujá,  160 g",3023290072134,11177,10010,,Lindahls,,"6,81€/Kg","1,09€",https://cdn.intermarche.pt/pt/Content/images/boitmal/produit/zoom/AE9F2C535F0C913D92E310F96C678155.jpg,,/product/iogurte-solido-proteico-pessego-maracuja-160-g/3023290072134
52295,"Iogurte Sólido Proteico Framboesa,  160 g",3023290072073,11177,10010,,Lindahls,,"6,81€/Kg","1,09€",https://cdn.intermarche.pt/pt/Content/images/boitmal/produit/zoom/0AFAF170DCC03528A6FC4E987CD00438.jpg,,/product/iogurte-solido-proteico-framboesa-160-g/3023290072073
52296,"Iogurte Sólido Proteico Stracciatella,  160 g",3023290072097,11177,10010,,Lindahls,,"6,81€/Kg","1,09€",https://cdn.intermarche.pt/pt/Content/images/boitmal/produit/zoom/1D58D41F174566840E8A77CBA42EC7F1.jpg,,/product/iogurte-solido-proteico-stracciatella-160-g/3023290072097
52299,"Iogurte Sólido Proteico Morango Lima,  160 g",3023290072035,11177,10010,,Lindahls,,"6,81€/Kg","1,09€",https://cdn.intermarche.pt/pt/Content/images/boitmal/produit/zoom/14EA5BFF6F855EC6C843EDA83C75111C.jpg,,/product/iogurte-solido-proteico-morango-lima-160-g/3023290072035
46195,"Pudim Rico em Proteína de Chocolate,  200g",4002971301601,10719,10060,,Ehrmann,,"9,45€/Kg","1,89€",https://cdn.intermarche.pt/pt/Content/images/boitmal/produit/zoom/D4B676C995728FCC39FA1C3346E6915D.jpg,,/product/pudim-rico-em-proteina-de-chocolate-200g/4002971301601
52762,"Pudim Proteico Chocolate, 200g",5604260331178,10719,10060,,PorSi Viva Bem,,"4,95€/Kg","0,99€",https://cdn.intermarche.pt/pt/Content/images/boitmal/produit/zoom/E9BC39DA36F1CED0E08A0BAF6C7DE6D5.jpg,,/product/pudim-proteico-chocolate-200g/5604260331178
52765,"Bebida Láctea Proteica Chocolate, 330ml",5604260331154,11177,10010,,PorSi Viva Bem,,"4,21€/L","1,39€",https://cdn.intermarche.pt/pt/Content/images/boitmal/produit/zoom/DB11F3404CB27B8CCF1D657A510C1D96.jpg,,/product/bebida-lactea-proteica-chocolate-330ml/5604260331154
46196,"Pudim Rico em Proteína de Baunilha,  200g",4002971301700,10456,10120,,Ehrmann,,"9,45€/Kg","1,89€",https://cdn.intermarche.pt/pt/Content/images/boitmal/produit/zoom/E2B38EE83181E9C60CC5BA4A36E9CB32.jpg,,/product/pudim-rico-em-proteina-de-baunilha-200g/4002971301700
52855,"Yofu Skyr Exótico, 400g",5411188137368,11175,10010,,Alpro,,"6,48€/Kg","2,59€",https://cdn.intermarche.pt/pt/Content/images/boitmal/produit/zoom/5EF9019C19B1CFD1218BF97A6C8EF78D.jpg,,/product/yofu-skyr-exotico-400g/5411188137368
47021,"Iogurte morango skyr 0%, 150 g",5604260318322,11176,10010,,PorSi Viva Bem,,"5,20€/Kg","0,78€",https://cdn.intermarche.pt/pt/Content/images/boitmal/produit/zoom/4D1CC0EF763A56039B440BCAC3CB5714.jpg,,/product/iogurte-morango-skyr-0%25-150-g/5604260318322
44804,"Pudim Proteico chocolate,  150g",3023290048924,10719,10060,,Lindahls,,"13,27€/Kg","1,99€",https://cdn.intermarche.pt/pt/Content/images/boitmal/produit/zoom/9B2FE0FACFAE4AC76078601AFA61FB63.jpg,,/product/pudim-proteico-chocolate-150g/3023290048924
46197,"Pudim Rico em Proteína de Caramelo,  200g",4002971303506,10719,10060,,Ehrmann,,"9,45€/Kg","1,89€",https://cdn.intermarche.pt/pt/Content/images/boitmal/produit/zoom/0C8A41E622BCD79010E94910EC33893C.jpg,,/product/pudim-rico-em-proteina-de-caramelo-200g/4002971303506
46199,"Pudim Rico em Proteína de Avelã,  200g",4002971244403,10719,10060,,Ehrmann,,"9,45€/Kg","1,89€",https://cdn.intermarche.pt/pt/Content/images/boitmal/produit/zoom/E9467DAC16A4C5952E5973FB8FBDCB7C.jpg,,/product/pudim-rico-em-proteina-de-avela-200g/4002971244403
52764,"Bebida Láctea Proteica Baunilha, 330ml",5604260331161,11177,10010,,PorSi Viva Bem,,"4,21€/L","1,39€",https://cdn.intermarche.pt/pt/Content/images/boitmal/produit/zoom/C0661E8B5DB1222241D06DBC521819CE.jpg,,/product/bebida-lactea-proteica-baunilha-330ml/5604260331161
52856,"Yofu Mirtilo, 400g",5411188137993,11175,10010,,Alpro,,"5,73€/Kg","2,29€",https://cdn.intermarche.pt/pt/Content/images/boitmal/produit/zoom/11533D920C6F50B230FF02F2A50E7E1F.jpg,,/product/yofu-mirtilo-400g/5411188137993
52965,"Yofu Natural Com Côco, 400g",5411188138051,11175,10010,,Alpro,,"5,73€/Kg","2,29€",https://cdn.intermarche.pt/pt/Content/images/boitmal/produit/zoom/4EFC28C798EC9CE81FCEDF77B62BF031.jpg,,/product/yofu-natural-com-coco-400g/5411188138051
52855,"Yofu Skyr Exótico, 400g",5411188137368,11175,10010,,Alpro,,"6,48€/Kg","2,59€",https://cdn.intermarche.pt/pt/Content/images/boitmal/produit/zoom/5EF9019C19B1CFD1218BF97A6C8EF78D.jpg,,/product/yofu-skyr-exotico-400g/5411188137368
52907,"Yofu Líquido Morango e Cereja, 750 ml",5411188138570,11175,10010,,Alpro,,"4,39€/L","3,29€",https://cdn.intermarche.pt/pt/Content/images/boitmal/produit/zoom/900E744ED16474441388F95F41F71847.jpg,,/product/yofu-liquido-morango-e-cereja-750-ml/5411188138570
52960,"Yofu Coco Stracciatella, 340g",5411188136866,11175,10010,,Alpro,,"7,91€/Kg","2,69€",https://cdn.intermarche.pt/pt/Content/images/boitmal/produit/zoom/1DC8A19C4593A6CAC4DD628D5F44BEA6.jpg,,/product/yofu-coco-stracciatella-340g/5411188136866
52966,"Yofu de Baunilha, 400g",5411188137955,11175,10010,,Alpro,,"5,73€/Kg","2,29€",https://cdn.intermarche.pt/pt/Content/images/boitmal/produit/zoom/C1B8A31DBA4EB07280B40964777055ED.jpg,,/product/yofu-de-baunilha-400g/5411188137955
53222,"Yofu Líquido Manga e Maracujá, 750 ml",5411188138594,11175,10010,,Alpro,,"4,39€/L","3,29€",https://cdn.intermarche.pt/pt/Content/images/boitmal/produit/zoom/D8099CC4A9BDBCB07D4BA426C6E1296D.jpg,,/product/yofu-liquido-manga-e-maracuja-750-ml/5411188138594
11405,"Yofu de soja natural,  4x125 g",5411188104971,10712,10022,,Alpro,,"5,18€/Kg","2,59€",https://cdn.intermarche.pt/pt/Content/images/boitmal/produit/zoom/1A17CE49E442E2ABF8EEBC128106404D.jpg,,/product/yofu-de-soja-natural-4x125-g/5411188104971
42850,"Especialidade de soja natural,  4 x 100 g",5604260307623,10712,10022,,PorSi Viva Bem,,"2,98€/Kg","1,19€",https://cdn.intermarche.pt/pt/Content/images/boitmal/produit/zoom/C134891A4F8FC6F557EDD77EF9E2B8C2.jpg,,/product/especialidade-de-soja-natural-4-x-100-g/5604260307623
38418,"Yofu soja e manga sem açúcar adicionado,  400g",5411188125808,10712,10022,,Alpro,,"6,48€/Kg","2,59€",https://cdn.intermarche.pt/pt/Content/images/boitmal/produit/zoom/885BBE235F65985068DF78EED08A47BE.jpg,,/product/yofu-soja-e-manga-sem-acucar-adicionado-400g/5411188125808
42857,"Especialidade soja frutos vermelhos,  4 x 100 g",5604260307616,10712,10022,,PorSi Viva Bem,,"3,23€/Kg","1,29€",https://cdn.intermarche.pt/pt/Content/images/boitmal/produit/zoom/44C0EBDC09DBEA43EC86AEAB0B3B5E76.jpg,,/product/especialidade-soja-frutos-vermelhos-4-x-100-g/5604260307616
49402,"Soja frutos vermelhos tâmaras,  400g",5411188136347,10712,10022,,Alpro,,"6,48€/Kg","2,59€",https://cdn.intermarche.pt/pt/Content/images/boitmal/produit/zoom/4BE8EFA56372C8FC206464D94531C69F.jpg,,/product/soja-frutos-vermelhos-tamaras-400g/5411188136347
49401,"Soja Ananás Maracujá Sem Açúcar,  400g",5411188133759,10712,10022,,Alpro,,"6,48€/Kg","2,59€",https://cdn.intermarche.pt/pt/Content/images/boitmal/produit/zoom/D6B96CDF233EF989EC5DE3223EBE6B42.jpg,,/product/soja-ananas-maracuja-sem-acucar-400g/5411188133759
11403,"Yofu com pedaços de mirtilo,  4x125 g",5411188100324,10712,10022,,Alpro,,"5,18€/Kg","2,59€",https://cdn.intermarche.pt/pt/Content/images/boitmal/produit/zoom/A16B1848AAE46EC6E247323D1789AB93.jpg,,/product/yofu-com-pedacos-de-mirtilo-4x125-g/5411188100324
42852,"Soja polpa fruta,  8 x 100 g",5604260307647,10712,10022,,PorSi Viva Bem,,"3,24€/Kg","2,59€",https://cdn.intermarche.pt/pt/Content/images/boitmal/produit/zoom/12C365D3869AC06A495F95E8B0211C2C.jpg,,/product/soja-polpa-fruta-8-x-100-g/5604260307647
42855,"Especialidade de soja chocolate,  4 x 100 g",5604260307593,10712,10022,,PorSi Viva Bem,,"4,23€/Kg","1,69€",https://cdn.intermarche.pt/pt/Content/images/boitmal/produit/zoom/C1DAF422659817A37EBFFCA09F7D576E.jpg,,/product/especialidade-de-soja-chocolate-4-x-100-g/5604260307593
52856,"Yofu Mirtilo, 400g",5411188137993,11175,10010,,Alpro,,"5,73€/Kg","2,29€",https://cdn.intermarche.pt/pt/Content/images/boitmal/produit/zoom/11533D920C6F50B230FF02F2A50E7E1F.jpg,,/product/yofu-mirtilo-400g/5411188137993
52965,"Yofu Natural Com Côco, 400g",5411188138051,11175,10010,,Alpro,,"5,73€/Kg","2,29€",https://cdn.intermarche.pt/pt/Content/images/boitmal/produit/zoom/4EFC28C798EC9CE81FCEDF77B62BF031.jpg,,/product/yofu-natural-com-coco-400g/5411188138051
8207,"Sobremesa de soja e baunilha,  4x125 g",5411188094111,10712,10022,,Alpro,,"5,58€/Kg","2,79€",https://cdn.intermarche.pt/pt/Content/images/boitmal/produit/zoom/B08D66721A1CA6EF25FCBF384079EE37.jpg,,/product/sobremesa-de-soja-e-baunilha-4x125-g/5411188094111
8215,"Yofu com polpa de fruta,  4x125 g",5411188112655,10712,10022,,Alpro,,"5,18€/Kg","2,59€",https://cdn.intermarche.pt/pt/Content/images/boitmal/produit/zoom/0D83B3467DE4D626C94D73CEED2B42C7.jpg,,/product/yofu-com-polpa-de-fruta-4x125-g/5411188112655
42856,"Especialidade soja baunilha,  4 x 100 g",5604260307609,10712,10022,,PorSi Viva Bem,,"4,23€/Kg","1,69€",https://cdn.intermarche.pt/pt/Content/images/boitmal/produit/zoom/02BB8E7875983435FD4BFEB05C4E4758.jpg,,/product/especialidade-soja-baunilha-4-x-100-g/5604260307609
52803,"Iogurte Vegetal Leite de Coco Natural Açucarado, 4x 151 ml",5603722522642,10400,10010,,Mimosa,,"3,29€/L","1,99€",https://cdn.intermarche.pt/pt/Content/images/boitmal/produit/zoom/32FC6499B66C7CCC9804185481223A59.jpg,,/product/iogurte-vegetal-leite-de-coco-natural-acucarado-4x-151-ml/5603722522642
52855,"Yofu Skyr Exótico, 400g",5411188137368,11175,10010,,Alpro,,"6,48€/Kg","2,59€",https://cdn.intermarche.pt/pt/Content/images/boitmal/produit/zoom/5EF9019C19B1CFD1218BF97A6C8EF78D.jpg,,/product/yofu-skyr-exotico-400g/5411188137368
52907,"Yofu Líquido Morango e Cereja, 750 ml",5411188138570,11175,10010,,Alpro,,"4,39€/L","3,29€",https://cdn.intermarche.pt/pt/Content/images/boitmal/produit/zoom/900E744ED16474441388F95F41F71847.jpg,,/product/yofu-liquido-morango-e-cereja-750-ml/5411188138570
52960,"Yofu Coco Stracciatella, 340g",5411188136866,11175,10010,,Alpro,,"7,91€/Kg","2,69€",https://cdn.intermarche.pt/pt/Content/images/boitmal/produit/zoom/1DC8A19C4593A6CAC4DD628D5F44BEA6.jpg,,/product/yofu-coco-stracciatella-340g/5411188136866
52966,"Yofu de Baunilha, 400g",5411188137955,11175,10010,,Alpro,,"5,73€/Kg","2,29€",https://cdn.intermarche.pt/pt/Content/images/boitmal/produit/zoom/C1B8A31DBA4EB07280B40964777055ED.jpg,,/product/yofu-de-baunilha-400g/5411188137955
53222,"Yofu Líquido Manga e Maracujá, 750 ml",5411188138594,11175,10010,,Alpro,,"4,39€/L","3,29€",https://cdn.intermarche.pt/pt/Content/images/boitmal/produit/zoom/D8099CC4A9BDBCB07D4BA426C6E1296D.jpg,,/product/yofu-liquido-manga-e-maracuja-750-ml/5411188138594
3725,"Liégeois Sobremesa de chocolate,  4x100 g",3250390011545,10719,10060,,Páturages,,"3,73€/Kg","1,49€",https://cdn.intermarche.pt/pt/Content/images/boitmal/produit/zoom/9A46D2178312E5F175CC56A78318E4E7.jpg,,/product/liegeois-sobremesa-de-chocolate-4x100-g/3250390011545
52763,"Pudim Proteico Baunilha, 200g",5604260331185,10719,10060,,PorSi Viva Bem,,"4,95€/Kg","0,99€",https://cdn.intermarche.pt/pt/Content/images/boitmal/produit/zoom/BD4722B0CFFF822EC24F56701216F8F7.jpg,,/product/pudim-proteico-baunilha-200g/5604260331185
28858,"Flan de ovos, 4 x 100g",5604260283057,10719,10060,,PorSi,,"3,98€/Kg","1,59€",https://cdn.intermarche.pt/pt/Content/images/boitmal/produit/zoom/D0F91E4AFB918C934BC607A72C5C77A4.jpg,,/product/flan-de-ovos-4-x-100g/5604260283057
9682,"Leite creme,  2x135 g",5604260270200,10719,10060,,PorSi,,"14,74€/Kg","1,99€",https://cdn.intermarche.pt/pt/Content/images/boitmal/produit/zoom/D3DAAABB6F21F8BD75C60653E4705E6F.jpg,,/product/leite-creme-2x135-g/5604260270200
9722,"Toucinho do céu,  2x100 g",5604260272518,10719,10060,,PorSi,,"7,45€/Kg","1,49€",https://cdn.intermarche.pt/pt/Content/images/boitmal/produit/zoom/4142687B710423A20750DB16CD52B478.jpg,,/product/toucinho-do-ceu-2x100-g/5604260272518
11064,"Mousse de chocolate leite,  4x60 g",3250395012080,10719,10060,,Páturages,,"4,13€/Kg","0,99€",https://cdn.intermarche.pt/pt/Content/images/boitmal/produit/zoom/4F4155C9F0D3D0E62E8A5077C5F8BD64.jpg,,/product/mousse-de-chocolate-leite-4x60-g/3250395012080
33181,"Sobremesa paturette baunilha,  4 x 115 g",3250390791928,10719,10060,,Páturages,,"2,80€/Kg","1,29€",https://cdn.intermarche.pt/pt/Content/images/boitmal/produit/zoom/BECB01420CE7BA5CC3FC6414714D158C.jpg,,/product/sobremesa-paturette-baunilha-4-x-115-g/3250390791928
3726,"Liégeois Sobremesa de Café,  4x100 g",3250390011552,10719,10060,,Páturages,,"3,73€/Kg","1,49€",https://cdn.intermarche.pt/pt/Content/images/boitmal/produit/zoom/50841B0D5CD1915146FC415D84D8E371.jpg,,/product/liegeois-sobremesa-de-cafe-4x100-g/3250390011552
10946,"Sobremesa Paturette Caramelo,  4x115g",3250390791881,10719,10060,,Páturages,,"2,80€/Kg","1,29€",https://cdn.intermarche.pt/pt/Content/images/boitmal/produit/zoom/AC07416F87340F1B297AA42598177D5D.jpg,,/product/sobremesa-paturette-caramelo-4x115g/3250390791881
11065,"Mousse de chocolate preto,  4x60 g",3250395016262,10719,10060,,Páturages,,"4,96€/Kg","1,19€",https://cdn.intermarche.pt/pt/Content/images/boitmal/produit/zoom/3E6150D925F8C2676C68721ED8C3AF42.jpg,,/product/mousse-de-chocolate-preto-4x60-g/3250395016262
45405,"Pudim proteico baunilha,  150g",3023290053508,10719,10060,,Lindahls,,"13,27€/Kg","1,99€",https://cdn.intermarche.pt/pt/Content/images/boitmal/produit/zoom/6B87D362E0EA68435EA6133F4A957F48.jpg,,/product/pudim-proteico-baunilha-150g/3023290053508
7603,"Liegeois de chocolate,  200g",4002971266207,10719,10060,,Milchfrisc,,"2,95€/Kg","0,59€",https://cdn.intermarche.pt/pt/Content/images/boitmal/produit/zoom/96819C4E01A5EBAB262422D9582112B4.jpg,,/product/liegeois-de-chocolate-200g/4002971266207
33180,"Sobremesa Paturette Chocolate,  4x115g",3250390791942,10719,10060,,Páturages,,"2,80€/Kg","1,29€",https://cdn.intermarche.pt/pt/Content/images/boitmal/produit/zoom/B3F4B24B573E9D2BB038C6B95ADC53F2.jpg,,/product/sobremesa-paturette-chocolate-4x115g/3250390791942
9684,"Delícia de bolacha,  2x135 g",5604260270224,10719,10060,,PorSi,,"13,26€/Kg","1,79€",https://cdn.intermarche.pt/pt/Content/images/boitmal/produit/zoom/F410A532B6754A1D14FBA137A13FD9A0.jpg,,/product/delicia-de-bolacha-2x135-g/5604260270224
20131,"Sobremesa Paturette Creamy Chocolate,  4X115G",3250392303969,10719,10060,,Páturages,,"4,33€/Kg","1,99€",https://cdn.intermarche.pt/pt/Content/images/boitmal/produit/zoom/B4DA8A29FFADDD5E831767F9D4B3C532.jpg,,/product/sobremesa-paturette-creamy-chocolate-4x115g/3250392303969
27816,"Sobremesa danette chocolate,  4 x 125 g",5601050034172,10719,10060,,Danone,,"4,58€/Kg","2,29€",https://cdn.intermarche.pt/pt/Content/images/boitmal/produit/zoom/7D9550DA1786024357E288D08E9A866B.jpg,,/product/sobremesa-danette-chocolate-4-x-125-g/5601050034172
9683,"Sobremesa de Arroz Doce, 2 x 135g",5604260270217,10719,10060,,PorSi,,"6,63€/Kg","1,79€",https://cdn.intermarche.pt/pt/Content/images/boitmal/produit/zoom/AB8410FB07D26338CBE5D489AED7EE3F.jpg,,/product/sobremesa-de-arroz-doce-2-x-135g/5604260270217
12662,"Sobremesa láctea com chocolate e drageias de chocolate coloridas,  4X120 g",3250391885794,10719,10060,,Páturages,,"5,60€/Kg","2,69€",https://cdn.intermarche.pt/pt/Content/images/boitmal/produit/zoom/4A7AC41D409D8CFD93DF4A61A99519E3.jpg,,/product/sobremesa-lactea-com-chocolate-e-drageias-de-chocolate-coloridas-4x120-g/3250391885794
46195,"Pudim Rico em Proteína de Chocolate,  200g",4002971301601,10719,10060,,Ehrmann,,"9,45€/Kg","1,89€",https://cdn.intermarche.pt/pt/Content/images/boitmal/produit/zoom/D4B676C995728FCC39FA1C3346E6915D.jpg,,/product/pudim-rico-em-proteina-de-chocolate-200g/4002971301601
52762,"Pudim Proteico Chocolate, 200g",5604260331178,10719,10060,,PorSi Viva Bem,,"4,95€/Kg","0,99€",https://cdn.intermarche.pt/pt/Content/images/boitmal/produit/zoom/E9BC39DA36F1CED0E08A0BAF6C7DE6D5.jpg,,/product/pudim-proteico-chocolate-200g/5604260331178
27813,"Sobremesa danette baunilha,  4 x 125 g",5601050034165,10719,10060,,Danone,,"4,58€/Kg","2,29€",https://cdn.intermarche.pt/pt/Content/images/boitmal/produit/zoom/12DF8E812A3124706B83FB0DF82BEFD8.jpg,,/product/sobremesa-danette-baunilha-4-x-125-g/5601050034165
36946,"Sobremesa danette duo baunilha e chocolate,  4 x 125 ml",5601050035919,10719,10060,,Danone,,"4,58€/Kg","2,29€",https://cdn.intermarche.pt/pt/Content/images/boitmal/produit/zoom/8AB6EAB5935ABDCA4ADA75B8580ADBE0.jpg,,/product/sobremesa-danette-duo-baunilha-e-chocolate-4-x-125-ml/5601050035919
46196,"Pudim Rico em Proteína de Baunilha,  200g",4002971301700,10456,10120,,Ehrmann,,"9,45€/Kg","1,89€",https://cdn.intermarche.pt/pt/Content/images/boitmal/produit/zoom/E2B38EE83181E9C60CC5BA4A36E9CB32.jpg,,/product/pudim-rico-em-proteina-de-baunilha-200g/4002971301700
44804,"Pudim Proteico chocolate,  150g",3023290048924,10719,10060,,Lindahls,,"13,27€/Kg","1,99€",https://cdn.intermarche.pt/pt/Content/images/boitmal/produit/zoom/9B2FE0FACFAE4AC76078601AFA61FB63.jpg,,/product/pudim-proteico-chocolate-150g/3023290048924
32242,"Danette caramel, 4 x 125 g",5601050034714,10719,10060,,Danone,,"4,58€/Kg","2,29€",https://cdn.intermarche.pt/pt/Content/images/boitmal/produit/zoom/24A1EABD2D35BF84DBD0CD2203D0082D.jpg,,/product/danette-caramel-4-x-125-g/5601050034714
46197,"Pudim Rico em Proteína de Caramelo,  200g",4002971303506,10719,10060,,Ehrmann,,"9,45€/Kg","1,89€",https://cdn.intermarche.pt/pt/Content/images/boitmal/produit/zoom/0C8A41E622BCD79010E94910EC33893C.jpg,,/product/pudim-rico-em-proteina-de-caramelo-200g/4002971303506
46199,"Pudim Rico em Proteína de Avelã,  200g",4002971244403,10719,10060,,Ehrmann,,"9,45€/Kg","1,89€",https://cdn.intermarche.pt/pt/Content/images/boitmal/produit/zoom/E9467DAC16A4C5952E5973FB8FBDCB7C.jpg,,/product/pudim-rico-em-proteina-de-avela-200g/4002971244403
52054,"Gelatina Pronta Morango,  360g",7622201735111,10800,10060,,Royal,,"4,14€/Kg","1,49€",https://cdn.intermarche.pt/pt/Content/images/boitmal/produit/zoom/8979195E50E0562805183F99A49CEE3B.jpg,2024-09-25T22:59:59.999Z,/product/gelatina-pronta-morango-360g/7622201735111
1708,"Gelatina zero % pêssego,  130g",5603697271750,10800,10060,,Koala,,"8,38€/Kg","1,09€",https://cdn.intermarche.pt/pt/Content/images/boitmal/produit/zoom/BB23402C37BDF83803302FC5CC3BA321.jpg,2024-09-25T22:59:59.999Z,/product/gelatina-zero-%25-pessego-130g/5603697271750
1701,"Gelatina de ananás,  130g",5603697270920,10800,10060,,Koala,,"6,85€/Kg","0,89€",https://cdn.intermarche.pt/pt/Content/images/boitmal/produit/zoom/42EAD10DCA52B5A6CE1D0332693604D8.jpg,2024-09-25T22:59:59.999Z,/product/gelatina-de-ananas-130g/5603697270920
1702,"Gelatina de manga,  130g",5603697270975,10800,10060,,Koala,,"6,85€/Kg","0,89€",https://cdn.intermarche.pt/pt/Content/images/boitmal/produit/zoom/5AEEAA5729AC0FEBDD696A12FD303E89.jpg,2024-09-25T22:59:59.999Z,/product/gelatina-de-manga-130g/5603697270975
1703,"Gelatina de melancia,  130g",5603697270999,10800,10060,,Koala,,"6,85€/Kg","0,89€",https://cdn.intermarche.pt/pt/Content/images/boitmal/produit/zoom/EF4321539F49860B57675DA449646740.jpg,2024-09-25T22:59:59.999Z,/product/gelatina-de-melancia-130g/5603697270999
1704,"Gelatina de morango,  130g",5603697271613,10800,10060,,Koala,,"6,85€/Kg","0,89€",https://cdn.intermarche.pt/pt/Content/images/boitmal/produit/zoom/A643E361D2FCFD5055090D6A30CCDA7D.jpg,2024-09-25T22:59:59.999Z,/product/gelatina-de-morango-130g/5603697271613
1707,"Gelatina zero % morango,  130g",5603697271743,10800,10060,,Koala,,"8,38€/Kg","1,09€",https://cdn.intermarche.pt/pt/Content/images/boitmal/produit/zoom/B1C607A22B7C1F9D372F9A0244AB004C.jpg,2024-09-25T22:59:59.999Z,/product/gelatina-zero-%25-morango-130g/5603697271743
28621,"Gelatina de coco origem vegetal,  130g",5603697270937,10800,10060,,Koala,,"6,85€/Kg","0,89€",https://cdn.intermarche.pt/pt/Content/images/boitmal/produit/zoom/C6A2B62FAF931255677C85EF540283F7.jpg,2024-09-25T22:59:59.999Z,/product/gelatina-de-coco-origem-vegetal-130g/5603697270937
52010,"Gelatina Pronta Tutti - Frutti,  360g",7622201735197,10800,10060,,Royal,,"4,14€/Kg","1,49€",https://cdn.intermarche.pt/pt/Content/images/boitmal/produit/zoom/50A610B8826E8E66535C2E3FCBC6794F.jpg,2024-09-25T22:59:59.999Z,/product/gelatina-pronta-tutti-frutti-360g/7622201735197
52158,"Gelatina de Manga e Maracujá 8kcal ,  4x100g",5604260327904,10800,10060,,PorSi Viva Bem,,"2,73€/Kg","1,09€",https://cdn.intermarche.pt/pt/Content/images/boitmal/produit/zoom/EA1906E8B9A19CC2F478C1D82364E70B.jpg,,/product/gelatina-de-manga-e-maracuja-8kcal-4x100g/5604260327904
9611,"Sobremesa gelificada de laranja,  4x100g",5604260261260,10800,10060,,PorSi,,"2,48€/Kg","0,99€",https://cdn.intermarche.pt/pt/Content/images/boitmal/produit/zoom/FF0DDDBA5C1B9FC0567F42E4FB4EF161.jpg,,/product/sobremesa-gelificada-de-laranja-4x100g/5604260261260
9608,"Sobremesa gelatina de morango, 4 x 100g",5604260261239,10800,10060,,PorSi,,"2,48€/Kg","0,99€",https://cdn.intermarche.pt/pt/Content/images/boitmal/produit/zoom/6A9C0071F58923312A46E4C82F6BBC26.jpg,,/product/sobremesa-gelatina-de-morango-4-x-100g/5604260261239
9610,"Sobremesa gelatina de ananás, 4 x 100g",5604260261253,10800,10060,,PorSi,,"2,48€/Kg","0,99€",https://cdn.intermarche.pt/pt/Content/images/boitmal/produit/zoom/96377821CA11AADE10F6313CDBA6947B.jpg,,/product/sobremesa-gelatina-de-ananas-4-x-100g/5604260261253
9609,"Sobremesa gelificada tutti frutti,  4 x 100g",5604260261246,10800,10060,,PorSi,,"2,48€/Kg","0,99€",https://cdn.intermarche.pt/pt/Content/images/boitmal/produit/zoom/EB547564718E5FA59759CFF4C59E4377.jpg,,/product/sobremesa-gelificada-tutti-frutti-4-x-100g/5604260261246
51960,"Gelatina Pronta Tropical Sem Açúcar,  360g",7622201735036,10800,10060,,Royal,,"6,08€/Kg","2,19€",https://cdn.intermarche.pt/pt/Content/images/boitmal/produit/zoom/62F7B9D4695B09CE78EDA36E7C56E2D3.jpg,,/product/gelatina-pronta-tropical-sem-acucar-360g/7622201735036
52153,"Gelatina Ananás Sem Adição de Açúcares,  4 x 100 g",5604260327881,10800,10060,,PorSi Viva Bem,,"2,73€/Kg","1,09€",https://cdn.intermarche.pt/pt/Content/images/boitmal/produit/zoom/786189AF4627511A31DB276C363F4A02.jpg,,/product/gelatina-ananas-sem-adicao-de-acucares-4-x-100-g/5604260327881
52015,"Gelatina Pronta Ananás Sem Açúcar,  360g",7622201747442,10800,10060,,Royal,,"6,08€/Kg","2,19€",https://cdn.intermarche.pt/pt/Content/images/boitmal/produit/zoom/F31B2D653A78960E5C8BECD9B44182BC.jpg,,/product/gelatina-pronta-ananas-sem-acucar-360g/7622201747442
52039,"Gelatina Pronta Frutos do Bosque Sem Açúcar,  360g",7622201747466,10800,10060,,Royal,,"6,08€/Kg","2,19€",https://cdn.intermarche.pt/pt/Content/images/boitmal/produit/zoom/1B2DEF970DD31011C1B7589C0E366974.jpg,,/product/gelatina-pronta-frutos-do-bosque-sem-acucar-360g/7622201747466
52152,"Gelatina de Morango 8kcal,  4x100g",5604260327874,10800,10060,,PorSi Viva Bem,,"2,98€/Kg","1,19€",https://cdn.intermarche.pt/pt/Content/images/boitmal/produit/zoom/73DD4BB7DEB1A85BF151B26EFB176456.jpg,,/product/gelatina-de-morango-8kcal-4x100g/5604260327874
52157,"Gelatina de Tangerina 8kcal,  4x100g",5604260327898,10800,10060,,PorSi Viva Bem,,"2,73€/Kg","1,09€",https://cdn.intermarche.pt/pt/Content/images/boitmal/produit/zoom/CCCAA41A597279534F7956BCCB9A28E3.jpg,,/product/gelatina-de-tangerina-8kcal-4x100g/5604260327898
52040,"Gelatina Pronta Limão Sem Açúcar,  360g",7622201735135,10800,10060,,Royal,,"6,08€/Kg","2,19€",https://cdn.intermarche.pt/pt/Content/images/boitmal/produit/zoom/FD2CC3FD7BB6266F63A60607571A9D2A.jpg,,/product/gelatina-pronta-limao-sem-acucar-360g/7622201735135
51959,"Gelatina Pronta Morango Sem Açúcar,  360g",7622201735012,10800,10060,,Royal,,"6,08€/Kg","2,19€",https://cdn.intermarche.pt/pt/Content/images/boitmal/produit/zoom/ED35B4FB5B13295D8AD6A2B035F28370.jpg,,/product/gelatina-pronta-morango-sem-acucar-360g/7622201735012
7226,"Puré Sobremesa de Maçã Natural, 750 g",3045320510577,11799,10060,,Andros,,"4,79€/Kg","3,59€",https://cdn.intermarche.pt/pt/Content/images/boitmal/produit/zoom/16588B7BED9F4098AEE7BD2B39D5F27F.jpg,,/product/pure-sobremesa-de-maca-natural-750-g/3045320510577
36728,Arroz carolino,5604260294343,11715,103,Embalagem de 1 kg,PorSi,,"1,25€/Kg","1,25€",https://cdn.intermarche.pt/pt/Content/images/boitmal/produit/zoom/10350363E0DE37B1698299EA7835EFEE.jpg,2024-10-04T22:59:59.999Z,/product/arroz-carolino/5604260294343
5522,Arroz carolino,5601692071429,11715,103,Embalagem de 1 kg,Bom sucesso,,"1,49€/Kg","1,49€",https://cdn.intermarche.pt/pt/Content/images/boitmal/produit/zoom/DB1736313D8501082E1A679F43901D59.jpg,2024-09-25T22:59:59.999Z,/product/arroz-carolino/5601692071429
36667,Arroz Agulha América do Sul,5604260294374,11715,103,Embalagem de 1 kg,PorSi,,"1,45€/Kg","1,45€",https://cdn.intermarche.pt/pt/Content/images/boitmal/produit/zoom/3176FBF6289F7C552A43A4A40781BEBD.jpg,,/product/arroz-agulha-america-do-sul/5604260294374
5521,"Arroz agulha, 1kg",5601692071214,11715,103,Embalagem de 1 kg,Bom sucesso,,"1,29€/Kg","1,29€",https://cdn.intermarche.pt/pt/Content/images/boitmal/produit/zoom/67549B74E1964578541F2476DCA87536.jpg,2024-09-25T22:59:59.999Z,/product/arroz-agulha-1kg/5601692071214
31215,Arroz para risotto bom sucesso,5601692071498,11715,103,Embalagem de 1 kg,Bom sucesso,,"2,44€/Kg","2,44€",https://cdn.intermarche.pt/pt/Content/images/boitmal/produit/zoom/2201CC75AAA41C406D31C32C55688C21.jpg,2024-09-25T22:59:59.999Z,/product/arroz-para-risotto-bom-sucesso/5601692071498
36727,Arroz basmati,5604260294404,11715,103,Embalagem de 1 kg,PorSi,,"1,99€/Kg","1,99€",https://cdn.intermarche.pt/pt/Content/images/boitmal/produit/zoom/A202F799046FEBC287E96FCBA940C546.jpg,,/product/arroz-basmati/5604260294404
1427,Arroz agulha,5601255322128,11715,103,Embalagem de 1 kg,Caçarola,,"1,28€/Kg","1,28€",https://cdn.intermarche.pt/pt/Content/images/boitmal/produit/zoom/A52540C62DF57685F2A437535D54EC25.jpg,,/product/arroz-agulha/5601255322128
1434,Arroz agulha,5601260037109,11715,103,Embalagem de 1 kg,Cigala,,"1,59€/Kg","1,59€",https://cdn.intermarche.pt/pt/Content/images/boitmal/produit/zoom/9B1F36F6AAAF2732F8672B52B380B44F.jpg,,/product/arroz-agulha/5601260037109
37515,Arroz agulha Europa,5604260294367,11715,103,Embalagem de 1 kg,PorSi,,"1,35€/Kg","1,35€",https://cdn.intermarche.pt/pt/Content/images/boitmal/produit/zoom/9739FA5451F66601C6848B15FEF34D85.jpg,,/product/arroz-agulha-europa/5604260294367
1484,Arroz carolino malandrinho,5601326000122,11715,103,Embalagem de 1 kg,Pato real,,"2,19€/Kg","2,19€",https://cdn.intermarche.pt/pt/Content/images/boitmal/produit/zoom/894170BBEE1DCE01EC4648E1F8CDBAFD.jpg,,/product/arroz-carolino-malandrinho/5601326000122
1426,Arroz carolino,5601255312112,11715,103,Embalagem de 1kg,Caçarola,,"1,39€/Kg","1,39€",https://cdn.intermarche.pt/pt/Content/images/boitmal/produit/zoom/7F690432AAD8958D114DBA6E5A052325.jpg,,/product/arroz-carolino/5601255312112
1436,Arroz brajma,5601260038106,11715,103,Embalagem de 1 kg,Cigala,,"2,99€/Kg","2,99€",https://cdn.intermarche.pt/pt/Content/images/boitmal/produit/zoom/61072CF34FC0F6BAB0BEEADB6DBF8C24.jpg,,/product/arroz-brajma/5601260038106
1437,Arroz Carolino,5601260046101,11715,103,Embalagem de 1 kg,Saludães,,"1,89€/Kg","1,89€",https://cdn.intermarche.pt/pt/Content/images/boitmal/produit/zoom/1AF2CC85F100279586424D4415352EF6.jpg,,/product/arroz-carolino/5601260046101
1485,Arroz agulha,5601326000214,11715,103,Embalagem de 1 kg,Pato real,,"1,69€/Kg","1,69€",https://cdn.intermarche.pt/pt/Content/images/boitmal/produit/zoom/9300697F5C7AE4E3984C289F98387091.jpg,,/product/arroz-agulha/5601326000214
36574,Arroz agulha longo comum,5601432040203,11715,103,Embalagem de 1 kg,Palmeirinha,,"1,15€/Kg","1,15€",https://cdn.intermarche.pt/pt/Content/images/boitmal/produit/zoom/552F49C82E7CDFB2BF979948D3709D4A.jpg,,/product/arroz-agulha-longo-comum/5601432040203
43406,Arroz integral,5604260310364,10456,10120,Embalagem de 1 kg,PorSi Viva Bem,,"1,48€/Kg","1,48€",https://cdn.intermarche.pt/pt/Content/images/boitmal/produit/zoom/1A54CCE5D98AD480EAE3D8242AF2F0F9.jpg,,/product/arroz-integral/5604260310364
48350,Arroz vaporizado,5604260319503,11715,103,Embalagem de 500g,PorSi,,"2,98€/Kg","1,49€",https://cdn.intermarche.pt/pt/Content/images/boitmal/produit/zoom/A69B4B8AAD626E8E2F330236969EE6A9.jpg,,/product/arroz-vaporizado/5604260319503
46854,"Arroz Thai Jasmim, 1 kg",5604260320660,11715,103,,PorSi,,"1,79€/Kg","1,79€",https://cdn.intermarche.pt/pt/Content/images/boitmal/produit/zoom/6E0F253FFC5FCF3540D8B26689ED7C2F.jpg,,/product/arroz-thai-jasmim-1-kg/5604260320660
1433,Arroz Carolino,5601260036102,11715,103,Embalagem de 1 kg,Cigala,,"1,89€/Kg","1,89€",https://cdn.intermarche.pt/pt/Content/images/boitmal/produit/zoom/2DDC2B3398B25BC364B40D12E11074B2.jpg,,/product/arroz-carolino/5601260036102
1439,Arroz vaporizado,5601260127107,11715,103,Embalagem de 1 kg,Cigala,,"1,59€/Kg","1,59€",https://cdn.intermarche.pt/pt/Content/images/boitmal/produit/zoom/0DD33F088D804C413066136DC8BB8986.jpg,,/product/arroz-vaporizado/5601260127107
47781,Arroz basmati,5604260319497,11715,103,Embalagem de 500g,PorSi,,"3,78€/Kg","1,89€",https://cdn.intermarche.pt/pt/Content/images/boitmal/produit/zoom/B5E3BD11E06F1EA4ADB1B66F0C346639.jpg,,/product/arroz-basmati/5604260319497
22164,Arroz doce especial,5601260254056,11715,103,Embalagem de 500g,Saludães,,"1,98€/Kg","0,99€",https://cdn.intermarche.pt/pt/Content/images/boitmal/produit/zoom/878854BE9F8FAA6F9C6C65945CC1655C.jpg,,/product/arroz-doce-especial/5601260254056
1438,Arroz agulha,5601260047108,11715,103,Embalagem de 1kg,Saludães,,"1,59€/Kg","1,59€",https://cdn.intermarche.pt/pt/Content/images/boitmal/produit/zoom/A47E0478F621CD18819B801F7F6528A1.jpg,,/product/arroz-agulha/5601260047108
14269,Arroz Risotto,5604260276004,11715,103,Embalagem de 1 kg,PorSi,,"1,98€/Kg","1,98€",https://cdn.intermarche.pt/pt/Content/images/boitmal/produit/zoom/28BB09A264F7A36F654265C17A4EC69C.jpg,,/product/arroz-risotto/5604260276004
1429,Arroz estufado,5601255323125,11715,103,Embalagem de 1 kg,Caçarola,,"1,59€/Kg","1,59€",https://cdn.intermarche.pt/pt/Content/images/boitmal/produit/zoom/ED0B6D9BD767D2AF150FD69C63788B2B.jpg,,/product/arroz-estufado/5601255323125
40525,Arroz agulha,5604260294381,11715,103,Embalagem de 5kg,PorSi,,"1,40€/Kg","6,99€",https://cdn.intermarche.pt/pt/Content/images/boitmal/produit/zoom/8CBFA4340437B547AF82C07E1CFA3028.jpg,,/product/arroz-agulha/5604260294381
1428,Arroz basmati,5601255322210,11715,103,Embalagem de 1 kg,Caçarola,,"2,99€/Kg","2,99€",https://cdn.intermarche.pt/pt/Content/images/boitmal/produit/zoom/597DB0594D385F011EF164902A284637.jpg,,/product/arroz-basmati/5601255322210
2162,Arroz carolino,5604260294350,11715,103,Embalagem de 5 kg,PorSi,,"1,20€/Kg","5,99€",https://cdn.intermarche.pt/pt/Content/images/boitmal/produit/zoom/4D70CE5CABACF35C834A08C5BB7AE736.jpg,,/product/arroz-carolino/5604260294350
1599,Arroz carolino,5601537332739,11715,103,Embalagem de 1 kg,Louro,,"1,89€/Kg","1,89€",https://cdn.intermarche.pt/pt/Content/images/boitmal/produit/zoom/0512A23B625930AE39C0A5809DF31C8C.jpg,,/product/arroz-carolino/5601537332739
22458,Arroz sushi,5601255625069,11715,103,Embalagem de 1 kg,Caçarola,,"2,39€/Kg","2,39€",https://cdn.intermarche.pt/pt/Content/images/boitmal/produit/zoom/20C2F8A109878E3C7A65BBB4426D7436.jpg,,/product/arroz-sushi/5601255625069
25553,Arroz brajma pronto a comer,5601260338022,11715,103,Embalagem de 250g,Cigala,,"6,20€/Kg","1,55€",https://cdn.intermarche.pt/pt/Content/images/boitmal/produit/zoom/39F13FB8EC3A152FEEDA121B7F484CB7.jpg,,/product/arroz-brajma-pronto-a-comer/5601260338022
38991,Arroz integral extra longo,5604321002160,10456,10120,Embalagem de 1 kg,Cemporcento,,"1,69€/Kg","1,69€",https://cdn.intermarche.pt/pt/Content/images/boitmal/produit/zoom/487227DA9770C546118728A2593B2FA2.jpg,,/product/arroz-integral-extra-longo/5604321002160
46169,Arroz thai jasmim,5601260018108,11715,103,Embalagem de 1 kg,Cigala,,"2,39€/Kg","2,39€",https://cdn.intermarche.pt/pt/Content/images/boitmal/produit/zoom/7E6CA829E5A990F6AAC16711E18D780D.jpg,,/product/arroz-thai-jasmim/5601260018108
46170,Arroz agulha integral,5601260105105,11715,103,Embalagem de 1 kg,Cigala,,"1,59€/Kg","1,59€",https://cdn.intermarche.pt/pt/Content/images/boitmal/produit/zoom/F076505D90C534727988279B65286B9F.jpg,,/product/arroz-agulha-integral/5601260105105
1440,Arroz extra longo integral,5601260145101,11715,103,Embalagem de 1 kg,Saludães,,"1,48€/Kg","1,48€",https://cdn.intermarche.pt/pt/Content/images/boitmal/produit/zoom/B4A996D9BC6883DC7278C3ABD4981C66.jpg,,/product/arroz-extra-longo-integral/5601260145101
1120,Massa de espirais,5601066301718,11716,103,Embalagem de 500g,Nacional,,"1,78€/Kg","0,89€",https://cdn.intermarche.pt/pt/Content/images/boitmal/produit/zoom/53CA28E35AF8AD40FCE8516799A2B51B.jpg,2024-09-25T22:59:59.999Z,/product/massa-de-espirais/5601066301718
1117,Linguini,5601066301404,11716,103,Embalagem de 500g,Nacional,,"1,88€/Kg","0,94€",https://cdn.intermarche.pt/pt/Content/images/boitmal/produit/zoom/5543DBB1F6781E2C307E0B4DE4206633.jpg,2024-09-25T22:59:59.999Z,/product/linguini/5601066301404
1114,Massa de macarrão riscado,5601066300780,11716,103,Embalagem de 500g,Nacional,,"1,78€/Kg","0,89€",https://cdn.intermarche.pt/pt/Content/images/boitmal/produit/zoom/4E586B0F43C13026DBE291FFB6AC87A9.jpg,2024-09-25T22:59:59.999Z,/product/massa-de-macarrao-riscado/5601066300780
1472,Massa de ondas,5601286256782,11716,103,Embalagem de 500g,Milaneza,,"3,14€/Kg","1,57€",https://cdn.intermarche.pt/pt/Content/images/boitmal/produit/zoom/EBEC60CF3C8D752CF3C2E06EF4538599.jpg,2024-09-25T22:59:59.999Z,/product/massa-de-ondas/5601286256782
1458,Massa de cotovelos grossos,5601286220783,11716,103,Embalagem de 500g,Milaneza,,"3,14€/Kg","1,57€",https://cdn.intermarche.pt/pt/Content/images/boitmal/produit/zoom/3227F59B4850D93351548A67BD46CA40.jpg,2024-09-25T22:59:59.999Z,/product/massa-de-cotovelos-grossos/5601286220783
1469,Massa de macarrão,5601286251787,11716,103,Embalagem de 500g,Milaneza,,"3,14€/Kg","1,57€",https://cdn.intermarche.pt/pt/Content/images/boitmal/produit/zoom/23F94F5EC15597A4AB9A1FC4C5526842.jpg,2024-09-25T22:59:59.999Z,/product/massa-de-macarrao/5601286251787
1108,Massa de cotovelinhos,5601066300087,11716,103,Embalagem de 500g,Nacional,,"1,78€/Kg","0,89€",https://cdn.intermarche.pt/pt/Content/images/boitmal/produit/zoom/3C947C343F18C9B0CC5D66D04FA630B6.jpg,2024-09-25T22:59:59.999Z,/product/massa-de-cotovelinhos/5601066300087
1118,Esparguete fino,5601066301428,11716,103,Embalagem de 500g,Nacional,,"2,52€/Kg","1,26€",https://cdn.intermarche.pt/pt/Content/images/boitmal/produit/zoom/67F0D19883C839DBA45E58C8EE2EE72B.jpg,2024-09-25T22:59:59.999Z,/product/esparguete-fino/5601066301428
1116,Massa de cotovelos,5601066301152,11716,103,Embalagem de 500g,Nacional,,"1,78€/Kg","0,89€",https://cdn.intermarche.pt/pt/Content/images/boitmal/produit/zoom/C87CE94729679E4B47574FECADC4484E.jpg,2024-09-25T22:59:59.999Z,/product/massa-de-cotovelos/5601066301152
1459,Massa de cotovelos finos,5601286221780,11716,103,Embalagem de 500g,Milaneza,,"3,14€/Kg","1,57€",https://cdn.intermarche.pt/pt/Content/images/boitmal/produit/zoom/F0E616DEBADF297ADBE1E18BFBDC454E.jpg,2024-09-25T22:59:59.999Z,/product/massa-de-cotovelos-finos/5601286221780
22999,Lírios,5601286260239,11716,103,Embalagem de 500g,Milaneza,,"3,14€/Kg","1,57€",https://cdn.intermarche.pt/pt/Content/images/boitmal/produit/zoom/790B6359413E24EC4D1277F4F17FF364.jpg,2024-09-25T22:59:59.999Z,/product/lirios/5601286260239
2255,Massa fettuccine,5604260267903,11716,103,Embalagem de 500g,PorSi,,"2,38€/Kg","1,19€",https://cdn.intermarche.pt/pt/Content/images/boitmal/produit/zoom/6B0484FCFA2972A14EFF03D4A586DC5B.jpg,,/product/massa-fettuccine/5604260267903
24921,Massas espirais tricolores,5604260281855,11716,103,Embalagem 500G,PorSi,,"1,70€/Kg","0,85€",https://cdn.intermarche.pt/pt/Content/images/boitmal/produit/zoom/FB5B0AF1262C35DE07F8D76D99137808.jpg,,/product/massas-espirais-tricolores/5604260281855
1115,Esparguete Clássica,5601066300940,11716,103,Embalagem de 500 g,Nacional,,"2,38€/Kg","1,19€",https://cdn.intermarche.pt/pt/Content/images/boitmal/produit/zoom/DB78376CF8FFABD88E18230FF0FF168D.jpg,,/product/esparguete-classica/5601066300940
24920,Massas alimentícias laços,5604260281848,11716,103,Embalagem de 500g,PorSi,,"2,18€/Kg","1,09€",https://cdn.intermarche.pt/pt/Content/images/boitmal/produit/zoom/CDC35618E662D71F21ECBA6A843A8E07.jpg,,/product/massas-alimenticias-lacos/5604260281848
1451,Massa esparguete,5601286201782,11716,103,Embalagem de 500g,Milaneza,,"2,38€/Kg","1,19€",https://cdn.intermarche.pt/pt/Content/images/boitmal/produit/zoom/89EEFB55B8646A1FAE623D8BE27A3C12.jpg,,/product/massa-esparguete/5601286201782
1719,Massa meada,5604260000203,11716,103,Embalagem de 500g,PorSi,,"2,70€/Kg","1,35€",https://cdn.intermarche.pt/pt/Content/images/boitmal/produit/zoom/2220547E936ED5359483D55A156E01F2.jpg,,/product/massa-meada/5604260000203
1730,Massa cuscus,5604260000319,11716,103,Embalagem de 250g,PorSi,,"2,20€/Kg","0,55€",https://cdn.intermarche.pt/pt/Content/images/boitmal/produit/zoom/C1C4CAE34EBD8AF1FF95FE34869A4C25.jpg,,/product/massa-cuscus/5604260000319
41040,Spaghetti Al Bronzo,5604260304967,11716,103,Embalagem de 500 g,PorSi Select,,"1,98€/Kg","0,99€",https://cdn.intermarche.pt/pt/Content/images/boitmal/produit/zoom/93EBB82FD45D0C96493B3D592AA956CE.jpg,,/product/spaghetti-al-bronzo/5604260304967
46847,Laços tricolores,5604260316205,11716,103,Embalagem de 500 g,PorSi,,"2,38€/Kg","1,19€",https://cdn.intermarche.pt/pt/Content/images/boitmal/produit/zoom/F231B7C26B70C546DDFEE19615809A82.jpg,,/product/lacos-tricolores/5604260316205
1471,Massa macarronete grande,5601286254788,11716,103,Embalagem de 500g,Milaneza,,"3,38€/Kg","1,69€",https://cdn.intermarche.pt/pt/Content/images/boitmal/produit/zoom/ECCE0C4A0B77E8669302DA27C5B102B0.jpg,,/product/massa-macarronete-grande/5601286254788
1475,Massa fusilli tricolor,5601286273789,11716,103,Embalagem de 500g,Milaneza,,"2,58€/Kg","1,29€",https://cdn.intermarche.pt/pt/Content/images/boitmal/produit/zoom/A32BE3BEA03451FFDDD551AFD3876300.jpg,,/product/massa-fusilli-tricolor/5601286273789
1721,Massa de macarrão grande estriado,5604260000227,11716,103,Embalagem de 500g,PorSi,,"1,78€/Kg","0,89€",https://cdn.intermarche.pt/pt/Content/images/boitmal/produit/zoom/AD9E0CE91C0D1313770789DF4728D2F2.jpg,,/product/massa-de-macarrao-grande-estriado/5604260000227
31327,Esparguete integral com aveia,5601286260444,11716,103,Embalagem de 500g,Milaneza,,"3,58€/Kg","1,79€",https://cdn.intermarche.pt/pt/Content/images/boitmal/produit/zoom/ED109D373D309526BEFD47862BA4E84B.jpg,,/product/esparguete-integral-com-aveia/5601286260444
1452,Massa talharim,5601286205780,11716,103,Embalagem de 500g,Milaneza,,"3,68€/Kg","1,84€",https://cdn.intermarche.pt/pt/Content/images/boitmal/produit/zoom/31F09B87E10DDA3B38922FB84E4949A1.jpg,,/product/massa-talharim/5601286205780
1454,Massa meada fina,5601286210104,11716,103,Embalagem de 500g,Milaneza,,"3,38€/Kg","1,69€",https://cdn.intermarche.pt/pt/Content/images/boitmal/produit/zoom/D8E1FC17145BED293486A44189F81BB0.jpg,,/product/massa-meada-fina/5601286210104
1457,Massa spaghetti tricolore,5601286218575,11716,103,Embalagem de 500 g,Milaneza,,"3,58€/Kg","1,79€",https://cdn.intermarche.pt/pt/Content/images/boitmal/produit/zoom/283AE101F1B6673BD5B31AF661477173.jpg,,/product/massa-spaghetti-tricolore/5601286218575
1460,Massa de cotovelinhos,5601286222787,11716,103,Embalagem de 500g,Milaneza,,"3,10€/Kg","1,55€",https://cdn.intermarche.pt/pt/Content/images/boitmal/produit/zoom/F76BC192D8D45CCBC8881AA2D2BAAD83.jpg,,/product/massa-de-cotovelinhos/5601286222787
1461,Massa de cotovelos grandes riscados,5601286223784,11716,103,Embalagem de 500g,Milaneza,,"3,10€/Kg","1,55€",https://cdn.intermarche.pt/pt/Content/images/boitmal/produit/zoom/BE1B03BCD6BCED25C712B88921B09E09.jpg,,/product/massa-de-cotovelos-grandes-riscados/5601286223784
1462,"Massa, estrelinhas",5601286231772,11716,103,Embalagem de 250g,Milaneza,,"3,32€/Kg","0,83€",https://cdn.intermarche.pt/pt/Content/images/boitmal/produit/zoom/E2F1A211F7D24F0BF020FA7DF88C2F67.jpg,,/product/massa-estrelinhas/5601286231772
1467,Massa de espirais,5601286236784,11716,103,Embalagem de 500g,Milaneza,,"3,10€/Kg","1,55€",https://cdn.intermarche.pt/pt/Content/images/boitmal/produit/zoom/75C555C38AA58E95CAD2174BF2E349D1.jpg,,/product/massa-de-espirais/5601286236784
1473,Massa linguini com tinta de choco,5601286260017,11716,103,Embalagem de 500g,Milaneza,,"5,58€/Kg","2,79€",https://cdn.intermarche.pt/pt/Content/images/boitmal/produit/zoom/2FF896A1FCB8A0BD8BAE1F8DBD62F5E8.jpg,,/product/massa-linguini-com-tinta-de-choco/5601286260017
1726,Massa pevide,5604260000272,11716,103,Embalagem de 250g,PorSi,,"2,20€/Kg","0,55€",https://cdn.intermarche.pt/pt/Content/images/boitmal/produit/zoom/A4A2080D7D2A6FF3E0E1E1CA80D0F6AC.jpg,,/product/massa-pevide/5604260000272
20054,"Massa, couscous",5601286260109,11716,103,Embalagem de 1 kg,Milaneza,,"2,85€/Kg","2,85€",https://cdn.intermarche.pt/pt/Content/images/boitmal/produit/zoom/1F3D4C4B962D49E4889C213150953625.jpg,,/product/massa-couscous/5601286260109
37726,Massa para Pizza,5604260301133,11716,103,Embalagem de 260 g,PorSi,,"3,81€/Kg","0,99€",https://cdn.intermarche.pt/pt/Content/images/boitmal/produit/zoom/9C42A54B208B726A7F1EBF386A46A6EC.jpg,,/product/massa-para-pizza/5604260301133
41387,Chifferini Al Bronzo,5604260304936,11716,103,Embalagem de 500 g,PorSi Select,,"1,98€/Kg","0,99€",https://cdn.intermarche.pt/pt/Content/images/boitmal/produit/zoom/8365FC763CD121CD2ACCC7559E19F1EA.jpg,,/product/chifferini-al-bronzo/5604260304936
454,Massa instantânea com sabor a camarão,8888056604067,11716,103,Embalagem de 90g,Koka,,"9,89€/Kg","0,89€",https://cdn.intermarche.pt/pt/Content/images/boitmal/produit/zoom/D2FB050AC0A3AFD73E7D3F6CF3CD2DF9.jpg,,/product/massa-instantanea-com-sabor-a-camarao/8888056604067
46846,Esparguete tricolor,5604260316212,11716,103,Embalagem de 500 g,PorSi,,"2,50€/Kg","1,25€",https://cdn.intermarche.pt/pt/Content/images/boitmal/produit/zoom/749586B517FAE3C6A50307A242FE8D5F.jpg,,/product/esparguete-tricolor/5604260316212
5405,Massa de macarrão grande,5601286252784,11716,103,Embalagem de 500g,Milaneza,,"3,38€/Kg","1,69€",https://cdn.intermarche.pt/pt/Content/images/boitmal/produit/zoom/DB37979552F13AA27DC107DA08BA1C15.jpg,,/product/massa-de-macarrao-grande/5601286252784
572,Massa Médio,3250390009290,11716,103,Embalagem de 1 kg,Saint Eloi,,"1,89€/Kg","1,89€",https://cdn.intermarche.pt/pt/Content/images/boitmal/produit/zoom/9DCCF70C112388A8E48316321BA42CEA.jpg,,/product/massa-medio/3250390009290
1104,Farinha p/ bolos fina,5601066200301,11717,103,Embalagem de 1Kg,Nacional,,"1,19€/Kg","1,19€",https://cdn.intermarche.pt/pt/Content/images/boitmal/produit/zoom/965F30777B80FEC78D369BAAC5FF5AF1.jpg,2024-09-25T22:59:59.999Z,/product/farinha-p-ou-bolos-fina/5601066200301
44903,"Farinha Preparada Pão Caseiro, 1kg",5601066200325,11717,103,,Nacional,,"1,94€/Kg","1,94€",https://cdn.intermarche.pt/pt/Content/images/boitmal/produit/zoom/08ECB9AB87C55875910F49FD10DE3510.jpg,2024-09-25T22:59:59.999Z,/product/farinha-preparada-pao-caseiro-1kg/5601066200325
14726,Farinha,8711100080060,11717,103,Embalagem de 400g,Maizena,,"4,10€/Kg","1,64€",https://cdn.intermarche.pt/pt/Content/images/boitmal/produit/zoom/B08373790D6917B03E052473E2AB175C.jpg,2024-09-25T22:59:59.999Z,/product/farinha/8711100080060
5119,Farinha p/ bolos extra fina,5601066200073,11717,103,Embalagem de 1 kg,Nacional,,"1,09€/Kg","1,09€",https://cdn.intermarche.pt/pt/Content/images/boitmal/produit/zoom/0B9B49E51908C76AC70076ED3709B8D2.jpg,2024-09-25T22:59:59.999Z,/product/farinha-p-ou-bolos-extra-fina/5601066200073
51314,"Farinha de Aveia Integral, 800g",5601066200745,11717,103,,Nacional,,"1,86€/Kg","1,49€",https://cdn.intermarche.pt/pt/Content/images/boitmal/produit/zoom/7BFC76A233F08733B13E8A5C8E5BD775.jpg,2024-09-25T22:59:59.999Z,/product/farinha-de-aveia-integral-800g/5601066200745
33118,"Farinha de Espelta Integral, 500g",5601066200592,11717,103,,Nacional,,"3,18€/Kg","1,59€",https://cdn.intermarche.pt/pt/Content/images/boitmal/produit/zoom/451F426FF799F89F90BF60CB5E72119D.jpg,2024-09-25T22:59:59.999Z,/product/farinha-de-espelta-integral-500g/5601066200592
33391,Farinha com cacau,7613036525893,11717,103,Embalagem de 250g,Pensal,,"7,76€/Kg","1,94€",https://cdn.intermarche.pt/pt/Content/images/boitmal/produit/zoom/1371F96643DB4EE5B173B8503868167E.jpg,2024-09-25T22:59:59.999Z,/product/farinha-com-cacau/7613036525893
999,Base para molho express,5601038101001,11717,103,Embalagem de 250g,Maizena,,"8,36€/Kg","2,09€",https://cdn.intermarche.pt/pt/Content/images/boitmal/produit/zoom/F22C9158930D65B4FBF9484059A48D90.jpg,2024-09-25T22:59:59.999Z,/product/base-para-molho-express/5601038101001
29089,"Farinha sem glúten, 500g",5601066200547,11717,103,,Nacional,,"4,90€/Kg","2,45€",https://cdn.intermarche.pt/pt/Content/images/boitmal/produit/zoom/8AA6B69997F49D1B5868010C40B4FFBB.jpg,2024-09-25T22:59:59.999Z,/product/farinha-sem-gluten-500g/5601066200547
51288,"Farinha de Centeio, 900g",5601066200721,11717,103,,Nacional,,"1,32€/Kg","1,19€",https://cdn.intermarche.pt/pt/Content/images/boitmal/produit/zoom/056C4573C31AA49E8265C9CCE6841C12.jpg,2024-09-25T22:59:59.999Z,/product/farinha-de-centeio-900g/5601066200721
42833,Farinha p/bolos fina 1k,5604260309856,11717,103,Embalagem de 1 kg,PorSi,,"0,79€/Kg","0,79€",https://cdn.intermarche.pt/pt/Content/images/boitmal/produit/zoom/9E814B73DFB6EB1E027C2E794E7B6A0F.jpg,,/product/farinha-p-ou-bolos-fina-1k/5604260309856
42834,Farinha para bolos super fina,5604260309863,11717,103,Embalagem de 1 kg,PorSi,,"0,75€/Kg","0,75€",https://cdn.intermarche.pt/pt/Content/images/boitmal/produit/zoom/FD3452F80BD61250432F5A370A52ED55.jpg,,/product/farinha-para-bolos-super-fina/5604260309863
1011,Farinha para bolos fina,5601043111019,11717,103,Embalagem de 1 kg,Branca de neve,,"1,39€/Kg","1,39€",https://cdn.intermarche.pt/pt/Content/images/boitmal/produit/zoom/1DCCFF4DF3445A90940BB809AEC25931.jpg,,/product/farinha-para-bolos-fina/5601043111019
14227,Farinha de milho 500g,5601043119015,11717,103,Embalagem de 500g,Espiga,,"1,98€/Kg","0,99€",https://cdn.intermarche.pt/pt/Content/images/boitmal/produit/zoom/2CECFEB697CA3E5E6800E3DF8CBF754C.jpg,,/product/farinha-de-milho-500g/5601043119015
22762,Farinha tempura,5601043115314,11717,103,Embalagem de 130g,Espiga,,"11,12€/Kg","1,39€",https://cdn.intermarche.pt/pt/Content/images/boitmal/produit/zoom/3FE0CCD54CF0D3645BC0EEF49A235C36.jpg,,/product/farinha-tempura/5601043115314
2514,Puré de batata,7613033739873,11717,103,Embalagem de 250g,Maggi,,"11,96€/Kg","2,99€",https://cdn.intermarche.pt/pt/Content/images/boitmal/produit/zoom/E520E90232B763315D1FB976D27B9A50.jpg,,/product/pure-de-batata/7613033739873
570,Puré de batata com leite,3250390006596,11717,103,Embalagem de 380g,Saint Eloi,,"7,87€/Kg","2,99€",https://cdn.intermarche.pt/pt/Content/images/boitmal/produit/zoom/44B09C132FA230D14364A6B983553697.jpg,,/product/pure-de-batata-com-leite/3250390006596
1925,Farinha de milho,5604260052943,11717,103,Embalagem de 500g,PorSi,,"1,38€/Kg","0,69€",https://cdn.intermarche.pt/pt/Content/images/boitmal/produit/zoom/1E196BB07702C43EDB1981AF01AE6816.jpg,,/product/farinha-de-milho/5604260052943
43852,Farinha trigo integral,5604260310524,10454,10120,Embalagem de 1 kg,PorSi Viva Bem,,"0,79€/Kg","0,79€",https://cdn.intermarche.pt/pt/Content/images/boitmal/produit/zoom/C27C1457CBAB6F218C7E478A2853E2F7.jpg,,/product/farinha-trigo-integral/5604260310524
1012,Farinha para bolos super fina,5601043111026,11717,103,Embalagem de 1 kg,Branca de neve,,"1,89€/Kg","1,89€",https://cdn.intermarche.pt/pt/Content/images/boitmal/produit/zoom/69E1C041AAF495A8CA3A356AFD6DE7DA.jpg,,/product/farinha-para-bolos-super-fina/5601043111026
38569,Farinha de arroz,5601043111385,11717,103,Embalagem de 500g,Espiga,,"2,58€/Kg","1,29€",https://cdn.intermarche.pt/pt/Content/images/boitmal/produit/zoom/75BD610997C68B6F54D809273CB78786.jpg,,/product/farinha-de-arroz/5601043111385
41215,Farinha de coco bio,5604260306442,11286,10119,Embalagem de 200 g,PorSi Bio,,"7,00€/Kg","1,40€",https://cdn.intermarche.pt/pt/Content/images/boitmal/produit/zoom/43A983760BFF1528885D67FFDE95D2BB.jpg,,/product/farinha-de-coco-bio/5604260306442
33126,Polvilho doce,5600741097038,11717,103,500 g,Do Brasil,,"6,18€/Kg","3,09€",https://cdn.intermarche.pt/pt/Content/images/boitmal/produit/zoom/3477895395D0B16CFA52A7D2E631194E.jpg,,/product/polvilho-doce/5600741097038
1588,Fécula de batata,5601522334151,11717,103,Embalagem de 250g,Globo,,"4,76€/Kg","1,19€",https://cdn.intermarche.pt/pt/Content/images/boitmal/produit/zoom/D91E566A9F40BB77DC0C3242C559C5FB.jpg,,/product/fecula-de-batata/5601522334151
43871,Polvilho azedo,5604260311828,11717,103,Embalagem de 500g,PorSi,,"5,18€/Kg","2,59€",https://cdn.intermarche.pt/pt/Content/images/boitmal/produit/zoom/6B6BFE91C3D6E2CDAE73BFCBA0BA4413.jpg,,/product/polvilho-azedo/5604260311828
43872,Polvilho doce,5604260311835,11717,103,Embalagem de 500g,PorSi,,"4,98€/Kg","2,49€",https://cdn.intermarche.pt/pt/Content/images/boitmal/produit/zoom/836DF35C9BB71B2BC94B5C96641AA290.jpg,,/product/polvilho-doce/5604260311835
10022,Farinha s/ glúten p/ pão,8008698004845,11717,103,Embalagem de 1 kg,Schar,,"4,99€/Kg","4,99€",https://cdn.intermarche.pt/pt/Content/images/boitmal/produit/zoom/5C2F53FB27EFE0257BC8CED47621B0C9.jpg,,/product/farinha-s-ou-gluten-p-ou-pao/8008698004845
11476,Farinha integral,5601043111323,11717,103,Embalagem de 500g,Espiga,,"2,38€/Kg","1,19€",https://cdn.intermarche.pt/pt/Content/images/boitmal/produit/zoom/AD4F0104AECA0EA79DCD6B10611714C7.jpg,,/product/farinha-integral/5601043111323
26192,Tapioca hidratada,7898994081623,11717,103,Embalagem de 500g,Daterrinha,,"6,98€/Kg","3,49€",https://cdn.intermarche.pt/pt/Content/images/boitmal/produit/zoom/A819CE7621EB924EC79A01CD7D8F3571.jpg,,/product/tapioca-hidratada/7898994081623
28270,Sêmola de trigo espiga,5601043111408,11717,103,Embalagem de 250g,Espiga,,"5,16€/Kg","1,29€",https://cdn.intermarche.pt/pt/Content/images/boitmal/produit/zoom/2613F1B96907119D324D52C84D3A17CD.jpg,,/product/semola-de-trigo-espiga/5601043111408
33125,Polvilho azedo,5600741097045,11717,103,500 g,Do Brasil,,"6,18€/Kg","3,09€",https://cdn.intermarche.pt/pt/Content/images/boitmal/produit/zoom/6D08E9241040174C1CFB389F3E238C3D.jpg,,/product/polvilho-azedo/5600741097045
39200,"Farinha de aveia, 400g",5601557050224,11717,103,,Salutem,,"2,98€/Kg","1,19€",https://cdn.intermarche.pt/pt/Content/images/boitmal/produit/zoom/5BEAEFB6D1E857B484C712AADF576F84.jpg,,/product/farinha-de-aveia-400g/5601557050224
41211,Farinha de arroz bio,5604260306428,11286,10119,Embalagem de 200 g,PorSi Bio,,"7,75€/Kg","1,55€",https://cdn.intermarche.pt/pt/Content/images/boitmal/produit/zoom/793BD6B79A2C9CD559C2486FDDF6215E.jpg,,/product/farinha-de-arroz-bio/5604260306428
48760,"Farinha de coco bio, 200g",5601557061510,11286,10119,,Salutem,,"6,95€/Kg","1,39€",https://cdn.intermarche.pt/pt/Content/images/boitmal/produit/zoom/BF1F823DC7CB693CE4B5C8F3C0AA21B9.jpg,,/product/farinha-de-coco-bio-200g/5601557061510
38920,"Farinha de linhaça castanha, 200g",5601557048467,11717,103,,Salutem,,"8,45€/Kg","1,69€",https://cdn.intermarche.pt/pt/Content/images/boitmal/produit/zoom/FDA6B781F5DB49A19DE6D9168E4E68AD.jpg,,/product/farinha-de-linhaca-castanha-200g/5601557048467
39154,"Farelo de trigo, 250g",5601557044674,11717,103,,Salutem,,"3,56€/Kg","0,89€",https://cdn.intermarche.pt/pt/Content/images/boitmal/produit/zoom/3684D8CE43414E3AF61414A4F37560F2.jpg,,/product/farelo-de-trigo-250g/5601557044674
39156,"Farinha de milho, 500g",5601557045268,11717,103,,Salutem,,"2,38€/Kg","1,19€",https://cdn.intermarche.pt/pt/Content/images/boitmal/produit/zoom/E11DEE29391AAE7498AB1E62DA9AC5FF.jpg,,/product/farinha-de-milho-500g/5601557045268
39157,"Farinha de arroz, 500g",5601557045275,11717,103,,Salutem,,"2,98€/Kg","1,49€",https://cdn.intermarche.pt/pt/Content/images/boitmal/produit/zoom/BD4B1F48CE7F32DEFB77E39AF446DCE7.jpg,,/product/farinha-de-arroz-500g/5601557045275
39321,"Farinha de trigo integral, 500g",5601557002971,11717,103,,Salutem,,"2,38€/Kg","1,19€",https://cdn.intermarche.pt/pt/Content/images/boitmal/produit/zoom/43D6F0D44834CB853F704724F0FC653D.jpg,,/product/farinha-de-trigo-integral-500g/5601557002971
39409,"Farinha de centeio, 500g",5601557045251,11717,103,,Salutem,,"2,38€/Kg","1,19€",https://cdn.intermarche.pt/pt/Content/images/boitmal/produit/zoom/FA659E47C4671FBB057D67A307FA350C.jpg,,/product/farinha-de-centeio-500g/5601557045251
1414,Azeite virgem delicado,5601252106639,11718,104,Garrafa de 750 ml,Gallo,,"9,99€/L","7,49€",https://cdn.intermarche.pt/pt/Content/images/boitmal/produit/zoom/14892E13E5F7C3707D2EB967992642D1.jpg,2024-09-25T22:59:59.999Z,/product/azeite-virgem-delicado/5601252106639
1413,Azeite Subtil,5601252106615,11718,104,Garrafa de 750 ml,Gallo,,"9,32€/L","6,99€",https://cdn.intermarche.pt/pt/Content/images/boitmal/produit/zoom/AE7B71F484D168C6B66987F1FFF6801B.jpg,2024-09-25T22:59:59.999Z,/product/azeite-subtil/5601252106615
980,Azeite virgem extra clássico,5601024134488,11718,104,Embalagem de 750 ml,Oliveira da Serra,,"10,92€/L","8,19€",https://cdn.intermarche.pt/pt/Content/images/boitmal/produit/zoom/01EF39EFE8396CC9ACA95DC25E9D3412.jpg,2024-10-04T22:59:59.999Z,/product/azeite-virgem-extra-classico/5601024134488
15962,Azeite virgem extra clássico,5601252107056,11718,104,Garrafa de 250 ml,Gallo,,"12,76€/L","3,19€",https://cdn.intermarche.pt/pt/Content/images/boitmal/produit/zoom/CAFA94A66BB654B7BFA9F27383C3910F.jpg,2024-09-25T22:59:59.999Z,/product/azeite-virgem-extra-classico/5601252107056
1415,Azeite virgem extra clássico,5601252106653,11718,104,Garrafa de 750 ml,Gallo,,"11,32€/L","8,49€",https://cdn.intermarche.pt/pt/Content/images/boitmal/produit/zoom/F2C4BC4634F83729E0730377FAB3AF0A.jpg,2024-09-25T22:59:59.999Z,/product/azeite-virgem-extra-classico/5601252106653
1417,Azeite virgem extra reserva,5601252106714,11718,104,Garrafa de 750 ml,Gallo,,"11,99€/L","8,99€",https://cdn.intermarche.pt/pt/Content/images/boitmal/produit/zoom/149BABDAB6F17E1F0D1FAF4FB1E94478.jpg,2024-09-25T22:59:59.999Z,/product/azeite-virgem-extra-reserva/5601252106714
23479,Azeite virgem extra gourmet,5601252112593,11718,104,Garrafa de 750 ml,Gallo,,"10,65€/L","7,99€",https://cdn.intermarche.pt/pt/Content/images/boitmal/produit/zoom/809941771CA6AC4D9EA16D139152DA96.jpg,2024-09-25T22:59:59.999Z,/product/azeite-virgem-extra-gourmet/5601252112593
1416,Azeite Virgem Extra Suave,5601252106677,11718,104,Garrafa de 750 ml,Gallo,,"11,32€/L","8,49€",https://cdn.intermarche.pt/pt/Content/images/boitmal/produit/zoom/77C9A62107A09EC724F333FEC2B8E2C1.jpg,2024-09-25T22:59:59.999Z,/product/azeite-virgem-extra-suave/5601252106677
1418,Azeite Subtil,5601252106899,11718,104,Garrafa de 2 l,Gallo,,"9,00€/L","17,99€",https://cdn.intermarche.pt/pt/Content/images/boitmal/produit/zoom/B0030A54E145E7ABE49080D450AAD26E.jpg,2024-09-25T22:59:59.999Z,/product/azeite-subtil/5601252106899
46203,Azeite virgem extra clássico,5601252106950,11718,104,3 litros,Gallo,,"10,66€/L","31,99€",https://cdn.intermarche.pt/pt/Content/images/boitmal/produit/zoom/A2D74D402F96E3B7D85C27C3601E0BBB.jpg,2024-09-25T22:59:59.999Z,/product/azeite-virgem-extra-classico/5601252106950
51572,Azeite virgem extra,5604260327966,11718,104,Garrafa de 750 ml,PorSi,,"8,47€/L","6,35€",https://cdn.intermarche.pt/pt/Content/images/boitmal/produit/zoom/AC740C8B03C58C895BBDE8FC6044BE3A.jpg,,/product/azeite-virgem-extra/5604260327966
51718,Azeite,5604260327911,11718,104,Garrafa de 750 ml,PorSi,,"7,32€/L","5,49€",https://cdn.intermarche.pt/pt/Content/images/boitmal/produit/zoom/4E6DA2412046B618445545B7B8D341A8.jpg,,/product/azeite/5604260327911
14189,Azeite virgem extra dop trás-os-montes,5604260266647,11718,104,Embalagem 750 ml,PorSi Select,,"11,99€/L","8,99€",https://cdn.intermarche.pt/pt/Content/images/boitmal/produit/zoom/A318A8BF94FFFDF23F51251DD8E4F5C8.jpg,,/product/azeite-virgem-extra-dop-tras-os-montes/5604260266647
35162,Azeite,5604260286003,11718,104,Garrafa de 3 litros,PorSi,,"7,26€/L","21,79€",https://cdn.intermarche.pt/pt/Content/images/boitmal/produit/zoom/E7DAA211DD8E7194E86146A026817DCB.jpg,,/product/azeite/5604260286003
6006,Azeite virgem extra,5605263200324,11718,104,Garrafa de 750 ml,Ouro d'Elvas,,"11,99€/L","8,99€",https://cdn.intermarche.pt/pt/Content/images/boitmal/produit/zoom/37E5A2CB950578EABB849C106411895F.jpg,,/product/azeite-virgem-extra/5605263200324
9117,Azeite virgem extra,5601989003102,11718,104,Garrafa de 750 ml,Herdade do Esporão,,"21,32€/L","15,99€",https://cdn.intermarche.pt/pt/Content/images/boitmal/produit/zoom/B2EC6BEB63473C307BDDA77E7AD67D06.jpg,,/product/azeite-virgem-extra/5601989003102
978,Azeite,5601024134136,11718,104,Embalagem de 750 ml,Oliveira da Serra,,"7,99€/L","5,99€",https://cdn.intermarche.pt/pt/Content/images/boitmal/produit/zoom/4618FCD27F27BDBAA8CF1CDC30F2EFF5.jpg,,/product/azeite/5601024134136
51573,Azeite virgem,5604260327980,11718,104,Garrafa de 750 ml,PorSi,,"8,47€/L","6,35€",https://cdn.intermarche.pt/pt/Content/images/boitmal/produit/zoom/9A840A77BE9455BCDA776FF0863DDB23.jpg,,/product/azeite-virgem/5604260327980
1383,Azeite tradição,5601175103173,11718,104,Embalagem 3L,Oliveira da Serra,,"7,66€/L","22,99€",https://cdn.intermarche.pt/pt/Content/images/boitmal/produit/zoom/5E0D005BAEBDB53CB4A9D6251C17079C.jpg,,/product/azeite-tradicao/5601175103173
979,Azeite Virgem,5601024134471,11718,104,Embalagem de 750 ml,Oliveira da Serra,,"9,32€/L","6,99€",https://cdn.intermarche.pt/pt/Content/images/boitmal/produit/zoom/32A5EFAE1A78DF80856528FEA48BA60C.jpg,,/product/azeite-virgem/5601024134471
43341,Azeite virgem extra não filtrado,5604260311859,11718,104,Garrafa de 500 ml,PorSi Select,,"11,98€/L","5,99€",https://cdn.intermarche.pt/pt/Content/images/boitmal/produit/zoom/9BAD2F6815A20221781EEB72790AA05D.jpg,,/product/azeite-virgem-extra-nao-filtrado/5604260311859
14228,Azeite virgem extra dop moura,5604260265695,11718,104,Embalagem de 0.75L,PorSi Select,,"11,99€/L","8,99€",https://cdn.intermarche.pt/pt/Content/images/boitmal/produit/zoom/AA56F29A44C9060365F75D9E8BF902D5.jpg,,/product/azeite-virgem-extra-dop-moura/5604260265695
5991,Azeite virgem extra,5605263200317,11718,104,Garrafa de 3 l,Ouro d'Elvas,,"12,00€/L","35,99€",https://cdn.intermarche.pt/pt/Content/images/boitmal/produit/zoom/A33E5DFABC4415DEFE1C8AB88A7D36C5.jpg,,/product/azeite-virgem-extra/5605263200317
977,Azeite virgem extra seleção ouro,5601024124052,11718,104,Garrafa de 750 ml,Oliveira da Serra,,"15,99€/L","11,99€",https://cdn.intermarche.pt/pt/Content/images/boitmal/produit/zoom/C1949CA33BBB7B540392F14948B1D8BF.jpg,,/product/azeite-virgem-extra-selecao-ouro/5601024124052
972,"Azeite extra virgem, azeitonas verdes",5601024030056,11718,104,Garrafa de 750 ml,Oliveira da Serra,,"15,99€/L","11,99€",https://cdn.intermarche.pt/pt/Content/images/boitmal/produit/zoom/F81E60325884A50540DA24AAB5A050E8.jpg,,/product/azeite-extra-virgem-azeitonas-verdes/5601024030056
30072,Azeite virgem extra bio frutado,5601252115938,11292,10119,Garrafa de 750 ml,Gallo,,"18,12€/L","13,59€",https://cdn.intermarche.pt/pt/Content/images/boitmal/produit/zoom/3B47F5D51BAF212EB201B2A18EEEDC00.jpg,,/product/azeite-virgem-extra-bio-frutado/5601252115938
973,Óleo alimentar,5601024105020,11719,104,Embalagem 1L,Fula,,"1,99€/L","1,99€",https://cdn.intermarche.pt/pt/Content/images/boitmal/produit/zoom/82D3E88293E42CC5B178C569AA9B57E6.jpg,2024-10-04T22:59:59.999Z,/product/oleo-alimentar/5601024105020
40741,"Óleo de girassol, garrafa de 3 litros",5604260302918,11719,104,,PorSi,,"1,50€/L","4,50€",https://cdn.intermarche.pt/pt/Content/images/boitmal/produit/zoom/F8F2282166953BFE9B7A3B071CD9B3CE.jpg,2024-10-04T22:59:59.999Z,/product/oleo-de-girassol-garrafa-de-3-litros/5604260302918
26617,Óleo de coco extra virgem,5603697270272,11719,104,Garrafa de 180 ml,Koala,,"13,61€/L","2,45€",https://cdn.intermarche.pt/pt/Content/images/boitmal/produit/zoom/1CF04D28B21A5CF58939B4BB71F15938.jpg,2024-09-25T22:59:59.999Z,/product/oleo-de-coco-extra-virgem/5603697270272
36505,Óleo de girassol,5604260294732,11719,104,garrafa de 1 litro,PorSi,,"1,49€/L","1,49€",https://cdn.intermarche.pt/pt/Content/images/boitmal/produit/zoom/257F9C42CAC6C3F6DAD6ED1BB404F8EE.jpg,,/product/oleo-de-girassol/5604260294732
23605,Óleo especial fritura,5601024335182,11719,104,Garrafa de 1 l,Fula,,"1,89€/L","1,89€",https://cdn.intermarche.pt/pt/Content/images/boitmal/produit/zoom/904C48485A06D666EC40853982F33E55.jpg,,/product/oleo-especial-fritura/5601024335182
974,Óleo alimentar,5601024105051,11719,104,Embalagem 3L,Fula,,"1,95€/L","5,85€",https://cdn.intermarche.pt/pt/Content/images/boitmal/produit/zoom/E8988831656F5EAF04A94786E82867B7.jpg,,/product/oleo-alimentar/5601024105051
48083,Oleo alimentar,5604260323135,11719,104,Garrafa de 1 l,PorSi,,"1,49€/L","1,49€",https://cdn.intermarche.pt/pt/Content/images/boitmal/produit/zoom/8B2EE5D82D8A9168ABD059EAAC852768.jpg,,/product/oleo-alimentar/5604260323135
22132,Óleo alimentar,5604260323159,11719,104,Garrafa de 5 l,PorSi,,"1,46€/L","7,29€",https://cdn.intermarche.pt/pt/Content/images/boitmal/produit/zoom/89C480738FD65AA5C62889B8D6CE8915.jpg,,/product/oleo-alimentar/5604260323159
26290,Óleo extra virgem de coco,5608394421019,11719,104,Garrafa de 200 ml,Origens Bio,,"17,95€/L","3,59€",https://cdn.intermarche.pt/pt/Content/images/boitmal/produit/zoom/1B084140C59B6385F6FF90E52C8B4EE2.jpg,,/product/oleo-extra-virgem-de-coco/5608394421019
19558,Vinagre balsâmico modena,5601252113583,11720,104,Garrafa de 500 ml,Gallo,,"6,38€/L","3,19€",https://cdn.intermarche.pt/pt/Content/images/boitmal/produit/zoom/0D177D349712420705E74C1ECF332232.jpg,2024-09-25T22:59:59.999Z,/product/vinagre-balsamico-modena/5601252113583
20512,"Vinagre de sidra, garrafa de 500 ml",5601070000539,11720,104,,Cristal,,"1,78€/L","0,89€",https://cdn.intermarche.pt/pt/Content/images/boitmal/produit/zoom/9D9C0ABCCB2F9B4978C4235B9D5FED76.jpg,2024-09-25T22:59:59.999Z,/product/vinagre-de-sidra-garrafa-de-500-ml/5601070000539
18842,Vinagre vinho branco 500ml,5601070000508,11720,104,Garrafa de 500 ml,Cristal,,"1,68€/L","0,84€",https://cdn.intermarche.pt/pt/Content/images/boitmal/produit/zoom/9B1BDF2A3E3E9679D43CD22EA6D9C158.jpg,2024-09-25T22:59:59.999Z,/product/vinagre-vinho-branco-500ml/5601070000508
8808,Vinagre vinho branco,5601252107094,11720,104,Garrafa 250ML,Gallo,,"5,16€/L","1,29€",https://cdn.intermarche.pt/pt/Content/images/boitmal/produit/zoom/86233C156105BC4DB5DB2B825F1FC1C0.jpg,2024-09-25T22:59:59.999Z,/product/vinagre-vinho-branco/5601252107094
1420,Vinagre balsâmico modena,5601252107131,11720,104,Garrafa de 250 ml,Gallo,,"6,76€/L","1,69€",https://cdn.intermarche.pt/pt/Content/images/boitmal/produit/zoom/CFFAABA356A1FEBBDE1686B6D03B7362.jpg,2024-09-25T22:59:59.999Z,/product/vinagre-balsamico-modena/5601252107131
39539,Vinagre de sidra biológica 5%,5607552295387,11292,10119,Garrafa de 500 ml,Cristal,,"1,98€/L","0,99€",https://cdn.intermarche.pt/pt/Content/images/boitmal/produit/zoom/B1CEECEA2256524B647A2B852DC8C733.jpg,2024-09-25T22:59:59.999Z,/product/vinagre-de-sidra-biologica-5%25/5607552295387
26476,Vinagre balsâmico de modena gourmet,5601252115105,11720,104,Garrafa de 250 ml,Gallo,,"9,24€/L","2,31€",https://cdn.intermarche.pt/pt/Content/images/boitmal/produit/zoom/13194F8798F147A6A089D1E0D94D03CC.jpg,2024-09-25T22:59:59.999Z,/product/vinagre-balsamico-de-modena-gourmet/5601252115105
15964,Vinagre balsâmico branco,5601252110803,11720,104,Garrafa de 250 ml,Gallo,,"7,96€/L","1,99€",https://cdn.intermarche.pt/pt/Content/images/boitmal/produit/zoom/A47350A404BC4DE8B5D510984F83F3CB.jpg,2024-09-25T22:59:59.999Z,/product/vinagre-balsamico-branco/5601252110803
26475,Vinagre balsâmico sidra,5601252115211,11720,104,Garrafa de 250 ml,Gallo,,"7,96€/L","1,99€",https://cdn.intermarche.pt/pt/Content/images/boitmal/produit/zoom/C88E39F6F7D009CCC3A6C8AE0ADDADDE.jpg,2024-09-25T22:59:59.999Z,/product/vinagre-balsamico-sidra/5601252115211
5387,"Vinagre vinho tinto, garrafa 250ml",5601252107117,11720,104,,Gallo,,"5,16€/L","1,29€",https://cdn.intermarche.pt/pt/Content/images/boitmal/produit/zoom/2B8A6AE870DD9F36A6772B08A6EA5658.jpg,2024-09-25T22:59:59.999Z,/product/vinagre-vinho-tinto-garrafa-250ml/5601252107117
8809,Vinagre Sidra,5601252107179,11720,104,Garrafa 250ML,Gallo,,"6,76€/L","1,69€",https://cdn.intermarche.pt/pt/Content/images/boitmal/produit/zoom/C1ADE85D25D865E2E9E71BB1A8066671.jpg,2024-09-25T22:59:59.999Z,/product/vinagre-sidra/5601252107179
18841,"Vinagre de vinho tinto, garrafa de 500 ml",5601070000140,11720,104,,Cristal,,"1,74€/L","0,87€",https://cdn.intermarche.pt/pt/Content/images/boitmal/produit/zoom/820B9B96763D488F8769DF898A95AD3D.jpg,2024-09-25T22:59:59.999Z,/product/vinagre-de-vinho-tinto-garrafa-de-500-ml/5601070000140
26478,Vinagre balsâmico rosé,5601252115143,11720,104,Garrafa de 250 ml,Gallo,,"7,96€/L","1,99€",https://cdn.intermarche.pt/pt/Content/images/boitmal/produit/zoom/791DE2E9E5C878BB270841042892CEC6.jpg,2024-09-25T22:59:59.999Z,/product/vinagre-balsamico-rose/5601252115143
36921,Vinagre de sidra,5604260296453,11720,104,500 ml,PorSi,,"0,70€/L","0,35€",https://cdn.intermarche.pt/pt/Content/images/boitmal/produit/zoom/45480E16CD86426590D937BD66699766.jpg,,/product/vinagre-de-sidra/5604260296453
2004,Vinagre balsâmico,5604260095483,11720,104,Embalagem de 250 ml,PorSi,,"5,16€/L","1,29€",https://cdn.intermarche.pt/pt/Content/images/boitmal/produit/zoom/719E26430944A4AA34B395BA630E24BD.jpg,,/product/vinagre-balsamico/5604260095483
2184,Vinagre de vinho branco,5604260263967,11720,104,Garrafa de 1 l,PorSi,,"0,59€/L","0,59€",https://cdn.intermarche.pt/pt/Content/images/boitmal/produit/zoom/AFF4824E98F7C19A958842702442B997.jpg,,/product/vinagre-de-vinho-branco/5604260263967
2185,Vinagre de fruta,5604260263998,11720,104,Embalagem de 500 ml,PorSi,,"0,98€/L","0,49€",https://cdn.intermarche.pt/pt/Content/images/boitmal/produit/zoom/E6EB3FDE2B7E28323D07458AE0EA26C4.jpg,,/product/vinagre-de-fruta/5604260263998
1792,Vinagre de vinho tinto,5604260010424,11720,104,Garrafa de 500 ml,PorSi,,"0,98€/L","0,49€",https://cdn.intermarche.pt/pt/Content/images/boitmal/produit/zoom/E0953B15C0E07D7B1DF1F3870EC254A8.jpg,,/product/vinagre-de-vinho-tinto/5604260010424
1793,Vinagre vinho branco,5604260010431,11720,104,Garrafa de 500 ml,PorSi,,"0,98€/L","0,49€",https://cdn.intermarche.pt/pt/Content/images/boitmal/produit/zoom/5CF13E06AE9DB0CC1A559061B1655DCF.jpg,,/product/vinagre-vinho-branco/5604260010431
31425,"Vinagre de maçã, garrafa de 500 ml",5604321020492,11720,104,,Cemporcento,,"3,98€/L","1,99€",https://cdn.intermarche.pt/pt/Content/images/boitmal/produit/zoom/E9A8B37FB79C6582CC733632EFB31DE6.jpg,,/product/vinagre-de-maca-garrafa-de-500-ml/5604321020492
1552,"Vinagre balsâmico, spray",5601517181104,11720,104,Garrafa de 250 ml,Paladin,,"7,96€/L","1,99€",https://cdn.intermarche.pt/pt/Content/images/boitmal/produit/zoom/45E1C27CE51B4948E7636A8A9A4FA5EF.jpg,,/product/vinagre-balsamico-spray/5601517181104
43333,Bio vinagre vinho branco,5604260308729,11292,10119,Garrafa de 500 ml,PorSi Bio,,"1,78€/L","0,89€",https://cdn.intermarche.pt/pt/Content/images/boitmal/produit/zoom/9F0D2DC6C25473499C02737F373A810D.jpg,,/product/bio-vinagre-vinho-branco/5604260308729
36632,Vinagre gourmet tinto,5601070002656,11720,104,Garrafa de 250 ml,Cristal,,"3,96€/L","0,99€",https://cdn.intermarche.pt/pt/Content/images/boitmal/produit/zoom/91A214C1DEF539FD51D0BBCBE3B3638C.jpg,,/product/vinagre-gourmet-tinto/5601070002656
43499,Vinagre balsâmico bio,5604260308736,11292,10119,Garrafa de 250 ml,PorSi Bio,,"9,16€/L","2,29€",https://cdn.intermarche.pt/pt/Content/images/boitmal/produit/zoom/D59FA257A12C0983492B30C26BD50CBF.jpg,,/product/vinagre-balsamico-bio/5604260308736
5811,Vinagre de vinho tinto envelhecido,5604260056934,11720,104,Garrafa de 250 ml,PorSi,,"5,56€/L","1,39€",https://cdn.intermarche.pt/pt/Content/images/boitmal/produit/zoom/FF3829F41E6C664AFE655210990ECFE6.jpg,,/product/vinagre-de-vinho-tinto-envelhecido/5604260056934
20509,Vinagre vinho branco 250ml,5601070000041,11720,104,Garrafa de 250 ml,Cristal,,"3,96€/L","0,99€",https://cdn.intermarche.pt/pt/Content/images/boitmal/produit/zoom/063A2CDB2835EC7F5F87C68C3279429D.jpg,,/product/vinagre-vinho-branco-250ml/5601070000041
34580,Vinagre balsâmico de modena gourmet,5601070002755,11720,104,Garrafa de 250 ml,Cristal,,"17,96€/L","4,49€",https://cdn.intermarche.pt/pt/Content/images/boitmal/produit/zoom/F7DFA6D89871633C3ADF61FE903373E3.jpg,,/product/vinagre-balsamico-de-modena-gourmet/5601070002755
47070,Vinagre marmelos portugueses 5% gourmet,5607552295868,11720,104,Garrafa de 250 ml,Cristal,,"11,96€/L","2,99€",https://cdn.intermarche.pt/pt/Content/images/boitmal/produit/zoom/F459023DE86D46F253DE00541724E692.jpg,,/product/vinagre-marmelos-portugueses-5%25-gourmet/5607552295868
47996,Vinagre sidra de maçã bio 5% gourmet,5607552295332,11720,104,Garrafa de 250 ml,Cristal,,"11,16€/L","2,79€",https://cdn.intermarche.pt/pt/Content/images/boitmal/produit/zoom/4593E518DE22CFD72AF72B5942A9A12D.jpg,,/product/vinagre-sidra-de-maca-bio-5%25-gourmet/5607552295332
372,Molho Big Burguer,8711200532391,11721,105,Embalagem de 260g,Calvé,,"7,46€/Kg","1,94€",https://cdn.intermarche.pt/pt/Content/images/boitmal/produit/zoom/A750CF91D157F1A24339167BD14309C2.jpg,2024-09-25T22:59:59.999Z,/product/molho-big-burguer/8711200532391
828,Molho de soja,5000157073006,11721,105,Garrafa de 150 ml,Heinz,,"17,60€/L","2,64€",https://cdn.intermarche.pt/pt/Content/images/boitmal/produit/zoom/07CA95A6056AF3D3F6F02C6C71A8DC3C.jpg,2024-09-25T22:59:59.999Z,/product/molho-de-soja/5000157073006
386,Molho Mad Chips,8712100479298,11721,105,Embalagem de 260g,Calvé,,"7,46€/Kg","1,94€",https://cdn.intermarche.pt/pt/Content/images/boitmal/produit/zoom/2AC7B1BC6056929199259BC3C52D7157.jpg,2024-09-25T22:59:59.999Z,/product/molho-mad-chips/8712100479298
53024,"Molho Agridoce, 280g",8720182589569,11721,105,,Calvé,,"6,93€/Kg","1,94€",https://cdn.intermarche.pt/pt/Content/images/boitmal/produit/zoom/7ADC1EF520237C467C08598D71586602.jpg,2024-09-25T22:59:59.999Z,/product/molho-agridoce-280g/8720182589569
49302,Molho Hot Chicken,8720182379092,11721,105,Embalagem de 266g,Calvé,,"7,29€/Kg","1,94€",https://cdn.intermarche.pt/pt/Content/images/boitmal/produit/zoom/C7A938CE7B8824AD204E1FC31D6DF9E4.jpg,2024-09-25T22:59:59.999Z,/product/molho-hot-chicken/8720182379092
49984,"Molho teriyaki bbq com mel, 250 ml",8715035310308,11721,105,,Kikkoman,,"14,20€/L","3,55€",https://cdn.intermarche.pt/pt/Content/images/boitmal/produit/zoom/32CC166B971F2E60507064D4C6C70958.jpg,2024-09-25T22:59:59.999Z,/product/molho-teriyaki-bbq-com-mel-250-ml/8715035310308
49985,"Molho teriyaki alho torrado, 250 ml",8715035270305,11721,105,,Kikkoman,,"14,60€/L","3,65€",https://cdn.intermarche.pt/pt/Content/images/boitmal/produit/zoom/438DF712DD147A72C13A26103EED7D02.jpg,2024-09-25T22:59:59.999Z,/product/molho-teriyaki-alho-torrado-250-ml/8715035270305
49986,Molho de soja doce,8715035220300,11721,105,Garrafa de 250 ml,Kikkoman,,"12,60€/L","3,15€",https://cdn.intermarche.pt/pt/Content/images/boitmal/produit/zoom/8A307B6180295A59D182CCAD59BFADAA.jpg,2024-09-25T22:59:59.999Z,/product/molho-de-soja-doce/8715035220300
46326,Molho tomate com manjericão,5604260314041,11721,105,frasco de 420 g,PorSi,,"4,02€/Kg","1,69€",https://cdn.intermarche.pt/pt/Content/images/boitmal/produit/zoom/D4D678FA407A415CD8971A55E18A66B8.jpg,,/product/molho-tomate-com-manjericao/5604260314041
1337,Piri piri,5601165100786,11721,105,Garrafa de 50 ml,Calvé,,"51,80€/L","2,59€",https://cdn.intermarche.pt/pt/Content/images/boitmal/produit/zoom/008C8E9F15AC26570DA04227E6BC4B56.jpg,,/product/piri-piri/5601165100786
1558,"Piripiri sacana, extra forte",5601517311419,11721,105,Garrafa de 80 ml,Paladin,,"24,88€/L","1,99€",https://cdn.intermarche.pt/pt/Content/images/boitmal/produit/zoom/CEFDAA1DD4836275B6F55392B06CF7D8.jpg,,/product/piripiri-sacana-extra-forte/5601517311419
43743,Molho p/batatas fritas,5604260310265,11721,105,Embalagem de 287g,PorSi,,"5,54€/Kg","1,59€",https://cdn.intermarche.pt/pt/Content/images/boitmal/produit/zoom/0621D40FC2277122FC30E4D012BB2CB2.jpg,,/product/molho-p-ou-batatas-fritas/5604260310265
43861,Molho vinagrete com vinagre balsâmico de modena e mel,5604260310241,11721,105,Embalagem de 280g,PorSi,,"4,61€/Kg","1,29€",https://cdn.intermarche.pt/pt/Content/images/boitmal/produit/zoom/E4B1403082E3C20996CD5AF835B554A9.jpg,,/product/molho-vinagrete-com-vinagre-balsamico-de-modena-e-mel/5604260310241
46279,Molho bolonhesa,5604260314027,11721,105,frasco de 420 g,PorSi,,"4,50€/Kg","1,89€",https://cdn.intermarche.pt/pt/Content/images/boitmal/produit/zoom/F0D5F214D198F86410394A8E67ADD26B.jpg,,/product/molho-bolonhesa/5604260314027
47787,Molho vegan sabor a maionese,5604260322954,11721,105,Embalagem de 270 g,PorSi Viva Bem,,"5,52€/Kg","1,49€",https://cdn.intermarche.pt/pt/Content/images/boitmal/produit/zoom/30703E7BD7916CBD62C9A82847ED3FE3.jpg,,/product/molho-vegan-sabor-a-maionese/5604260322954
48192,Molho tomate com azeitonas,5604260319428,11721,105,Frasco de 420g,PorSi,,"4,02€/Kg","1,69€",https://cdn.intermarche.pt/pt/Content/images/boitmal/produit/zoom/E5823D2A698204A8373CC0F4C34BD274.jpg,,/product/molho-tomate-com-azeitonas/5604260319428
2335,Molho de soja,5604260274000,11721,105,Embalagem de 200 ml,PorSi,,"4,45€/L","0,89€",https://cdn.intermarche.pt/pt/Content/images/boitmal/produit/zoom/604BB20A2922CB2F333415774092B868.jpg,,/product/molho-de-soja/5604260274000
43866,Molho barbecue,5604260310555,11721,105,Garrafa de 285 ml,PorSi,,"4,74€/L","1,35€",https://cdn.intermarche.pt/pt/Content/images/boitmal/produit/zoom/201A174F029CAD9F5E0CCF55799F4C3B.jpg,,/product/molho-barbecue/5604260310555
42576,Molho bechamel,5604260304615,11721,105,Embalagem de 200g,PorSi,,"4,25€/Kg","0,85€",https://cdn.intermarche.pt/pt/Content/images/boitmal/produit/zoom/E18A8FCBDAEC93751AFBF1CA823312C2.jpg,,/product/molho-bechamel/5604260304615
43863,Molho de alho,5604260310289,11721,105,Embalagem de 287g,PorSi,,"5,05€/Kg","1,45€",https://cdn.intermarche.pt/pt/Content/images/boitmal/produit/zoom/E39AB14D88072D4C2C40115DE58B44CE.jpg,,/product/molho-de-alho/5604260310289
51574,Vinagrete natural,5604260302123,11721,105,275 ml,PorSi,,"4,87€/L","1,34€",https://cdn.intermarche.pt/pt/Content/images/boitmal/produit/zoom/2EF2066739C6F3D7E62D072C17991B10.jpg,,/product/vinagrete-natural/5604260302123
1331,Molho de alho,5601165006255,11721,105,Embalagem de 260g,Calvé,,"11,50€/Kg","2,99€",https://cdn.intermarche.pt/pt/Content/images/boitmal/produit/zoom/089B1CAB7287353404366CB7226AD30F.jpg,,/product/molho-de-alho/5601165006255
43875,Creme à base de vinagre balsâmico de modena,5604260313082,11721,105,Garrafa de 250 ml,PorSi Select,,"6,76€/L","1,69€",https://cdn.intermarche.pt/pt/Content/images/boitmal/produit/zoom/3F700E309B4336894E622FC9ED22B42C.jpg,,/product/creme-a-base-de-vinagre-balsamico-de-modena/5604260313082
46328,Molho napolitano,5604260314058,11721,105,frasco de 420 g,PorSi,,"4,02€/Kg","1,69€",https://cdn.intermarche.pt/pt/Content/images/boitmal/produit/zoom/D141C8B734E747391BA201C87BB24CB5.jpg,,/product/molho-napolitano/5604260314058
43873,Molho piripiri,5604260311866,11721,105,Garrafa de 180 ml,PorSi,,"1,89€/L","0,34€",https://cdn.intermarche.pt/pt/Content/images/boitmal/produit/zoom/6A304EC7F349ACAB44A54B896E4299EE.jpg,,/product/molho-piripiri/5604260311866
2288,Molho 4 pimentas,5604260270279,11721,105,Embalagem de 120 ml,PorSi,,"8,25€/L","0,99€",https://cdn.intermarche.pt/pt/Content/images/boitmal/produit/zoom/620186A4966E9396BEDEB2D3B37982A2.jpg,,/product/molho-4-pimentas/5604260270279
46327,Molho para pizza,5604260314034,11721,105,frasco de 420 g,PorSi,,"4,02€/Kg","1,69€",https://cdn.intermarche.pt/pt/Content/images/boitmal/produit/zoom/CFBEE794B65CE7E18388862CD2957766.jpg,,/product/molho-para-pizza/5604260314034
42174,Molho iogurte,5604260305872,11721,105,Garrafa de 285 ml,PorSi,,"5,23€/L","1,49€",https://cdn.intermarche.pt/pt/Content/images/boitmal/produit/zoom/07DE36137753EDAACF0183495B6C9015.jpg,,/product/molho-iogurte/5604260305872
43744,Molho cesar,5604260310272,11721,105,Embalagem de 288g,PorSi,,"5,17€/Kg","1,49€",https://cdn.intermarche.pt/pt/Content/images/boitmal/produit/zoom/8DD3EC9719BD69E3EA2848851D07A720.jpg,,/product/molho-cesar/5604260310272
33127,Molho pesto ponti 135 grs,8001010033721,11721,105,Embalagem de 140g,Ponti,,"25,11€/Kg","3,39€",https://cdn.intermarche.pt/pt/Content/images/boitmal/produit/zoom/F4B4042E9E40B9E398D32759CA139CC2.jpg,,/product/molho-pesto-ponti-135-grs/8001010033721
47038,Molho p/ saltear agridoce blue dragon,5010338200039,11721,105,Embalagem de 120g,Blue Dragon,,"19,08€/Kg","2,29€",https://cdn.intermarche.pt/pt/Content/images/boitmal/produit/zoom/5E1C2823F4532D72396C5C9CA0DC0C44.jpg,,/product/molho-p-ou-saltear-agridoce-blue-dragon/5010338200039
34318,Molho inglês,5604260278886,11721,105,Garrafa de 200 ml,PorSi,,"4,45€/L","0,89€",https://cdn.intermarche.pt/pt/Content/images/boitmal/produit/zoom/6C0A0062E1621686AEDBD758D34B0DDE.jpg,,/product/molho-ingles/5604260278886
43383,Molho piri-piri extra forte,5604260311873,11721,105,Garrafa de 90 ml,PorSi Select,,"9,89€/L","0,89€",https://cdn.intermarche.pt/pt/Content/images/boitmal/produit/zoom/FD3EC61BD1E07A83A6B696FDB67D8815.jpg,,/product/molho-piri-piri-extra-forte/5604260311873
1502,Molho piri piri,5601378970701,11721,105,Embalagem de 100g,Maçarico,,"12,90€/Kg","1,29€",https://cdn.intermarche.pt/pt/Content/images/boitmal/produit/zoom/5632B0F1E36B185E0470AEB86098E114.jpg,,/product/molho-piri-piri/5601378970701
2287,Molho de cocktail,5604260270262,11721,105,Garrafa de 120 ml,PorSi,,"8,25€/L","0,99€",https://cdn.intermarche.pt/pt/Content/images/boitmal/produit/zoom/B03EB47463B44F2E4A84CCE64A1E7802.jpg,,/product/molho-de-cocktail/5604260270262
31496,"Molho guacamole, 200g",8410076420763,11721,105,,Old El Paso,,"15,33€/Kg","2,99€",https://cdn.intermarche.pt/pt/Content/images/boitmal/produit/zoom/CF1502C095D2AB6B89DF5B10F97A9703.jpg,,/product/molho-guacamole-200g/8410076420763
52994,"Molho Tomate e Manjericão, 350g",5601019005977,11721,105,,Guloso,,"13,57€/Kg","4,75€",https://cdn.intermarche.pt/pt/Content/images/boitmal/produit/zoom/4D66C88670773A45D5167B5E30F2B94F.jpg,,/product/molho-tomate-e-manjericao-350g/5601019005977
300,Molho picante,0011210000889,11721,105,Garrafa de 60 ml,Tabasco,,"54,83€/L","3,29€",https://cdn.intermarche.pt/pt/Content/images/boitmal/produit/zoom/5ABEEBB580D00ACED93482A5C5D5A8F5.jpg,,/product/molho-picante/0011210000889
41574,Molho para Francesinha,5604260304929,11721,105,Frasco com 314 g,PorSi,,"3,79€/Kg","1,19€",https://cdn.intermarche.pt/pt/Content/images/boitmal/produit/zoom/CF6E9E7BC0B943E62E9F24462CD785FB.jpg,,/product/molho-para-francesinha/5604260304929
1332,Molho de whisky cocktail,5601165006279,11721,105,Garrafa de 250 ml,Calvé,,"11,96€/L","2,99€",https://cdn.intermarche.pt/pt/Content/images/boitmal/produit/zoom/5C7EAAE13BB0E5B1A973BA1CE41F5495.jpg,,/product/molho-de-whisky-cocktail/5601165006279
1293,Pack de 3 embalagens de polpa de tomate,5601151398104,11757,105,Embalagem de 630g,Compal,,"2,37€/Kg","1,49€",https://cdn.intermarche.pt/pt/Content/images/boitmal/produit/zoom/2F7BD591A6A78BA4615EC03A19AC4973.jpg,2024-09-25T22:59:59.999Z,/product/pack-de-3-embalagens-de-polpa-de-tomate/5601151398104
1305,Polpa de tomate em garrafa,5601151862155,11757,105,Embalagem de 500g,Compal,,"2,48€/Kg","1,24€",https://cdn.intermarche.pt/pt/Content/images/boitmal/produit/zoom/AAB3292CC676B25102611CA57B6FA818.jpg,2024-09-25T22:59:59.999Z,/product/polpa-de-tomate-em-garrafa/5601151862155
1270,Polpa de tomate com cebola e alho,5601151023150,11757,105,Embalagem de 500g,Compal,,"2,78€/Kg","1,39€",https://cdn.intermarche.pt/pt/Content/images/boitmal/produit/zoom/D455823659AE027A7D3A2F64537EA4D9.jpg,2024-09-25T22:59:59.999Z,/product/polpa-de-tomate-com-cebola-e-alho/5601151023150
2059,Polpa de cebola e alho,5604260303861,11757,105,Embalagem de 500 g,PorSi,,"2,98€/Kg","1,49€",https://cdn.intermarche.pt/pt/Content/images/boitmal/produit/zoom/41444F01158BD1D91B444EE63E3C35F0.jpg,2024-10-04T22:59:59.999Z,/product/polpa-de-cebola-e-alho/5604260303861
1310,Compal da horta concentrado tomate,5601151979969,11757,105,Embalagem de 140g,Compal,,"7,07€/Kg","0,99€",https://cdn.intermarche.pt/pt/Content/images/boitmal/produit/zoom/9A5812864404A787E39139B51FC70102.jpg,2024-09-25T22:59:59.999Z,/product/compal-da-horta-concentrado-tomate/5601151979969
1272,Tomate triturado,5601151060254,11757,105,Embalagem de 500g,Compal,,"2,78€/Kg","1,39€",https://cdn.intermarche.pt/pt/Content/images/boitmal/produit/zoom/8578E2260B46D071F7AECDA37452145B.jpg,2024-09-25T22:59:59.999Z,/product/tomate-triturado/5601151060254
1307,Polpa de tomate em garrafa,5601151962152,11757,105,Embalagem de 1 kg,Compal,,"2,10€/Kg","2,10€",https://cdn.intermarche.pt/pt/Content/images/boitmal/produit/zoom/188D8B739A75F9183E13BB6E462F65B0.jpg,2024-09-25T22:59:59.999Z,/product/polpa-de-tomate-em-garrafa/5601151962152
43796,Massa de pimentão,5604260302772,11757,105,Embalagem de 380g,PorSi,,"3,92€/Kg","1,49€",https://cdn.intermarche.pt/pt/Content/images/boitmal/produit/zoom/EB0E3680D122BF16BFFC7452A9BAA497.jpg,,/product/massa-de-pimentao/5604260302772
44252,Tomate frito,5601019012890,11757,105,Embalagem de 210g,Guloso,,"5,67€/Kg","1,19€",https://cdn.intermarche.pt/pt/Content/images/boitmal/produit/zoom/E41584C9A847A707E247659FC6AA37C2.jpg,,/product/tomate-frito/5601019012890
958,Polpa de Tomate,5601019012401,11757,105,Embalagem de 500g,Guloso,,"2,98€/Kg","1,49€",https://cdn.intermarche.pt/pt/Content/images/boitmal/produit/zoom/20EBC153FCFDA3F6B93B2650D6C60B2B.jpg,,/product/polpa-de-tomate/5601019012401
2172,Massa de alho,5604260261369,11757,105,Embalagem 950G,PorSi,,"3,15€/Kg","2,99€",https://cdn.intermarche.pt/pt/Content/images/boitmal/produit/zoom/593B94D67589DB392D4E23CF22FB7DC3.jpg,,/product/massa-de-alho/5604260261369
38555,Polpa de Tomate com Manjericão e Oregãos,5601019012807,11757,105,Embalagem de 500g,Guloso,,"3,98€/Kg","1,99€",https://cdn.intermarche.pt/pt/Content/images/boitmal/produit/zoom/91BED76549C4236F11A5CB6F37BF70E1.jpg,,/product/polpa-de-tomate-com-manjericao-e-oregaos/5601019012807
959,Polpa de Tomate,5601019012418,11757,105,Embalagem de 1 kg,Guloso,,"2,39€/Kg","2,39€",https://cdn.intermarche.pt/pt/Content/images/boitmal/produit/zoom/3B354CF768C18B28FB1B1316955F339F.jpg,,/product/polpa-de-tomate/5601019012418
42149,Tomate triturado,5604260303830,11757,105,Embalagem de 500 g,PorSi,,"2,18€/Kg","1,09€",https://cdn.intermarche.pt/pt/Content/images/boitmal/produit/zoom/8D5FE479993532426630C2D76551CD53.jpg,,/product/tomate-triturado/5604260303830
48098,Tempero alho cebola picado,5604260321223,11757,105,Embalagem de 40g,PorSi Select,,"29,75€/Kg","1,19€",https://cdn.intermarche.pt/pt/Content/images/boitmal/produit/zoom/1FA4ACC584D2D92A0B8D6FD078322628.jpg,,/product/tempero-alho-cebola-picado/5604260321223
52164,Polpa de Tomate Tetra,5604260328505,11757,105,Embalagem de 1050g,PorSi,,"1,90€/Kg","1,99€",https://cdn.intermarche.pt/pt/Content/images/boitmal/produit/zoom/B885A3783A807252D878F62CA97B7A9D.jpg,,/product/polpa-de-tomate-tetra/5604260328505
1949,Massa de pimentão,5604260056958,11757,105,Embalagem 200G,PorSi,,"4,25€/Kg","0,85€",https://cdn.intermarche.pt/pt/Content/images/boitmal/produit/zoom/AA7FFE91CD75A2FB21B35A4BBF6B6410.jpg,,/product/massa-de-pimentao/5604260056958
1948,Massa de alho,5604260056941,11757,105,Embalagem de 200g,PorSi,,"4,25€/Kg","0,85€",https://cdn.intermarche.pt/pt/Content/images/boitmal/produit/zoom/A5D1FAA114F16033BD0F905B4C1B56D9.jpg,,/product/massa-de-alho/5604260056941
1950,Tempero p/frangos,5604260056965,11757,105,Embalagem de 200g,PorSi,,"4,25€/Kg","0,85€",https://cdn.intermarche.pt/pt/Content/images/boitmal/produit/zoom/301626436D263C9AF4BDABB0A4195441.jpg,,/product/tempero-p-ou-frangos/5604260056965
1951,Vinha de alhos,5604260056972,11757,105,Embalagem de 200 g,PorSi,,"4,25€/Kg","0,85€",https://cdn.intermarche.pt/pt/Content/images/boitmal/produit/zoom/C34FBE2720172D5D8BB2FE5CD2A6BA9E.jpg,,/product/vinha-de-alhos/5604260056972
16505,Tomate seco,8001010085454,11757,105,Embalagem de 280g,Ponti,,"13,54€/Kg","3,79€",https://cdn.intermarche.pt/pt/Content/images/boitmal/produit/zoom/BA9034A1B5945315F55BBE105BB75174.jpg,,/product/tomate-seco/8001010085454
41311,Tomate em Pedaços com Cebola e Alho,5601019012876,11757,105,Embalagem de 390g,Guloso,,"6,13€/Kg","2,39€",https://cdn.intermarche.pt/pt/Content/images/boitmal/produit/zoom/DA7DA36A1DB3F59161A395B0EC5223E9.jpg,,/product/tomate-em-pedacos-com-cebola-e-alho/5601019012876
48097,Tempero alho e pimentão doce,5604260321216,11757,105,Embalagem de 40g,PorSi Select,,"27,25€/Kg","1,09€",https://cdn.intermarche.pt/pt/Content/images/boitmal/produit/zoom/3B1C1492DCB9D8187915E8DC58D4EF35.jpg,,/product/tempero-alho-e-pimentao-doce/5604260321216
34760,Suculento no forno ervas,7613036912709,11757,105,Embalagem de 40g,Maggi,,"42,50€/Kg","1,19€",https://cdn.intermarche.pt/pt/Content/images/boitmal/produit/zoom/88EF0AA003FE9AC71C19B5F2C7E3D14A.jpg,,/product/suculento-no-forno-ervas/7613036912709
962,Passata de Manjericão e Oregãos,5601019012517,11757,105,Embalagem de 210g,Guloso,,"4,71€/Kg","0,99€",https://cdn.intermarche.pt/pt/Content/images/boitmal/produit/zoom/EE291078DA7B0DBA3843A375150D086A.jpg,,/product/passata-de-manjericao-e-oregaos/5601019012517
2171,Massa de pimentão,5604260261352,11757,105,Embalagem de 950g,PorSi,,"3,67€/Kg","3,49€",https://cdn.intermarche.pt/pt/Content/images/boitmal/produit/zoom/88CF0206F15ADAB5A02163F09F93B367.jpg,,/product/massa-de-pimentao/5604260261352
43797,Massa de alho,5604260303953,11757,105,Embalagem de 380g,PorSi,,"3,92€/Kg","1,49€",https://cdn.intermarche.pt/pt/Content/images/boitmal/produit/zoom/C63C61E4694A46B0D0DFDA1135AA08D2.jpg,,/product/massa-de-alho/5604260303953
2173,Tempero p/frangos,5604260261376,11757,105,Embalagem de 950g,PorSi,,"3,67€/Kg","3,49€",https://cdn.intermarche.pt/pt/Content/images/boitmal/produit/zoom/18087B045EB305B185BF442EE080BB83.jpg,,/product/tempero-p-ou-frangos/5604260261376
22554,Pimentão doce,5601063052538,11757,105,Embalagem de 75g,Margão,,"37,20€/Kg","2,79€",https://cdn.intermarche.pt/pt/Content/images/boitmal/produit/zoom/3B32A9AAE6667DFF4C4EFAB19EF12E96.jpg,,/product/pimentao-doce/5601063052538
30568,"Polpa de Tomate, 3 x 210g",5601019012180,11757,105,,Guloso,,"3,95€/Kg","2,49€",https://cdn.intermarche.pt/pt/Content/images/boitmal/produit/zoom/9F9DDF3934C6195F877922FAC5502599.jpg,,/product/polpa-de-tomate-3-x-210g/5601019012180
36431,Sumo de limão,5601070004513,11757,105,garrafa de 500 ml,Cristal,,"7,58€/L","3,79€",https://cdn.intermarche.pt/pt/Content/images/boitmal/produit/zoom/EE98C951AD4CD17A469FE8D3C16D6E64.jpg,,/product/sumo-de-limao/5601070004513
46208,"Tempero em pó galinha, 135g",8710522724262,11757,105,,Knorr,,"31,78€/Kg","4,29€",https://cdn.intermarche.pt/pt/Content/images/boitmal/produit/zoom/80FC3E6D5208F1CE79EF67284D4565D3.jpg,,/product/tempero-em-po-galinha-135g/8710522724262
50386,"Molho Suculento Frango no Forno com Alho e Cebola em Saqueta, 30g",8445290290014,11757,105,,Maggi,,"39,67€/Kg","1,19€",https://cdn.intermarche.pt/pt/Content/images/boitmal/produit/zoom/0CA9D0BA31C0E8C3087456EA0E4676B5.jpg,,/product/molho-suculento-frango-no-forno-com-alho-e-cebola-em-saqueta-30g/8445290290014
51250,"Molho Suculento Entrecosto no Forno com Pimentão Doce, Alho e Mel, 30g",8445290287229,11757,105,,Maggi,,"39,67€/Kg","1,19€",https://cdn.intermarche.pt/pt/Content/images/boitmal/produit/zoom/456CDF14FAC2BD6198BF856B10BED187.jpg,,/product/molho-suculento-entrecosto-no-forno-com-pimentao-doce-alho-e-mel-30g/8445290287229
2174,Vinha de alhos,5604260261383,11757,105,Embalagem de 950 g,PorSi,,"3,15€/Kg","2,99€",https://cdn.intermarche.pt/pt/Content/images/boitmal/produit/zoom/E649F01AA15438D312E36A95830C389B.jpg,,/product/vinha-de-alhos/5604260261383
28561,Polpa tomate biológico,5601019012746,11292,10119,Embalagem de 500g,Guloso,,"7,18€/Kg","3,59€",https://cdn.intermarche.pt/pt/Content/images/boitmal/produit/zoom/CFA4E349C1AF2DDBB70C492F765F31C1.jpg,,/product/polpa-tomate-biologico/5601019012746
33656,Tomate seco,8001010052562,11757,105,Embalagem de 100 g,Ponti,,"39,90€/Kg","3,99€",https://cdn.intermarche.pt/pt/Content/images/boitmal/produit/zoom/08305C19D874034F40EDB482F4551671.jpg,,/product/tomate-seco/8001010052562
52756,Cozinha à Portuguesa,5601063061295,11757,105,Pack de 5 Unidades 212g,Margão,,"47,12€/Kg","9,99€",https://cdn.intermarche.pt/pt/Content/images/boitmal/produit/zoom/AB3461AEC31848B4BC163B94448D8990.jpg,,/product/cozinha-a-portuguesa/5601063061295
53117,"Mix Salicórnia para Massas, 50g",5600692769725,11757,105,,Qampo,,"79,80€/Kg","3,99€",https://cdn.intermarche.pt/pt/Content/images/boitmal/produit/zoom/49399953964ECD3D1B9F3FF97300FA3A.jpg,,/product/mix-salicornia-para-massas-50g/5600692769725
