Product ID,Title,EAN,Family ID,Department ID,Packaging,Brand,Category,Price,Price Per Unit,Image URL,Promo End,Product URL
42829,Leite uht gordo com rosca,5604260308880,11692,11364,Embalagem de 1 litro,PorSi,,"0,97€/L","0,97€",https://cdn.intermarche.pt/pt/Content/images/boitmal/produit/zoom/C3594FBA7A33F66455FC0EB3425487BB.jpg,,/product/leite-uht-gordo-com-rosca/5604260308880
11640,Leite pasteurizado gordo,5601180000993,11692,11364,Garrafa de 1 l,Vigor,,"1,19€/L","1,19€",https://cdn.intermarche.pt/pt/Content/images/boitmal/produit/zoom/D35A2632D9FCF31B32BD4205099C2552.jpg,,/product/leite-pasteurizado-gordo/5601180000993
9008,"Leite uht, gordo",5601530030151,11692,11364,Embalagem de 1 l,Serraleite,,"1,19€/L","1,19€",https://cdn.intermarche.pt/pt/Content/images/boitmal/produit/zoom/912D79F24A818727F4337DAB537D3CD6.jpg,,/product/leite-uht-gordo/5601530030151
8382,Leite uht gordo,5601049131998,11692,11364,Embalagem de 1 litro,Mimosa,,"1,19€/L","1,19€",https://cdn.intermarche.pt/pt/Content/images/boitmal/produit/zoom/4C3FFACD4AEF1F7F84058E9D9E324644.jpg,,/product/leite-uht-gordo/5601049131998
50456,"Leite Uht Magro sem Lactose com Fibra e Coco, 1 l",5603722520877,11277,10118,,Mimosa,,"1,24€/L","1,24€",https://cdn.intermarche.pt/pt/Content/images/boitmal/produit/zoom/B822078CC1665E881AB9EE8EE0E4B0E6.jpg,2024-10-04T22:59:59.999Z,/product/leite-uht-magro-sem-lactose-com-fibra-e-coco-1-l/5603722520877
8391,Leite especial cálcio + vitamina d magro,5601049159992,11693,11364,Garrafa de 1 l,Mimosa,,"0,98€/L","0,98€",https://cdn.intermarche.pt/pt/Content/images/boitmal/produit/zoom/9A4AD44FB60B5A45579B826AAB547587.jpg,2024-09-25T22:59:59.999Z,/product/leite-especial-calcio-+-vitamina-d-magro/5601049159992
32044,Mimosa bem especial leite e amêndoa,5603722517471,11277,10118,Embalagem de 1 litro,Mimosa,,"1,24€/L","1,24€",https://cdn.intermarche.pt/pt/Content/images/boitmal/produit/zoom/F58E2E046344F7115AD051C34455C981.jpg,2024-10-04T22:59:59.999Z,/product/mimosa-bem-especial-leite-e-amendoa/5603722517471
32043,Mimosa bem especial leite e aveia,5603722517457,11277,10118,Embalagem de 1 litro,Mimosa,,"1,24€/L","1,24€",https://cdn.intermarche.pt/pt/Content/images/boitmal/produit/zoom/699CC02CBE15EF18CD46F5DD5DF5AA01.jpg,2024-10-04T22:59:59.999Z,/product/mimosa-bem-especial-leite-e-aveia/5603722517457
42828,Leite uht magro com rosca,5604260308873,11693,11364,1 litro,PorSi,,"0,81€/L","0,81€",https://cdn.intermarche.pt/pt/Content/images/boitmal/produit/zoom/554390654EE436245252F4AD35328EDB.jpg,,/product/leite-uht-magro-com-rosca/5604260308873
32424,Leite uht magro,5604260285297,11693,11364,Embalagem de 1 litro,PorSi,,"0,81€/L","0,81€",https://cdn.intermarche.pt/pt/Content/images/boitmal/produit/zoom/F87D4448FEBFEABC1BF9E5A541B31B5D.jpg,,/product/leite-uht-magro/5604260285297
8384,Leite uht magro,5601049133992,11693,11364,Embalagem de 1 litro,Mimosa,,"0,99€/L","0,99€",https://cdn.intermarche.pt/pt/Content/images/boitmal/produit/zoom/F5320FAD88ED459A5E33FEB47EAEF410.jpg,,/product/leite-uht-magro/5601049133992
26177,Leite Seleccionado Leve,5603722514470,11693,11364,Embalagem de 1L,Matinal,,"1,24€/L","1,24€",https://cdn.intermarche.pt/pt/Content/images/boitmal/produit/zoom/3414EC19C8611CE7E0D99781254117D1.jpg,,/product/leite-seleccionado-leve/5603722514470
35490,Leite uht sem lactose magro,5604260285273,11277,10118,1 litro,PorSi Viva Bem,,"1,05€/L","1,05€",https://cdn.intermarche.pt/pt/Content/images/boitmal/produit/zoom/ED42C25CEB88988A023D9922CE8EF03E.jpg,,/product/leite-uht-sem-lactose-magro/5604260285273
9315,Leite 0% lactose magro,5603722509544,11277,10118,Garrafa de 1 l,Mimosa,,"1,35€/L","1,35€",https://cdn.intermarche.pt/pt/Content/images/boitmal/produit/zoom/F5A14B3D114F4F7D42484C8D1602E358.jpg,,/product/leite-0%25-lactose-magro/5603722509544
8298,Leite Uht Magro,5601018003509,11693,11364,Embalagem de 1L,Gresso,,"0,89€/L","0,89€",https://cdn.intermarche.pt/pt/Content/images/boitmal/produit/zoom/B51AE967A72C24BED3E4BABD9F341EF7.jpg,,/product/leite-uht-magro/5601018003509
20433,Leite de pastagem magro,5601244500070,11693,11364,Embalagem de 1 litro,Terra Nostra,,"1,04€/L","1,04€",https://cdn.intermarche.pt/pt/Content/images/boitmal/produit/zoom/61EFC0152A934985E04C1F26B293B085.jpg,,/product/leite-de-pastagem-magro/5601244500070
11642,Leite pasteurizado magro,5601180002003,11693,11364,Garrafa de 1 l,Vigor,,"1,09€/L","1,09€",https://cdn.intermarche.pt/pt/Content/images/boitmal/produit/zoom/4712850F57AD5A8BB3282BD0DF37AD78.jpg,,/product/leite-pasteurizado-magro/5601180002003
49819,"Leite Seleccionado Leve, pack 3 x 200 ml",5603722517327,11693,11364,,Matinal,,"2,65€/L","1,59€",https://cdn.intermarche.pt/pt/Content/images/boitmal/produit/zoom/71B7A978B09743409E9A95EE1E5CB157.jpg,,/product/leite-seleccionado-leve-pack-3-x-200-ml/5603722517327
49329,Leite magro com chocolate,5603722501937,11693,11364,Garrafa de 800 ml,Mimosa,,"2,86€/L","2,29€",https://cdn.intermarche.pt/pt/Content/images/boitmal/produit/zoom/9EBC420CA337A518F22D0C226FCE1E77.jpg,,/product/leite-magro-com-chocolate/5603722501937
9010,"Leite uht, magro",5601530030175,11693,11364,Embalagem de 1 l,Serraleite,,"1,05€/L","1,05€",https://cdn.intermarche.pt/pt/Content/images/boitmal/produit/zoom/543B3F98D5FFC9CCC658879763382079.jpg,,/product/leite-uht-magro/5601530030175
578,Leite magro em pó,3250390034179,11693,11364,Embalagem de 300 g,Páturages,,"8,63€/Kg","2,59€",https://cdn.intermarche.pt/pt/Content/images/boitmal/produit/zoom/507458A35200E82EB90F8B641AB1E12A.jpg,,/product/leite-magro-em-po/3250390034179
35652,Bebida cálcio sem lactose + proteína,5603722517440,11277,10118,Embalagem de 3 x 250 ml,Mimosa,,"3,99€/L","2,99€",https://cdn.intermarche.pt/pt/Content/images/boitmal/produit/zoom/082D57B313B97BA67B4431F02ED4BA22.jpg,,/product/bebida-calcio-sem-lactose-+-proteina/5603722517440
48767,Leite UHT Morango sem Lactose,5603722520433,11277,10118,Pack 3 x 250 ml,Mimosa,,"3,99€/L","2,99€",https://cdn.intermarche.pt/pt/Content/images/boitmal/produit/zoom/91AEB99AFEE91E613FA3A8781D3F3168.jpg,,/product/leite-uht-morango-sem-lactose/5603722520433
49820,Leite Uht Proteína Café,5603722520716,10915,10120,Pack 3 x 250 ml,Mimosa,,"4,25€/L","3,19€",https://cdn.intermarche.pt/pt/Content/images/boitmal/produit/zoom/16EC14653F7F31D3FE499DC1730AE209.jpg,,/product/leite-uht-proteina-cafe/5603722520716
50633,Leite proteína magro,5603722522093,11277,10118,Garrafa de 1 l,Mimosa,,"2,49€/L","2,49€",https://cdn.intermarche.pt/pt/Content/images/boitmal/produit/zoom/7BC969966D00487096CAA92FEB9F8C0C.jpg,,/product/leite-proteina-magro/5603722522093
26471,Leite com Chocolate,5603722510946,11695,11364,Pack 4X200ml,Gresso,,"8,25€/L","1,65€",https://cdn.intermarche.pt/pt/Content/images/boitmal/produit/zoom/0108FCBB6D228E5EC4619AC8345D099C.jpg,2024-09-25T22:59:59.999Z,/product/leite-com-chocolate/5603722510946
35749,Leite Bem Essencial Chocolate,5603722509667,11695,11364,Embalagem de 4 x 200 ml,Mimosa,,"2,11€/L","1,69€",https://cdn.intermarche.pt/pt/Content/images/boitmal/produit/zoom/7497180C7B501430F6BD78AEC0C140AA.jpg,2024-09-25T22:59:59.999Z,/product/leite-bem-essencial-chocolate/5603722509667
35914,Leite Bem Essencial cereais,5603722509643,11695,11364,Embalagem de 4 x 200 ml,Mimosa,,"2,11€/L","1,69€",https://cdn.intermarche.pt/pt/Content/images/boitmal/produit/zoom/D42EF29BB69D8B61354398DC984E7F3C.jpg,2024-09-25T22:59:59.999Z,/product/leite-bem-essencial-cereais/5603722509643
19022,Leite com Chocolate,5603722509742,11695,11364,Embalagem de 4 x 200 ml,Agros,,"2,24€/L","1,79€",https://cdn.intermarche.pt/pt/Content/images/boitmal/produit/zoom/5E96016EA2C29977083D2986B4126E1A.jpg,,/product/leite-com-chocolate/5603722509742
25108,Leite uht c/ chocolate,5601226041720,11695,11364,Embalagem de 3 x 250 ml,Ucal,,"3,99€/L","2,99€",https://cdn.intermarche.pt/pt/Content/images/boitmal/produit/zoom/2AFB2501DB878C97A2DFFFAA8B544C90.jpg,,/product/leite-uht-c-ou-chocolate/5601226041720
25861,Leite C/ Chocolate,5603722509759,11695,11364,Embalagem de 4 x 200 ml,Mimosa,,"2,11€/L","1,69€",https://cdn.intermarche.pt/pt/Content/images/boitmal/produit/zoom/754E59DFB7314FD42DB15B9A65008D5F.jpg,,/product/leite-c-ou-chocolate/5603722509759
36661,Leite com chocolate,5604260296781,11695,11364,Embalagem de 200 ml,PorSi,,"1,55€/L","0,31€",https://cdn.intermarche.pt/pt/Content/images/boitmal/produit/zoom/43DD88EFCF9AE42C77B4443C9EA3E86B.jpg,,/product/leite-com-chocolate/5604260296781
14172,Leite com chocolate original,5601226006460,11695,11364,Embalagem de 6 x 250 ml,Ucal,,"3,33€/L","4,99€",https://cdn.intermarche.pt/pt/Content/images/boitmal/produit/zoom/A8DEEA2F1BA52BEDD2EBCFD8028ACEB1.jpg,,/product/leite-com-chocolate-original/5601226006460
41381,Macchiato café arábica,5604260307319,11695,11364,250 ml,PorSi,,"4,60€/L","1,15€",https://cdn.intermarche.pt/pt/Content/images/boitmal/produit/zoom/F6B5577F506E3E55F17067234E023EEB.jpg,,/product/macchiato-cafe-arabica/5604260307319
14707,Galão enriquecido em cálcio,5601226041522,11695,11364,Embalagem de 3 x 200 ml,Ucal,,"3,82€/L","2,29€",https://cdn.intermarche.pt/pt/Content/images/boitmal/produit/zoom/71F6A26E117382BAA02E73F251EDC96E.jpg,,/product/galao-enriquecido-em-calcio/5601226041522
41380,Cappuccino café arábica cacau magro em pó,5604260307302,11695,11364,250 ml,PorSi,,"4,60€/L","1,15€",https://cdn.intermarche.pt/pt/Content/images/boitmal/produit/zoom/052D7170CB4320CDED0C9355ADBD68A0.jpg,,/product/cappuccino-cafe-arabica-cacau-magro-em-po/5604260307302
11757,"Leite uht, com café, galão alentejano",5601530030199,11695,11364,Embalagem de 1 l,Serraleite,,"1,39€/L","1,39€",https://cdn.intermarche.pt/pt/Content/images/boitmal/produit/zoom/58E9B12B881CCCF96BEA9C6CB30BA83B.jpg,,/product/leite-uht-com-cafe-galao-alentejano/5601530030199
25109,Leite uht c/ chocolate,5601226041669,11695,11364,Garrafa de 1 l,Ucal,,"2,95€/L","2,95€",https://cdn.intermarche.pt/pt/Content/images/boitmal/produit/zoom/91A57A535B275E2033D3DB7B2B1C7BD8.jpg,,/product/leite-uht-c-ou-chocolate/5601226041669
48011,Leite com Chocolate Meio-Gordo sem Lactose,5603722520068,11277,10118,4 x 200 ml,Agros,,"2,99€/L","2,39€",https://cdn.intermarche.pt/pt/Content/images/boitmal/produit/zoom/D0D3F8B7FFABDBCD2EEE741C61FD069C.jpg,,/product/leite-com-chocolate-meio-gordo-sem-lactose/5603722520068
46683,Leite chocolate milka tetra3x200ml,8410128778903,11695,11364,Garrafa de 600 ml,Milka,,"4,48€/L","2,69€",https://cdn.intermarche.pt/pt/Content/images/boitmal/produit/zoom/A226D73DA8F1861DE313D730CEBF8C37.jpg,,/product/leite-chocolate-milka-tetra3x200ml/8410128778903
49458,Leite c/ Chocolate Bem Especial 0% lactose,5603722505829,11277,10118,pack 4 x 200 ml,Mimosa,,"2,99€/L","2,39€",https://cdn.intermarche.pt/pt/Content/images/boitmal/produit/zoom/273382DABD831386C0BB65AE2C8E8009.jpg,,/product/leite-c-ou-chocolate-bem-especial-0%25-lactose/5603722505829
52934,Bebida Láctea Café,5603722522550,11695,11364,Embalagem de 3 x 200ml,Agros,,"3,98€/L","2,39€",https://cdn.intermarche.pt/pt/Content/images/boitmal/produit/zoom/0FB5A2C12029001B9FDF536CD6412712.jpg,,/product/bebida-lactea-cafe/5603722522550
21340,Leite com Cacau Original,8412700130468,11695,11364,Garrafa de 1 l,Cacaolat,,"2,69€/L","2,69€",https://cdn.intermarche.pt/pt/Content/images/boitmal/produit/zoom/BF2FBB809472348D6691B27FEE26FFA7.jpg,,/product/leite-com-cacau-original/8412700130468
2426,"Bebidas leite, caramelo machiatto",5760466997027,11282,10119,Embalagem de 220 ml,Starbucks,,"9,05€/L","1,99€",https://cdn.intermarche.pt/pt/Content/images/boitmal/produit/zoom/6766ABC3C3D5AB587D47C7873DA5EA96.jpg,,/product/bebidas-leite-caramelo-machiatto/5760466997027
41382,Espresso café arábica,5604260307326,11695,11364,250 ml,PorSi,,"4,36€/L","1,09€",https://cdn.intermarche.pt/pt/Content/images/boitmal/produit/zoom/6EE0FFB1B34007DC22AAB7FB0CC47F69.jpg,,/product/espresso-cafe-arabica/5604260307326
49716,"Frappuccino café starbucks, garrafa de 250 ml",5711953008221,11282,10119,,Starbucks,,"9,56€/L","2,39€",https://cdn.intermarche.pt/pt/Content/images/boitmal/produit/zoom/B07E0773C94F7FB56A8DFEA58E326BC7.jpg,,/product/frappuccino-cafe-starbucks-garrafa-de-250-ml/5711953008221
8781,Galão enriquecido com cálcio,5601226041317,11695,11364,Embalagem de 600 ml,Ucal,,"1,27€/L","0,76€",https://cdn.intermarche.pt/pt/Content/images/boitmal/produit/zoom/66D2539BF22C28A593742B2A541AF204.jpg,,/product/galao-enriquecido-com-calcio/5601226041317
14357,Leite com chocolate light,5601226041492,11695,11364,Embalagem de 6 x 250 ml,Ucal,,"3,99€/Kg","5,99€",https://cdn.intermarche.pt/pt/Content/images/boitmal/produit/zoom/44979C68D1EF8A22639B70C4681E1ED9.jpg,,/product/leite-com-chocolate-light/5601226041492
49405,"Leite com Cacau, 4 x 200 ml",8412700620600,11695,11364,,Cacaolat,,"4,31€/L","3,45€",https://cdn.intermarche.pt/pt/Content/images/boitmal/produit/zoom/3FE8C8D872A078ED2D001162D7398442.jpg,,/product/leite-com-cacau-4-x-200-ml/8412700620600
8707,Leite com Chocolate,5601192103200,11695,11364,Embalagem de 1 litro,Agros,,"1,99€/L","1,99€",https://cdn.intermarche.pt/pt/Content/images/boitmal/produit/zoom/D7AE3551DA81973E52565C5166319D0B.jpg,,/product/leite-com-chocolate/5601192103200
9839,Bebida doubleshot expresso,5760466997188,11282,10119,Embalagem de 200 ml,Starbucks,,"9,95€/L","1,99€",https://cdn.intermarche.pt/pt/Content/images/boitmal/produit/zoom/DAA133B7A06ECB5E3C256D2CFB48C170.jpg,,/product/bebida-doubleshot-expresso/5760466997188
17952,Leite com chocolate sem lactose,5601226041638,11277,10118,Embalagem de 6 x 250 ml,Ucal,,"3,99€/L","5,99€",https://cdn.intermarche.pt/pt/Content/images/boitmal/produit/zoom/AA98E7AC2A4A93FAB0CB705FD97A3C83.jpg,,/product/leite-com-chocolate-sem-lactose/5601226041638
45435,Double Espresso Go Chill,5609060098214,11695,11364,Embalagem de 230 ml,Delta,,"8,65€/L","1,99€",https://cdn.intermarche.pt/pt/Content/images/boitmal/produit/zoom/2DF28FECE85C68560E7D1A54A20E42A9.jpg,,/product/double-espresso-go-chill/5609060098214
9896,Bebida láctea crescimento c/ bolacha maria,7613033331916,11696,11364,Embalagem de 1 litro,Nestlé,,"2,14€/L","2,14€",https://cdn.intermarche.pt/pt/Content/images/boitmal/produit/zoom/0FDF7119A78A1611EB5107F7C7E26C03.jpg,2024-09-25T22:59:59.999Z,/product/bebida-lactea-crescimento-c-ou-bolacha-maria/7613033331916
12346,Bebida láctea crescimento 3 anos+,8410100012667,11696,11364,Embalagem de 1 litro,Nestlé,,"1,99€/L","1,99€",https://cdn.intermarche.pt/pt/Content/images/boitmal/produit/zoom/07D3A6BF9D7F8B6281B1B7254965DD78.jpg,2024-09-25T22:59:59.999Z,/product/bebida-lactea-crescimento-3-anos+/8410100012667
12347,"Bebida láctea crescimento 1-3 anos, cereais",8410100012674,11696,11364,Embalagem de 1 litro,Nestlé,,"2,14€/L","2,14€",https://cdn.intermarche.pt/pt/Content/images/boitmal/produit/zoom/4A82484CB3674F1A33FCD2F0D59DB2B0.jpg,2024-09-25T22:59:59.999Z,/product/bebida-lactea-crescimento-1-3-anos-cereais/8410100012674
8278,Bebida láctea crescimento 1 a 3 anos,5601001124808,11696,11364,Embalagem de 1 litro,Nestlé,,"1,99€/L","1,99€",https://cdn.intermarche.pt/pt/Content/images/boitmal/produit/zoom/6FEA60F5F3F944CC42C45404A5326FAF.jpg,2024-09-25T22:59:59.999Z,/product/bebida-lactea-crescimento-1-a-3-anos/5601001124808
9294,Leite Especial Crescimento 1-3 Anos,5603722494215,11696,11364,Garrafa de 1 l,Mimosa,,"1,49€/L","1,49€",https://cdn.intermarche.pt/pt/Content/images/boitmal/produit/zoom/E8EAAB44B3166FE020B43F64B725D8EB.jpg,,/product/leite-especial-crescimento-1-3-anos/5603722494215
15349,Leite infantil 3+ anos sem lactose,5603722514203,11277,10118,Garrafa de 1 l,Mimosa,,"1,59€/L","1,59€",https://cdn.intermarche.pt/pt/Content/images/boitmal/produit/zoom/C7B6F8D630563D44FE87DA62678E0A5F.jpg,,/product/leite-infantil-3+-anos-sem-lactose/5603722514203
9286,Leite especial crescimento +3 anos,5603722492068,11696,11364,Garrafa de 1 l,Mimosa,,"1,49€/L","1,49€",https://cdn.intermarche.pt/pt/Content/images/boitmal/produit/zoom/26A3BE41175D4F1900210BFF62BF081B.jpg,,/product/leite-especial-crescimento-+3-anos/5603722492068
53942,"Bebida de Leite Sem Lactose Livre, 1L",5603722523298,11691,11364,,Matinal,,"1,49€/L","1,49€",https://cdn.intermarche.pt/pt/Content/images/boitmal/produit/zoom/3F3F185EBF624903AC3031EAC11A6631.jpg,,/product/bebida-de-leite-sem-lactose-livre-1l/5603722523298
29612,Bebida de Arroz,5604260283545,11753,11364,1 l,PorSi Viva Bem,,"1,19€/L","1,19€",https://cdn.intermarche.pt/pt/Content/images/boitmal/produit/zoom/D05B6C7AC51E1F816646E0626C044660.jpg,,/product/bebida-de-arroz/5604260283545
37923,Bebida de Amêndoa,5604260300990,10915,10120,1 litro,PorSi Viva Bem,,"1,29€/L","1,29€",https://cdn.intermarche.pt/pt/Content/images/boitmal/produit/zoom/AE7254B0415A25D68EBAF0C345B394B0.jpg,,/product/bebida-de-amendoa/5604260300990
38417,Bebida Vegetal Aveia Sem Açúcar,5411188124689,10915,10120,Embalagem de 1 l,Alpro,,"2,59€/L","2,59€",https://cdn.intermarche.pt/pt/Content/images/boitmal/produit/zoom/4E2516ED123622B6963D422374872107.jpg,,/product/bebida-vegetal-aveia-sem-acucar/5411188124689
12066,Bebida de soja com cálcio,5604260194063,10711,10022,Embalagem de 1 litro,PorSi Viva Bem,,"0,83€/L","0,83€",https://cdn.intermarche.pt/pt/Content/images/boitmal/produit/zoom/2FD1D2C870104A87A3968C8068525FFA.jpg,,/product/bebida-de-soja-com-calcio/5604260194063
14437,Bebida Vegetal Amêndoa,5411188110835,10711,10022,Embalagem de 1 litro,Alpro,,"2,49€/L","2,49€",https://cdn.intermarche.pt/pt/Content/images/boitmal/produit/zoom/6B753F65EC27A078C0F05C1BE13557F2.jpg,,/product/bebida-vegetal-amendoa/5411188110835
29613,Bebida de Aveia,5604260283538,11753,11364,1 l,PorSi Viva Bem,,"0,99€/L","0,99€",https://cdn.intermarche.pt/pt/Content/images/boitmal/produit/zoom/29DDC221F51DBF506221E40BDE05C0CD.jpg,,/product/bebida-de-aveia/5604260283538
43752,Bebida Vegetal Aveia-Amêndoa,5411188124726,10915,10120,Embalagem de 1 litro,Alpro,,"2,49€/L","2,49€",https://cdn.intermarche.pt/pt/Content/images/boitmal/produit/zoom/41ED3A9A9EA0C04FB4F3A16FF6575B9C.jpg,,/product/bebida-vegetal-aveia-amendoa/5411188124726
50393,Alpro not milk clássica,5411188136613,11753,11364,Garrafa de 1 l,Alpro,,"2,59€/L","2,59€",https://cdn.intermarche.pt/pt/Content/images/boitmal/produit/zoom/7CE5F21FCA8DEED8ABE07C23B2B91786.jpg,,/product/alpro-not-milk-classica/5411188136613
8222,Bebida Vegetal de Soja com Cálcio,5411188553304,10711,10022,Embalagem de 1 l,Alpro,,"1,99€/L","1,99€",https://cdn.intermarche.pt/pt/Content/images/boitmal/produit/zoom/545BAB00502BFD84583926EFDBFE9F24.jpg,,/product/bebida-vegetal-de-soja-com-calcio/5411188553304
42846,Bebida arroz bio,5604260307982,11282,10119,Embalagem de 1 litro,PorSi Bio,,"1,39€/L","1,39€",https://cdn.intermarche.pt/pt/Content/images/boitmal/produit/zoom/4FACE36A38D999FCBC8D44A08432ACEE.jpg,,/product/bebida-arroz-bio/5604260307982
47782,Bebida avelã,5604260319985,10915,10120,1 litro,PorSi Viva Bem,,"1,29€/L","1,29€",https://cdn.intermarche.pt/pt/Content/images/boitmal/produit/zoom/76CE01BC3A4E1ECF3E8C66E4EBAA5F37.jpg,,/product/bebida-avela/5604260319985
14510,Bebida Vegetal Coco,5411188116592,10711,10022,Embalagem de 1L,Alpro,,"2,49€/L","2,49€",https://cdn.intermarche.pt/pt/Content/images/boitmal/produit/zoom/1987CA16F4DDFE322033D82C2A376E65.jpg,,/product/bebida-vegetal-coco/5411188116592
42847,Bio bebida aveia,5604260307999,11282,10119,embalagem de 1 litro,PorSi Bio,,"1,19€/L","1,19€",https://cdn.intermarche.pt/pt/Content/images/boitmal/produit/zoom/EE1011AC8234EBF394A7425459D8D02B.jpg,,/product/bio-bebida-aveia/5604260307999
48157,Bebida de soja s/ açúcar,5604260321261,10711,10022,Embalagem de 1 litro,PorSi Viva Bem,,"0,89€/L","0,89€",https://cdn.intermarche.pt/pt/Content/images/boitmal/produit/zoom/7C840C9AA80A8A587DE7E0362CD9F3E4.jpg,,/product/bebida-de-soja-s-ou-acucar/5604260321261
14508,Bebida de Soja Sem Açúcar,5411188115496,10711,10022,Embalagem de 1L,Alpro,,"2,58€/L","2,58€",https://cdn.intermarche.pt/pt/Content/images/boitmal/produit/zoom/59C7541613D2AEC2ECBE5B108019BE70.jpg,,/product/bebida-de-soja-sem-acucar/5411188115496
33090,Bebida Vegetal Amêndoa Sem Açúcar,5411188112709,10711,10022,Embalagem de 1 litro,Alpro,,"2,59€/L","2,59€",https://cdn.intermarche.pt/pt/Content/images/boitmal/produit/zoom/B38D6D806CDAB94AD756A0104DD1E4F1.jpg,,/product/bebida-vegetal-amendoa-sem-acucar/5411188112709
43119,Creme Soja Culinária,5411188121374,10711,10022,250 ml,Alpro,,"7,16€/L","1,79€",https://cdn.intermarche.pt/pt/Content/images/boitmal/produit/zoom/D15B7B38D91CC175C182EC3CD6256940.jpg,,/product/creme-soja-culinaria/5411188121374
17595,Bebida Vegetal Aveia,5411188115366,10711,10022,Embalagem de 1 litro,Alpro,,"2,49€/L","2,49€",https://cdn.intermarche.pt/pt/Content/images/boitmal/produit/zoom/022F75688FDF46C20D85292C59BA5F61.jpg,,/product/bebida-vegetal-aveia/5411188115366
52831,"Bebida Soja Alto Teor Proteína, 750 ml",5411188139386,11753,11364,,Alpro,,"2,65€/L","1,99€",https://cdn.intermarche.pt/pt/Content/images/boitmal/produit/zoom/A3AC0E87F36C2A77696E57308C8094AC.jpg,,/product/bebida-soja-alto-teor-proteina-750-ml/5411188139386
41265,Bebida Soja Chocolate Light,5411188122074,10711,10022,Embalagem de 3x250ml,Alpro,,"3,99€/L","2,99€",https://cdn.intermarche.pt/pt/Content/images/boitmal/produit/zoom/24A030ACCC569B6A2D4040A5E6B6BA79.jpg,,/product/bebida-soja-chocolate-light/5411188122074
16557,Bebida Vegetal Arroz,5411188117032,11753,11364,Embalagem de 1 l,Alpro,,"2,49€/L","2,49€",https://cdn.intermarche.pt/pt/Content/images/boitmal/produit/zoom/75DBCACFDEE2B7C9BB25D98AA857E138.jpg,,/product/bebida-vegetal-arroz/5411188117032
30728,Bebida de Soja Natural,5604260283460,10711,10022,Pack: 3 x 200 ml,PorSi Viva Bem,,"1,65€/L","0,99€",https://cdn.intermarche.pt/pt/Content/images/boitmal/produit/zoom/F78854067E640A149A978F97962EEB36.jpg,,/product/bebida-de-soja-natural/5604260283460
35850,Bebida de amêndoa - 0% açúcar,5600798960743,11753,11364,Embalagem de 1 litro,Shoyce,,"1,99€/L","1,99€",https://cdn.intermarche.pt/pt/Content/images/boitmal/produit/zoom/5013FFC843ED4864BBA03A98EB758892.jpg,,/product/bebida-de-amendoa-0%25-acucar/5600798960743
52765,"Bebida Láctea Proteica Chocolate, 330ml",5604260331154,11177,10010,,PorSi Viva Bem,,"4,21€/L","1,39€",https://cdn.intermarche.pt/pt/Content/images/boitmal/produit/zoom/DB11F3404CB27B8CCF1D657A510C1D96.jpg,,/product/bebida-lactea-proteica-chocolate-330ml/5604260331154
9680,Bebida soja light,5604260270071,10711,10022,Embalagem de 1 l,PorSi Viva Bem,,"0,85€/L","0,85€",https://cdn.intermarche.pt/pt/Content/images/boitmal/produit/zoom/CE6A380B97A52E78C8A3C79E7B37E40B.jpg,,/product/bebida-soja-light/5604260270071
28268,Bebida amêndoa,5600798960705,11753,11364,Embalagem de 1 litro,Shoyce,,"1,99€/L","1,99€",https://cdn.intermarche.pt/pt/Content/images/boitmal/produit/zoom/63FB85ABE62286CFC5D2220DA54EC498.jpg,,/product/bebida-amendoa/5600798960705
29717,Bebida de Soja Baunilha,5604260246328,10711,10022,1 l,PorSi Viva Bem,,"9,40€/L","0,94€",https://cdn.intermarche.pt/pt/Content/images/boitmal/produit/zoom/388ED56140A02064AC98B102184E584C.jpg,,/product/bebida-de-soja-baunilha/5604260246328
38100,Bebida Soja Chocolate,5411188121978,10711,10022,Embalagem de 3 x 250 ml,Alpro,,"3,72€/L","2,79€",https://cdn.intermarche.pt/pt/Content/images/boitmal/produit/zoom/531C9AE9DF8EE88CA3F9472E24421682.jpg,,/product/bebida-soja-chocolate/5411188121978
48662,Bebida de aveia barista,5600798961108,10915,10120,Embalagem de 1 litro,Shoyce,,"1,99€/L","1,99€",https://cdn.intermarche.pt/pt/Content/images/boitmal/produit/zoom/CA66BCED18FB09F732CBB0A79689D408.jpg,,/product/bebida-de-aveia-barista/5600798961108
14509,Bebida de soja baunilha,5411188115533,10711,10022,Embalagem de 1L,Alpro,,"2,49€/L","2,49€",https://cdn.intermarche.pt/pt/Content/images/boitmal/produit/zoom/CC3EB204FB7E42571369231C3EB15D86.jpg,,/product/bebida-de-soja-baunilha/5411188115533
22734,"Bebida de arroz, 1 litro",5600798960484,11753,11364,,Shoyce,,"1,79€/L","1,79€",https://cdn.intermarche.pt/pt/Content/images/boitmal/produit/zoom/4F75203E7D11FAAA35D3D023D9FE9B33.jpg,,/product/bebida-de-arroz-1-litro/5600798960484
23471,Bebida de coco,5600798960804,11753,11364,Embalagem de 1 litro,Shoyce,,"1,99€/L","1,99€",https://cdn.intermarche.pt/pt/Content/images/boitmal/produit/zoom/2ED0AC68411AB2FBFF4D7A42F3BAABA9.jpg,,/product/bebida-de-coco/5600798960804
40105,"Bebida de aveia bio, 1 l",8436019097168,11282,10119,,Frias bio,,"1,89€/L","1,89€",https://cdn.intermarche.pt/pt/Content/images/boitmal/produit/zoom/B3E50B223FDC40363A784705CBE29B6E.jpg,,/product/bebida-de-aveia-bio-1-l/8436019097168
40203,Bebida de Amêndoa,8436019097014,10915,10120,Embalagem de 1L,Frias,,"2,19€/L","2,19€",https://cdn.intermarche.pt/pt/Content/images/boitmal/produit/zoom/66BEC5137458055F8818DF5A22B46FCA.jpg,,/product/bebida-de-amendoa/8436019097014
40204,Bebida de Aveia,8436019097021,10915,10120,Embalagem de 1L,Frias,,"1,89€/L","1,89€",https://cdn.intermarche.pt/pt/Content/images/boitmal/produit/zoom/7FB387BD0D14FEC7BB52C0FA4BE2BA59.jpg,,/product/bebida-de-aveia/8436019097021
40205,Bebida de Arroz,8436019097038,10915,10120,Embalagem de 1L,Frias,,"1,89€/L","1,89€",https://cdn.intermarche.pt/pt/Content/images/boitmal/produit/zoom/FC3D1DB022047D8176E815976EF192AE.jpg,,/product/bebida-de-arroz/8436019097038
40208,Bebida de Soja com Cálcio,8436019099674,10915,10120,Embalagem de 1L,Frias,,"1,39€/L","1,39€",https://cdn.intermarche.pt/pt/Content/images/boitmal/produit/zoom/2DA0ACE999B08B50434CBD59387B076B.jpg,,/product/bebida-de-soja-com-calcio/8436019099674
40209,Bebida de Soja Natural,8436019099681,10915,10120,Embalagem de 1L,Frias,,"1,29€/L","1,29€",https://cdn.intermarche.pt/pt/Content/images/boitmal/produit/zoom/4B5D11BA3D579EBB46579B8BDE308A00.jpg,,/product/bebida-de-soja-natural/8436019099681
50392,Alpro not milk light,5411188136552,11753,11364,Garrafa de 1 l,Alpro,,"2,59€/L","2,59€",https://cdn.intermarche.pt/pt/Content/images/boitmal/produit/zoom/E78C97386006D71EB10E1A7A7AC43ECB.jpg,,/product/alpro-not-milk-light/5411188136552
49542,Bebida de amêndoa s/ açúcar,5604260323906,10711,10022,Embalagem de 1 litro,PorSi Viva Bem,,"1,39€/L","1,39€",https://cdn.intermarche.pt/pt/Content/images/boitmal/produit/zoom/C168C477F332E00B239870302BB66F25.jpg,,/product/bebida-de-amendoa-s-ou-acucar/5604260323906
29280,Ovos de Galinha ao Ar Livre Classe M/L,5601897500014,11698,11367,6 unidades,Matinados,,"1,79€/Unidade","1,79€",https://cdn.intermarche.pt/pt/Content/images/boitmal/produit/zoom/3048326652357C5FCFB75D3FB01965D7.jpg,,/product/ovos-de-galinha-ao-ar-livre-classe-m-ou-l/5601897500014
46955,Ovos | Classe: L,5600748341554,11698,11367,24 unidades,Ovitae,,"4,89€/Unidade","4,89€",https://cdn.intermarche.pt/pt/Content/images/boitmal/produit/zoom/F9919A79C48E88330AFAA63AFF2BCCC5.jpg,,/product/ovos-|-classe:-l/5600748341554
42574,12 ovos codorniz,5604260306473,11698,11367,Embalagem de 1 unidades,PorSi,,"1,29€/Unidade","1,29€",https://cdn.intermarche.pt/pt/Content/images/boitmal/produit/zoom/9959CAACA76E6DC01DC64467B9C02E6A.jpg,,/product/12-ovos-codorniz/5604260306473
46922,Ovos de Galinha ao Ar Livre Classe M/L,5601897500021,11698,11367,12 unidades,Matinados,,"3,58€/Unidade","3,58€",https://cdn.intermarche.pt/pt/Content/images/boitmal/produit/zoom/D418E60C080058753E8CC98EB5E81765.jpg,,/product/ovos-de-galinha-ao-ar-livre-classe-m-ou-l/5601897500021
29421,Clara de Ovo Liquida Pasteurizada,5604550130146,11698,11367,Embalagem de 1kg,Dovo,,"3,19€/Kg","3,19€",https://cdn.intermarche.pt/pt/Content/images/boitmal/produit/zoom/4C48DA4E457EF5EFD5DD46A9C10CB819.jpg,,/product/clara-de-ovo-liquida-pasteurizada/5604550130146
29419,Clara Liquida Pasteurizada,5604550001033,11698,11367,Embalagem de 320 ml,Dovo,,"3,59€/L","1,15€",https://cdn.intermarche.pt/pt/Content/images/boitmal/produit/zoom/0525F096DF9F2E84286F47C907A77D6B.jpg,,/product/clara-liquida-pasteurizada/5604550001033
51884,"Ovos Classe M/L Biológicos, 6 unidades",5601897600219,11282,10119,,Matinados,,"2,99€/Unidade","2,99€",https://cdn.intermarche.pt/pt/Content/images/boitmal/produit/zoom/70CCF73ECFB31B0B4C8F8B66E111D60B.jpg,,/product/ovos-classe-m-ou-l-biologicos-6-unidades/5601897600219
7324,Manteiga magra meio sal,3228020390131,11706,11363,Embalagem de 250g,Président,,"9,48€/Kg","2,37€",https://cdn.intermarche.pt/pt/Content/images/boitmal/produit/zoom/E0572D04FA5CEC1AC6556A139AF011D2.jpg,2024-09-25T22:59:59.999Z,/product/manteiga-magra-meio-sal/3228020390131
10900,Manteiga fácil de barrar,3228021920191,11706,11363,Embalagem de 250g,Président,,"13,96€/Kg","3,49€",https://cdn.intermarche.pt/pt/Content/images/boitmal/produit/zoom/4D96FDED3FC03AA427EBA14DEAEC2804.jpg,2024-09-25T22:59:59.999Z,/product/manteiga-facil-de-barrar/3228021920191
10901,Manteiga magra baixo teor sal,3228022000298,11706,11363,Embalagem de 250g,Président,,"9,48€/Kg","2,37€",https://cdn.intermarche.pt/pt/Content/images/boitmal/produit/zoom/39754817E202726209A4761F94FED7A7.jpg,2024-09-25T22:59:59.999Z,/product/manteiga-magra-baixo-teor-sal/3228022000298
10899,Manteiga la motte sal do mar,3228021000084,11706,11363,Embalagem de 250 g,Président,,"14,68€/Kg","3,67€",https://cdn.intermarche.pt/pt/Content/images/boitmal/produit/zoom/153C6DDCD2E6CEC05A8A1B3D2D6E4471.jpg,2024-09-25T22:59:59.999Z,/product/manteiga-la-motte-sal-do-mar/3228021000084
51948,"Planteiga sem Sal Vegan, 200g",8719200253056,11282,10119,,Planta,,"7,45€/Kg","1,49€",https://cdn.intermarche.pt/pt/Content/images/boitmal/produit/zoom/6B07C8375772AE175A841170A028D654.jpg,2024-10-04T22:59:59.999Z,/product/planteiga-sem-sal-vegan-200g/8719200253056
11523,"Manteiga com sal, 250g",5601051410029,11706,11363,,Primor,,"8,76€/Kg","2,19€",https://cdn.intermarche.pt/pt/Content/images/boitmal/produit/zoom/5E7E0622B0F1F3C827A5445EBDA354EF.jpg,,/product/manteiga-com-sal-250g/5601051410029
9292,Manteiga Magra,5603722493812,11706,11363,Embalagem de 250g,Matinal,,"9,92€/Kg","2,48€",https://cdn.intermarche.pt/pt/Content/images/boitmal/produit/zoom/B0EFE8F0BAC9D546B0137E2AAE6CB19F.jpg,,/product/manteiga-magra/5603722493812
12127,Manteiga magra,5604260269648,11706,11363,Embalagem de 250g,PorSi,,"7,56€/Kg","1,89€",https://cdn.intermarche.pt/pt/Content/images/boitmal/produit/zoom/23D1EEF2A9C34C9A24A10D68E68F9A35.jpg,,/product/manteiga-magra/5604260269648
47102,Manteiga com sal e sem lactose,5603722520198,11706,11363,Embalagem de 250g,Mimosa,,"10,36€/Kg","2,59€",https://cdn.intermarche.pt/pt/Content/images/boitmal/produit/zoom/B591AEA7549E84BED541D0651A14575A.jpg,,/product/manteiga-com-sal-e-sem-lactose/5603722520198
9293,Manteiga pasteurizada com sal cuvet,5603722493942,11706,11363,Embalagem de 250g,Primor,,"9,16€/Kg","2,29€",https://cdn.intermarche.pt/pt/Content/images/boitmal/produit/zoom/5B98CBCDF9DE77B1D84C2C6375C3439D.jpg,,/product/manteiga-pasteurizada-com-sal-cuvet/5603722493942
11967,Manteiga c/ sal,5601049612336,11706,11363,Embalagem de 250g,Mimosa,,"8,76€/Kg","2,19€",https://cdn.intermarche.pt/pt/Content/images/boitmal/produit/zoom/C41D77380AC10A8E184B8D4C3C381772.jpg,,/product/manteiga-c-ou-sal/5601049612336
9311,Manteiga fácil de barrar,5603722502064,11706,11363,Embalagem de 250g,Mimosa,,"9,40€/Kg","2,35€",https://cdn.intermarche.pt/pt/Content/images/boitmal/produit/zoom/4BF7FA2397A9EAF9E6403C8BF847293A.jpg,,/product/manteiga-facil-de-barrar/5603722502064
9631,Manteiga com sal açores,5604260265466,11706,11363,Embalagem de 250 g,PorSi,,"7,92€/Kg","1,98€",https://cdn.intermarche.pt/pt/Content/images/boitmal/produit/zoom/1F50B593F150B48E6711F7722EAC4ED2.jpg,,/product/manteiga-com-sal-acores/5604260265466
11963,Manteiga sem sal,5603722505775,11706,11363,Embalagem de 250g,Mimosa,,"8,96€/Kg","2,24€",https://cdn.intermarche.pt/pt/Content/images/boitmal/produit/zoom/328B59C6E2944F7ED81679344E5E6191.jpg,,/product/manteiga-sem-sal/5603722505775
37603,Manteiga sem sal terra nostra,5601244700005,11706,11363,Embalagem de 250g,Terra Nostra,,"9,16€/Kg","2,29€",https://cdn.intermarche.pt/pt/Content/images/boitmal/produit/zoom/A2ED522CEDE2615912420B519808E371.jpg,,/product/manteiga-sem-sal-terra-nostra/5601244700005
42145,Manteiga com sal,5604260304639,11706,11363,Embalagem de 250 g,PorSi,,"7,92€/Kg","1,98€",https://cdn.intermarche.pt/pt/Content/images/boitmal/produit/zoom/A482BEE05418D098101D118228278528.jpg,,/product/manteiga-com-sal/5604260304639
52935,"Manteiga Magra Sem Lactose, 200g",5603722522628,11282,10119,,Matinal,,"10,95€/Kg","2,19€",https://cdn.intermarche.pt/pt/Content/images/boitmal/produit/zoom/2A7DC81F20D438007A5500C63648E75B.jpg,,/product/manteiga-magra-sem-lactose-200g/5603722522628
8396,Manteiga com sal,5601049614330,11706,11363,Embalagem de 250g,Milhafre,,"9,16€/Kg","2,29€",https://cdn.intermarche.pt/pt/Content/images/boitmal/produit/zoom/8DCB9F2F3B36086D35B7173891ABA268.jpg,,/product/manteiga-com-sal/5601049614330
9061,Manteiga com Sal,5601771028054,11706,11363,Embalagem de 250g,Loreto,,"9,16€/Kg","2,29€",https://cdn.intermarche.pt/pt/Content/images/boitmal/produit/zoom/0058301832132528BD4F576ED6C13FE4.jpg,,/product/manteiga-com-sal/5601771028054
11524,Manteiga sem sal,5601051420028,11706,11363,Embalagem de 250g,Primor,,"8,76€/Kg","2,19€",https://cdn.intermarche.pt/pt/Content/images/boitmal/produit/zoom/B2FFA6A89B700950590104B0F7BA500E.jpg,,/product/manteiga-sem-sal/5601051420028
11463,Manteiga com Sal,5601018001642,11706,11363,Embalagem de 250g,Gresso,,"8,36€/Kg","2,09€",https://cdn.intermarche.pt/pt/Content/images/boitmal/produit/zoom/CE6327DA4716D17A10AB93CC3D5ACD31.jpg,,/product/manteiga-com-sal/5601018001642
11501,Manteiga com sal,5601049612084,11706,11363,Embalagem de 130g,Mimosa,,"11,00€/Kg","1,43€",https://cdn.intermarche.pt/pt/Content/images/boitmal/produit/zoom/DC7A16E0542B828D039563A6AD9E73FE.jpg,,/product/manteiga-com-sal/5601049612084
9078,Manteiga com sal,5601883000351,11706,11363,Embalagem de 250g,Nova Açores,,"7,16€/Kg","1,79€",https://cdn.intermarche.pt/pt/Content/images/boitmal/produit/zoom/B374003B4D850F2B18FB43590E1FCCC4.jpg,,/product/manteiga-com-sal/5601883000351
11960,Manteiga magra,5603722505300,11706,11363,Embalagem de 250g,Mimosa,,"8,96€/Kg","2,24€",https://cdn.intermarche.pt/pt/Content/images/boitmal/produit/zoom/4BED7878F3F6B8054337A806342B0A37.jpg,,/product/manteiga-magra/5603722505300
19927,Manteiga c/ sal gourmet,5601883000405,11706,11363,Embalagem de 250g,Nova Açores,,"10,36€/Kg","2,59€",https://cdn.intermarche.pt/pt/Content/images/boitmal/produit/zoom/65056049540390D09FDE870040E3173A.jpg,,/product/manteiga-c-ou-sal-gourmet/5601883000405
9308,Manteiga com sal marinho,5603722501449,11706,11363,Embalagem de 130g,Primor,,"15,23€/Kg","1,98€",https://cdn.intermarche.pt/pt/Content/images/boitmal/produit/zoom/3C293E46CDEBC2751EF88E5A5F91F701.jpg,,/product/manteiga-com-sal-marinho/5603722501449
28063,Manteiga s/ lactose,5603722516726,11282,10119,Embalagem de 130g,Primor,,"15,23€/Kg","1,98€",https://cdn.intermarche.pt/pt/Content/images/boitmal/produit/zoom/34F1B20CE191519273B27FBF452F5B33.jpg,,/product/manteiga-s-ou-lactose/5603722516726
14708,Manteiga c/sal,5601244202332,11706,11363,Embalagem de 250g,Terra Nostra,,"7,96€/Kg","1,99€",https://cdn.intermarche.pt/pt/Content/images/boitmal/produit/zoom/F856625366E0E50DFC4757127A46E849.jpg,,/product/manteiga-c-ou-sal/5601244202332
33981,Manteiga de Cabra,8003046000166,11706,11363,Embalagem de 125g,Girau,,"15,92€/Kg","1,99€",https://cdn.intermarche.pt/pt/Content/images/boitmal/produit/zoom/2444EE88F5D38359F2230438789E6437.jpg,,/product/manteiga-de-cabra/8003046000166
52882,"Creme Vegetal de Barrar com Sabor a Manteiga, 1 kg",8719200267923,11707,11363,,Planta,,"4,99€/Kg","4,99€",https://cdn.intermarche.pt/pt/Content/images/boitmal/produit/zoom/CA359583CDC4B85860A9620A14431005.jpg,2024-09-25T22:59:59.999Z,/product/creme-vegetal-de-barrar-com-sabor-a-manteiga-1-kg/8719200267923
51896,"Creme Vegetal para Barrar Original, 400g",8719200253377,11707,11363,,Planta,,"6,23€/Kg","2,49€",https://cdn.intermarche.pt/pt/Content/images/boitmal/produit/zoom/7E3E893F11A83F74C9C78D45FF4B6FD0.jpg,2024-09-25T22:59:59.999Z,/product/creme-vegetal-para-barrar-original-400g/8719200253377
51895,"Creme Vegetal para Barrar Original, 225g",8719200253407,11707,11363,,Planta,,"7,56€/Kg","1,70€",https://cdn.intermarche.pt/pt/Content/images/boitmal/produit/zoom/34875B4CFAEFB89404E5C1F04E47EB55.jpg,2024-09-25T22:59:59.999Z,/product/creme-vegetal-para-barrar-original-225g/8719200253407
52883,"Creme Vegetal para Barrar Original, 1 kg",8719200267824,11707,11363,,Planta,,"4,79€/Kg","4,79€",https://cdn.intermarche.pt/pt/Content/images/boitmal/produit/zoom/CBB4812E883E0A943660F7C5BD667E18.jpg,2024-09-25T22:59:59.999Z,/product/creme-vegetal-para-barrar-original-1-kg/8719200267824
52636,"Creme Vegetal para Barrar, 400g",8719200269026,11707,11363,,Planta,,"6,98€/Kg","2,79€",https://cdn.intermarche.pt/pt/Content/images/boitmal/produit/zoom/F2CFBA4FEEFEB61DCCAE1BF3D707E3AF.jpg,2024-09-25T22:59:59.999Z,/product/creme-vegetal-para-barrar-400g/8719200269026
53112,"Creme Vegetal para Barrar Magro Sabor a Manteiga, 225g",8719200261396,11282,10119,,Planta,,"7,96€/Kg","1,79€",https://cdn.intermarche.pt/pt/Content/images/boitmal/produit/zoom/8A26170B245BCD16D7302351FE82D3EB.jpg,2024-09-25T22:59:59.999Z,/product/creme-vegetal-para-barrar-magro-sabor-a-manteiga-225g/8719200261396
16419,Creme vegetal para culinária,5604260127535,11707,11363,Embalagem de 1 kg,PorSi,,"2,49€/Kg","2,49€",https://cdn.intermarche.pt/pt/Content/images/boitmal/produit/zoom/EFC5230486AA9D2C9C956D01F8E963C1.jpg,,/product/creme-vegetal-para-culinaria/5604260127535
50020,Creme Vegetal para Barrar,8719200231832,11282,10119,Embalagem de 225g,Pro-activ,,"17,73€/Kg","3,99€",https://cdn.intermarche.pt/pt/Content/images/boitmal/produit/zoom/E48C02A75483F77620852FF97B5C7EEB.jpg,,/product/creme-vegetal-para-barrar/8719200231832
52880,"Creme Vegetal de Barrar com Sabor a Manteiga, 450g",8719200267794,11707,11363,,Becel,,"11,09€/Kg","4,99€",https://cdn.intermarche.pt/pt/Content/images/boitmal/produit/zoom/287D301C66C180312FAA8A3BAE7EA710.jpg,,/product/creme-vegetal-de-barrar-com-sabor-a-manteiga-450g/8719200267794
16420,Creme vegetal para culinária,5604260248070,11707,11363,Embalagem de 250g,PorSi,,"3,16€/Kg","0,79€",https://cdn.intermarche.pt/pt/Content/images/boitmal/produit/zoom/A51DBC41FEB55C6E0E677706BC601410.jpg,,/product/creme-vegetal-para-culinaria/5604260248070
33442,Creme vegetal sabor manteiga,5604260286379,11707,11363,Embalagem de 500 g,PorSi,,"3,38€/Kg","1,69€",https://cdn.intermarche.pt/pt/Content/images/boitmal/produit/zoom/A0EB99C092AAF84CA1B83690B2A15EBD.jpg,,/product/creme-vegetal-sabor-manteiga/5604260286379
34008,Creme vegetal para barrar,5604260286362,11707,11363,Embalagem de 500 g,PorSi,,"2,70€/Kg","1,35€",https://cdn.intermarche.pt/pt/Content/images/boitmal/produit/zoom/4597D5AB133DF73AAA3CCB079C956CB8.jpg,,/product/creme-vegetal-para-barrar/5604260286362
43626,Creme vegetal líquido cozinha,5604260302765,11707,11363,Garrafa de 500 ml,PorSi,,"3,38€/L","1,69€",https://cdn.intermarche.pt/pt/Content/images/boitmal/produit/zoom/BBE1C9EB8920840554505163DB998C43.jpg,,/product/creme-vegetal-liquido-cozinha/5604260302765
49964,Creme de Barrar,8719200238176,11707,11363,Embalagem de 225g,Becel,,"13,29€/Kg","2,99€",https://cdn.intermarche.pt/pt/Content/images/boitmal/produit/zoom/382BF7BFAA9AE155413812F2C51A439C.jpg,,/product/creme-de-barrar/8719200238176
52879,"Creme Vegetal para Barrar, 450g",8719200256408,11707,11363,,Astra,,"3,76€/Kg","1,69€",https://cdn.intermarche.pt/pt/Content/images/boitmal/produit/zoom/AF496D387BC9A1814D7E46819C091CD1.jpg,,/product/creme-vegetal-para-barrar-450g/8719200256408
50019,Creme Vegetal para Barrar,8719200231740,11282,10119,Embalagem de 450g,Pro-activ,,"15,53€/Kg","6,99€",https://cdn.intermarche.pt/pt/Content/images/boitmal/produit/zoom/90C9C700340C8347F870851C9F7882DE.jpg,,/product/creme-vegetal-para-barrar/8719200231740
50021,Creme Vegetal para Barrar,8719200231801,11282,10119,Embalagem de 450g,Pro-activ,,"15,53€/Kg","6,99€",https://cdn.intermarche.pt/pt/Content/images/boitmal/produit/zoom/5CA17D83A4B1158ED2380D3A9135F55E.jpg,,/product/creme-vegetal-para-barrar/8719200231801
52881,"Creme Vegetal para Barrar Original, 450g",8719200267190,11707,11363,,Becel,,"13,09€/Kg","5,89€",https://cdn.intermarche.pt/pt/Content/images/boitmal/produit/zoom/D67292663C5C1617E51BCDF904BF56A4.jpg,,/product/creme-vegetal-para-barrar-original-450g/8719200267190
50018,Creme Vegetal para Barrar,8719200230989,11282,10119,Embalagem de 225g,Pro-activ,,"17,73€/Kg","3,99€",https://cdn.intermarche.pt/pt/Content/images/boitmal/produit/zoom/E746CC522FE7D3D32F90D213B8EC16BB.jpg,,/product/creme-vegetal-para-barrar/8719200230989
46651,Creme vegetal p/ barrar reduz colesterol,5604260307791,11282,10119,250 g,PorSi Viva Bem,,"7,96€/Kg","1,99€",https://cdn.intermarche.pt/pt/Content/images/boitmal/produit/zoom/47C7E4C446A032EBC415A33185B60E11.jpg,,/product/creme-vegetal-p-ou-barrar-reduz-colesterol/5604260307791
36935,Creme para barrar,0000080176800,10317,10051,Embalagem de 750 g,Nutella,,"9,72€/Kg","7,29€",https://cdn.intermarche.pt/pt/Content/images/boitmal/produit/zoom/506FB916EAF70D273B9F4E00A3A5FC6E.jpg,,/product/creme-para-barrar/0000080176800
11959,Nata para culinária ligeira,5603722504945,11703,11365,Embalagem de 200 ml,Mimosa,,"4,20€/L","0,84€",https://cdn.intermarche.pt/pt/Content/images/boitmal/produit/zoom/A0377F70E8B13E785737B9E790570BDE.jpg,2024-09-25T22:59:59.999Z,/product/nata-para-culinaria-ligeira/5603722504945
52887,"Natas para Massas, 200 ml",5603722523137,11703,11365,,Mimosa,,"4,95€/L","0,99€",https://cdn.intermarche.pt/pt/Content/images/boitmal/produit/zoom/F3EDAE46E372CBB78EE7DEA3A9DB3BD9.jpg,2024-09-25T22:59:59.999Z,/product/natas-para-massas-200-ml/5603722523137
50624,"Nata Culinária Sem Lactose, 200 ml",5603722520969,11703,11365,,Mimosa,,"4,95€/L","0,99€",https://cdn.intermarche.pt/pt/Content/images/boitmal/produit/zoom/050D19427AA010B013CA63696314E26F.jpg,2024-09-25T22:59:59.999Z,/product/nata-culinaria-sem-lactose-200-ml/5603722520969
52804,"Creme Vegetal Leite Coco, 200 ml",5603722523014,11282,10119,,Mimosa,,"6,45€/L","1,29€",https://cdn.intermarche.pt/pt/Content/images/boitmal/produit/zoom/015C744C98820B7831E32EFBFFA827A7.jpg,2024-09-25T22:59:59.999Z,/product/creme-vegetal-leite-coco-200-ml/5603722523014
52886,"Natas para Carne, 200 ml",5603722523113,11703,11365,,Mimosa,,"4,95€/L","0,99€",https://cdn.intermarche.pt/pt/Content/images/boitmal/produit/zoom/974E5E2703AF4694FB78F37DC9D40DC9.jpg,2024-09-25T22:59:59.999Z,/product/natas-para-carne-200-ml/5603722523113
36253,Nata uht light para culinária,5604260290246,11703,11365,embalagem de 200 ml,PorSi,,"3,45€/L","0,69€",https://cdn.intermarche.pt/pt/Content/images/boitmal/produit/zoom/F3B32AAC888E1AF85690FE13660B77A8.jpg,,/product/nata-uht-light-para-culinaria/5604260290246
12046,Molho bechamel,5604260104116,11703,11365,Embalagem de 500 ml,PorSi,,"3,18€/L","1,59€",https://cdn.intermarche.pt/pt/Content/images/boitmal/produit/zoom/59302A2DF178F420468EA484A424548F.jpg,,/product/molho-bechamel/5604260104116
11922,Molho bechamel,5603089001125,11703,11365,Embalagem de 200 ml,Parmalat,,"5,95€/L","1,19€",https://cdn.intermarche.pt/pt/Content/images/boitmal/produit/zoom/9C3458C8BB2A370E8731689890BBDCF8.jpg,,/product/molho-bechamel/5603089001125
9250,Nata uht para bater,5603089002214,11703,11365,Embalagem de 200 ml,Parmalat,,"5,70€/L","1,14€",https://cdn.intermarche.pt/pt/Content/images/boitmal/produit/zoom/564E6DE7CBEC64036F1973402627DACC.jpg,,/product/nata-uht-para-bater/5603089002214
11923,Natas uht com cogumelos,5603089001354,11703,11365,Embalagem de 200 ml,Parmalat,,"6,45€/L","1,29€",https://cdn.intermarche.pt/pt/Content/images/boitmal/produit/zoom/F673DA54DF0FB2354A320B1D6D903A2F.jpg,,/product/natas-uht-com-cogumelos/5603089001354
11925,Nata uht para culinária,5603089002221,11703,11365,Embalagem de 200 ml,Parmalat,,"5,60€/L","1,12€",https://cdn.intermarche.pt/pt/Content/images/boitmal/produit/zoom/39B2978C231528EFFB97F8BADC2C7332.jpg,,/product/nata-uht-para-culinaria/5603089002221
11930,Nata uht carbonara,5603089003679,11703,11365,Embalagem de 200 ml,Parmalat,,"6,45€/L","1,29€",https://cdn.intermarche.pt/pt/Content/images/boitmal/produit/zoom/7103608D2E44D48C929116E950C3FF6B.jpg,,/product/nata-uht-carbonara/5603089003679
11929,Natas uht 3 queijos,5603089003518,11703,11365,Embalagem de 200 ml,Parmalat,,"6,45€/L","1,29€",https://cdn.intermarche.pt/pt/Content/images/boitmal/produit/zoom/6F8185F292BC05B9C919EB0A61212A41.jpg,,/product/natas-uht-3-queijos/5603089003518
22428,Creme culinário de soja,5600798960286,11282,10119,Garrafa de 200 ml,Shoyce,,"5,95€/L","1,19€",https://cdn.intermarche.pt/pt/Content/images/boitmal/produit/zoom/34C0562B5361D465B3611C358589D5AC.jpg,,/product/creme-culinario-de-soja/5600798960286
9247,Molho bechamel,5603089000661,11703,11365,Embalagem de 500 ml,Parmalat,,"4,38€/L","2,19€",https://cdn.intermarche.pt/pt/Content/images/boitmal/produit/zoom/D25E86383C37049DAB440553127AE074.jpg,,/product/molho-bechamel/5603089000661
30709,Bechamel sem glúten,5603089007738,11282,10119,500 ml,Parmalat,,"5,18€/L","2,59€",https://cdn.intermarche.pt/pt/Content/images/boitmal/produit/zoom/A45D4AD7BDD866FA75167D46D503ED8D.jpg,,/product/bechamel-sem-gluten/5603089007738
9252,Nata com ervas aromáticas,5603089006199,11703,11365,Embalagem de 200 ml,Parmalat,,"6,45€/L","1,29€",https://cdn.intermarche.pt/pt/Content/images/boitmal/produit/zoom/1B8911025812A9BB9E6C9A1B12F65203.jpg,,/product/nata-com-ervas-aromaticas/5603089006199
26580,Creme culinário soja light,5600798960163,11282,10119,Garrafa de 200 ml,Shoyce,,"6,45€/L","1,29€",https://cdn.intermarche.pt/pt/Content/images/boitmal/produit/zoom/CC263813DE6A8BEF285425FD77A9AB4E.jpg,,/product/creme-culinario-soja-light/5600798960163
36945,Margarina líquida,8719200009899,11704,11365,Embalagem de 500 ml,Vaqueiro,,"5,98€/L","2,99€",https://cdn.intermarche.pt/pt/Content/images/boitmal/produit/zoom/18B276D9701F28BD99E88251DF4CDB08.jpg,,/product/margarina-liquida/8719200009899
5774,Banha de Porco,5604260025299,11704,11365,Embalagem de 940 g,PorSi,,"4,78€/Kg","4,49€",https://cdn.intermarche.pt/pt/Content/images/boitmal/produit/zoom/ACA951D8A806DF1DCF0082F65FBBC5DC.jpg,,/product/banha-de-porco/5604260025299
5773,Banha de Porco,5604260025282,11704,11365,Embalagem de 230 g,PorSi,,"3,87€/Kg","0,89€",https://cdn.intermarche.pt/pt/Content/images/boitmal/produit/zoom/680F093F07B7C209C0DDEB03991A63B0.jpg,,/product/banha-de-porco/5604260025282
11496,Nata uht,5601049213991,11705,11365,embalagem de 200 ml,Mimosa,,"4,20€/L","0,84€",https://cdn.intermarche.pt/pt/Content/images/boitmal/produit/zoom/887C5343F4688DBB2FEDBF4E6D25399A.jpg,2024-09-25T22:59:59.999Z,/product/nata-uht/5601049213991
44264,"Nata cremosa sem lactose, 200 ml",5603722517136,11705,11365,,Mimosa,,"4,95€/L","0,99€",https://cdn.intermarche.pt/pt/Content/images/boitmal/produit/zoom/505AB5A758F0033F2C092C6776B8A3D2.jpg,2024-09-25T22:59:59.999Z,/product/nata-cremosa-sem-lactose-200-ml/5603722517136
11950,Nata uht light,5603722495106,11705,11365,Embalagem de 200 ml,Mimosa,,"4,20€/L","0,84€",https://cdn.intermarche.pt/pt/Content/images/boitmal/produit/zoom/6E7D8A653C78B6ADF8DDAFC11006499D.jpg,2024-09-25T22:59:59.999Z,/product/nata-uht-light/5603722495106
11958,"Nata pasteurizada, 200 ml",5603722504938,11705,11365,,Mimosa,,"8,45€/L","1,69€",https://cdn.intermarche.pt/pt/Content/images/boitmal/produit/zoom/9136B30EBD1981F469CF453A7AEC79C1.jpg,2024-09-25T22:59:59.999Z,/product/nata-pasteurizada-200-ml/5603722504938
37421,Nata uht,5604260290222,11705,11365,Embalagem de 200 ml,PorSi,,"3,75€/L","0,75€",https://cdn.intermarche.pt/pt/Content/images/boitmal/produit/zoom/75F693E32D3C766771F43551BCC047C1.jpg,,/product/nata-uht/5604260290222
11466,Nata Uht para Bater,5601018004605,11705,11365,Embalagem de 200 ml,Gresso,,"4,20€/L","0,84€",https://cdn.intermarche.pt/pt/Content/images/boitmal/produit/zoom/F0BDEBD8FC14852BBFA2B30DDCAEC8DB.jpg,,/product/nata-uht-para-bater/5601018004605
11650,Nata Uht,5601192201104,11705,11365,Garrafa de 200 ml,Agros,,"4,95€/L","0,99€",https://cdn.intermarche.pt/pt/Content/images/boitmal/produit/zoom/4B340CBB8695D3B73B1AFCD0D35CD883.jpg,,/product/nata-uht/5601192201104
12379,Chantilly,8410285015354,11705,11365,Embalagem de 250 g,Président,,"3,56€/Kg","0,89€",https://cdn.intermarche.pt/pt/Content/images/boitmal/produit/zoom/B654208BFA286B469467D921BFF560D4.jpg,,/product/chantilly/8410285015354
42179,Nata pasteurizada,5604260307777,11705,11365,Embalagem de 450 ml,PorSi,,"6,20€/L","2,79€",https://cdn.intermarche.pt/pt/Content/images/boitmal/produit/zoom/6E34B08A0109E785FC983F0CB93196A9.jpg,,/product/nata-pasteurizada/5604260307777
15327,Nata uht ligeira,3250392098568,11705,11365,Embalagem de 2X250ML,Páturages,,"5,58€/L","2,79€",https://cdn.intermarche.pt/pt/Content/images/boitmal/produit/zoom/F7BF10BEE2DC97D7940E84FDF69AF97D.jpg,,/product/nata-uht-ligeira/3250392098568
21339,Nata uht 0% lactose,5603089007134,11282,10119,Embalagem de 200 ml,Parmalat,,"6,95€/L","1,39€",https://cdn.intermarche.pt/pt/Content/images/boitmal/produit/zoom/5C987CE9D5560AC8B2365E7C27451819.jpg,,/product/nata-uht-0%25-lactose/5603089007134
42839,Nata pasteurizada leve,5604260307784,11705,11365,Embalagem de 450 ml,PorSi,,"4,20€/L","1,89€",https://cdn.intermarche.pt/pt/Content/images/boitmal/produit/zoom/0D81CC51DCB5F6ED660D46CBD75D32B0.jpg,,/product/nata-pasteurizada-leve/5604260307784
7409,Chantilly 18% mg,3250390504535,11705,11365,Embalagem de 250g,Páturages,,"6,76€/Kg","1,69€",https://cdn.intermarche.pt/pt/Content/images/boitmal/produit/zoom/0EDD81F8B87FE74609B7B722EED5BB1F.jpg,,/product/chantilly-18%25-mg/3250390504535
8378,Natas pasteurizadas para bater,8435257046631,11705,11365,Embalagem de 200 ml,Nestlé,,"11,45€/L","2,29€",https://cdn.intermarche.pt/pt/Content/images/boitmal/produit/zoom/8A451B2726DC1FCA2EB42575C8D9DD9C.jpg,,/product/natas-pasteurizadas-para-bater/8435257046631
10916,"Chantilly, spray",3250390012313,11705,11365,Embalagem de 250g,Páturages,,"6,76€/Kg","1,69€",https://cdn.intermarche.pt/pt/Content/images/boitmal/produit/zoom/FA8D1C914EC9F000CDBD1607E865A3EF.jpg,,/product/chantilly-spray/3250390012313
28646,Nata uht p/ bater 0% lactose,5603089007424,11282,10119,Embalagem de 200 ml,Parmalat,,"6,45€/L","1,29€",https://cdn.intermarche.pt/pt/Content/images/boitmal/produit/zoom/75B763EC3A4C9118C66217B925A7A9C2.jpg,,/product/nata-uht-p-ou-bater-0%25-lactose/5603089007424
52875,"Chantilly Baunilha Spray, 250g",3155253012649,11705,11365,,Président,,"13,16€/Kg","3,29€",https://cdn.intermarche.pt/pt/Content/images/boitmal/produit/zoom/FDD9C786E532EE4BC79BE4A73B39CF48.jpg,,/product/chantilly-baunilha-spray-250g/3155253012649
10094,"Iogurte líquido yoggi banana,  4 x 160 g",8435257040776,10400,10010,,Nestlé,,"3,11€/Kg","1,99€",https://cdn.intermarche.pt/pt/Content/images/boitmal/produit/zoom/7A1039A34E2D3851553F65DFE7093FB2.jpg,2024-09-25T22:59:59.999Z,/product/iogurte-liquido-yoggi-banana-4-x-160-g/8435257040776
12471,"Iogurte líquido yoggi morango/banana,  4 x 160 g",8435257040868,10400,10010,,Nestlé,,"3,11€/Kg","1,99€",https://cdn.intermarche.pt/pt/Content/images/boitmal/produit/zoom/93A52C02113750956F92B7DD59810765.jpg,2024-09-25T22:59:59.999Z,/product/iogurte-liquido-yoggi-morango-ou-banana-4-x-160-g/8435257040868
21051,"Iogurte líquido yoggi, sem lactose, morango,  4 x 160 g",8435257034300,10400,10010,,Nestlé,,"3,42€/Kg","2,19€",https://cdn.intermarche.pt/pt/Content/images/boitmal/produit/zoom/EDE6B117FB886E95B7257B2282F005D2.jpg,2024-09-25T22:59:59.999Z,/product/iogurte-liquido-yoggi-sem-lactose-morango-4-x-160-g/8435257034300
51782,"Iogurte Liquido Pinacolada,  1 kg",5604260327669,10400,10010,,PorSi,,"1,69€/Kg","1,69€",https://cdn.intermarche.pt/pt/Content/images/boitmal/produit/zoom/E769415F34EE41190069C8E55018867C.jpg,,/product/iogurte-liquido-pinacolada-1-kg/5604260327669
8434,"Iogurte activia líquido 0% lima/limão,  4 x 155 g",5601050033731,10400,10010,,Danone,,"3,21€/Kg","1,99€",https://cdn.intermarche.pt/pt/Content/images/boitmal/produit/zoom/E8DD28A0F1244F3320993F3917832E4F.jpg,2024-09-25T22:59:59.999Z,/product/iogurte-activia-liquido-0%25-lima-ou-limao-4-x-155-g/5601050033731
21052,"Iogurte líquido yoggi, sem lactose, morango/banana,  4 x 160 g",8435257034270,10400,10010,,Nestlé,,"3,42€/Kg","2,19€",https://cdn.intermarche.pt/pt/Content/images/boitmal/produit/zoom/93C63CDCCE271351E42C385AFD3AE69F.jpg,2024-09-25T22:59:59.999Z,/product/iogurte-liquido-yoggi-sem-lactose-morango-ou-banana-4-x-160-g/8435257034270
31516,"Yoggi liquido morango,  8x160g",8435257039107,10400,10010,,Nestlé,,"2,70€/Kg","3,89€",https://cdn.intermarche.pt/pt/Content/images/boitmal/produit/zoom/C1FDD60617CEBA746EBEE60AECF62B13.jpg,2024-09-25T22:59:59.999Z,/product/yoggi-liquido-morango-8x160g/8435257039107
46670,"Iogurte Líquido Activia Aveia & Linhaça, 4x155g",5601050037227,10400,10010,,Danone,,"3,21€/Kg","1,99€",https://cdn.intermarche.pt/pt/Content/images/boitmal/produit/zoom/7E7C727863D557E926C1A28A0D20E72E.jpg,2024-09-25T22:59:59.999Z,/product/iogurte-liquido-activia-aveia-&-linhaca-4x155g/5601050037227
51781,"Iogurte liquido morango,  1 kg",5604260327652,10400,10010,,PorSi,,"1,69€/Kg","1,69€",https://cdn.intermarche.pt/pt/Content/images/boitmal/produit/zoom/CC88AAD4451E8700447A902943123884.jpg,,/product/iogurte-liquido-morango-1-kg/5604260327652
51784,"Iogurte Liquido Magro Morango, 1 kg",5604260327683,10400,10010,,PorSi Viva Bem,,"1,69€/Kg","1,69€",https://cdn.intermarche.pt/pt/Content/images/boitmal/produit/zoom/36D30A5F8B9E9E6C892F4180F154E60A.jpg,,/product/iogurte-liquido-magro-morango-1-kg/5604260327683
8400,"Iogurte activia líquido cereais,  4 x 155 g",5601050033779,10400,10010,,Danone,,"3,21€/Kg","1,99€",https://cdn.intermarche.pt/pt/Content/images/boitmal/produit/zoom/3AC3707CF655B8CC61D2C80E4828D7C8.jpg,2024-09-25T22:59:59.999Z,/product/iogurte-activia-liquido-cereais-4-x-155-g/5601050033779
8413,"Actimel morango, 6 x 100g",8410500008932,10400,10010,,Actimel Danone,,"4,82€/Kg","2,89€",https://cdn.intermarche.pt/pt/Content/images/boitmal/produit/zoom/F6EB1A175778A171D463316E7A3FAC27.jpg,2024-09-25T22:59:59.999Z,/product/actimel-morango-6-x-100g/8410500008932
8414,"Actimel natural, 600g",0000084105554,10400,10010,,Actimel Danone,,"4,82€/Kg","2,89€",https://cdn.intermarche.pt/pt/Content/images/boitmal/produit/zoom/7A186DC804919831E9938DE43EC05D70.jpg,2024-09-25T22:59:59.999Z,/product/actimel-natural-600g/0000084105554
18301,"Iogurte líquido morango,  8x160 ml",5604260278503,10400,10010,,PorSi,,"2,02€/L","2,59€",https://cdn.intermarche.pt/pt/Content/images/boitmal/produit/zoom/82F4DF29967771E32A0D2A5BD395A808.jpg,2024-10-04T22:59:59.999Z,/product/iogurte-liquido-morango-8x160-ml/5604260278503
10095,"Iogurte líquido yoggi morango,  4 x 160 g",8435257040899,10400,10010,,Nestlé,,"3,11€/Kg","1,99€",https://cdn.intermarche.pt/pt/Content/images/boitmal/produit/zoom/F1F347BA34EB28F1148C3C442A42CC17.jpg,2024-09-25T22:59:59.999Z,/product/iogurte-liquido-yoggi-morango-4-x-160-g/8435257040899
44240,"Actimel Kids, 12 x 100 g",8410500010539,10400,10010,,Actimel Danone,,"4,08€/Kg","4,89€",https://cdn.intermarche.pt/pt/Content/images/boitmal/produit/zoom/30A5D0ACB9ED08A0E0975059507175B8.jpg,,/product/actimel-kids-12-x-100-g/8410500010539
5093,"Iogurte activia líquido 0% morango/kiwi,  4 x 155 g",5601050033755,10400,10010,,Danone,,"3,21€/Kg","1,99€",https://cdn.intermarche.pt/pt/Content/images/boitmal/produit/zoom/29B41AE598716D0550D815AA0FE86025.jpg,2024-09-25T22:59:59.999Z,/product/iogurte-activia-liquido-0%25-morango-ou-kiwi-4-x-155-g/5601050033755
31554,"Iogurte Líquido de Tutti-Frutti,  8 x 160 g",8435257039138,10400,10010,,Nestlé,,"2,70€/Kg","3,89€",https://cdn.intermarche.pt/pt/Content/images/boitmal/produit/zoom/3ADD800E79600780447DBC7DD07E46CC.jpg,2024-09-25T22:59:59.999Z,/product/iogurte-liquido-de-tutti-frutti-8-x-160-g/8435257039138
8399,"Iogurte activia líquido morango,  4 x 155 g",5601050033809,10400,10010,,Danone,,"3,21€/Kg","1,99€",https://cdn.intermarche.pt/pt/Content/images/boitmal/produit/zoom/D308B1FB4C89B3E5388CD017CB0E1529.jpg,2024-09-25T22:59:59.999Z,/product/iogurte-activia-liquido-morango-4-x-155-g/5601050033809
25375,"Iogurte activia líquido manga e papaia,  4 x 155 g",5601050033441,10400,10010,,Danone,,"3,21€/Kg","1,99€",https://cdn.intermarche.pt/pt/Content/images/boitmal/produit/zoom/A96AE19E74579E9FA5D5277C47DE6D86.jpg,2024-09-25T22:59:59.999Z,/product/iogurte-activia-liquido-manga-e-papaia-4-x-155-g/5601050033441
51783,"Iogurte Liquido Morango e Banana, 1 kg",5604260327676,10400,10010,,PorSi,,"1,69€/Kg","1,69€",https://cdn.intermarche.pt/pt/Content/images/boitmal/produit/zoom/058094D1219331672FBDE095E7607D1A.jpg,,/product/iogurte-liquido-morango-e-banana-1-kg/5604260327676
8435,"Iogurte activia líquido 0% de pêssego/maracujá,  4 x 155 g",5601050033953,10400,10010,,Danone,,"3,21€/Kg","1,99€",https://cdn.intermarche.pt/pt/Content/images/boitmal/produit/zoom/748ECF51AF6234B1BD1ECDB41529BE95.jpg,2024-09-25T22:59:59.999Z,/product/iogurte-activia-liquido-0%25-de-pessego-ou-maracuja-4-x-155-g/5601050033953
8438,"Iogurte activia líquido frutos silvestres,  4 x 155 g",5601050033816,10400,10010,,Danone,,"3,21€/Kg","1,99€",https://cdn.intermarche.pt/pt/Content/images/boitmal/produit/zoom/47CDBF026E044A06DA4E05DE9D7A01E4.jpg,2024-09-25T22:59:59.999Z,/product/iogurte-activia-liquido-frutos-silvestres-4-x-155-g/5601050033816
11505,"Iogurte activia líquido kiwi,  4 x 155 g",5601050033793,10400,10010,,Danone,,"3,21€/Kg","1,99€",https://cdn.intermarche.pt/pt/Content/images/boitmal/produit/zoom/757255A002BED1AF00FC2ECE09877B17.jpg,2024-09-25T22:59:59.999Z,/product/iogurte-activia-liquido-kiwi-4-x-155-g/5601050033793
8436,"Iogurte activia líquido 0% frutos silvestres,  4 x 155 g",5601050033762,10400,10010,,Danone,,"3,21€/Kg","1,99€",https://cdn.intermarche.pt/pt/Content/images/boitmal/produit/zoom/1898B39499E032B1AB748C6FC019A6DF.jpg,2024-09-25T22:59:59.999Z,/product/iogurte-activia-liquido-0%25-frutos-silvestres-4-x-155-g/5601050033762
46806,"Actimel Laranja, 6 x 100 g",8410500027025,10400,10010,,Actimel Danone,,"4,82€/Kg","2,89€",https://cdn.intermarche.pt/pt/Content/images/boitmal/produit/zoom/43001DDF2FF65EA0002497B3CF082B18.jpg,2024-09-25T22:59:59.999Z,/product/actimel-laranja-6-x-100-g/8410500027025
8417,"Actimel magro natural, 6 x 100g",8410500006020,10400,10010,,Actimel Danone,,"1,65€/Kg","0,99€",https://cdn.intermarche.pt/pt/Content/images/boitmal/produit/zoom/A2430A64FD53561F7EC58DE4F4A24642.jpg,2024-09-25T22:59:59.999Z,/product/actimel-magro-natural-6-x-100g/8410500006020
18296,"Iogurte líquido pinacolada,  4 x 160 g",5604260278428,10400,10010,,PorSi,,"2,02€/Kg","1,29€",https://cdn.intermarche.pt/pt/Content/images/boitmal/produit/zoom/E2D38B384B5C05E85037B10175E3330E.jpg,,/product/iogurte-liquido-pinacolada-4-x-160-g/5604260278428
18295,"Iogurte líquido morango/cereais,  4 x 160 g",5604260278411,10400,10010,,PorSi,,"2,02€/Kg","1,29€",https://cdn.intermarche.pt/pt/Content/images/boitmal/produit/zoom/E44EF7A495B5D88032D3F10A44D3886E.jpg,,/product/iogurte-liquido-morango-ou-cereais-4-x-160-g/5604260278411
28607,"Iogurte líquido morango/banana,  4 x 160 g",5604260278442,10400,10010,,PorSi,,"2,02€/Kg","1,29€",https://cdn.intermarche.pt/pt/Content/images/boitmal/produit/zoom/E93EE6852A43EE33A208A07B3A318C73.jpg,,/product/iogurte-liquido-morango-ou-banana-4-x-160-g/5604260278442
42853,"Iogurte liquido sem lactose morango e banana,  4 x 160 g",5604260307289,10400,10010,,PorSi Viva Bem,,"2,31€/Kg","1,48€",https://cdn.intermarche.pt/pt/Content/images/boitmal/produit/zoom/F877F8044FEE8CE4FDE4EB9675CB0007.jpg,,/product/iogurte-liquido-sem-lactose-morango-e-banana-4-x-160-g/5604260307289
48040,"Iogurte líquido magro frutos vermelhos,  4x160 ml",5604260320615,10400,10010,,PorSi Viva Bem,,"2,02€/L","1,29€",https://cdn.intermarche.pt/pt/Content/images/boitmal/produit/zoom/FA684AFC50E812150A1E2AF9F6A67F47.jpg,,/product/iogurte-liquido-magro-frutos-vermelhos-4x160-ml/5604260320615
18298,"Iogurte líquido morango,  4 x 160 g",5604260278459,10400,10010,,PorSi,,"2,02€/Kg","1,29€",https://cdn.intermarche.pt/pt/Content/images/boitmal/produit/zoom/9B284E13E8C95C5E0A5B9E9B9B54FC18.jpg,,/product/iogurte-liquido-morango-4-x-160-g/5604260278459
19447,"Iogurte líquido de frutos vermelhos,  4 x 160 g",5604260278473,10400,10010,,PorSi,,"2,02€/Kg","1,29€",https://cdn.intermarche.pt/pt/Content/images/boitmal/produit/zoom/891F6EF8D7281D5B469468F4C3F4A246.jpg,,/product/iogurte-liquido-de-frutos-vermelhos-4-x-160-g/5604260278473
23469,"Danonino para levar, polpa de morango,  4 x 70 g",8410500020453,10400,10010,,Danonino Danone,,"7,64€/Kg","2,14€",https://cdn.intermarche.pt/pt/Content/images/boitmal/produit/zoom/BCB8B07B4A9632B9CA3C8436CD26979D.jpg,,/product/danonino-para-levar-polpa-de-morango-4-x-70-g/8410500020453
24369,"Iogurte líquido morango / kiwi corpos danone,  4 x 155 g",5601050033045,10400,10010,,Danone,,"3,05€/Kg","1,89€",https://cdn.intermarche.pt/pt/Content/images/boitmal/produit/zoom/727FBA9E88DFAC31F291DCAC14087FD2.jpg,,/product/iogurte-liquido-morango-ou-kiwi-corpos-danone-4-x-155-g/5601050033045
24371,"Iogurte líquido pinacolada corpos danone,  4 x 155 g",5601050033014,10400,10010,,Danone,,"3,05€/Kg","1,89€",https://cdn.intermarche.pt/pt/Content/images/boitmal/produit/zoom/BA062C78232ADE921CB0D8917CC39423.jpg,,/product/iogurte-liquido-pinacolada-corpos-danone-4-x-155-g/5601050033014
36774,"Iogurte liquido stracciatella,  4 x 160 g",5604260300686,10400,10010,,PorSi,,"2,02€/Kg","1,29€",https://cdn.intermarche.pt/pt/Content/images/boitmal/produit/zoom/CA76E60A3E29F3063FEC78B659667DD6.jpg,,/product/iogurte-liquido-stracciatella-4-x-160-g/5604260300686
46353,"Iogurte líquido infantil morango e banana, 6 x 100g",5604260315185,10400,10010,,PorSi,,"1,80€/Kg","1,08€",https://cdn.intermarche.pt/pt/Content/images/boitmal/produit/zoom/77B751B7E0008B6F751FE9D0299DCA8E.jpg,,/product/iogurte-liquido-infantil-morango-e-banana-6-x-100g/5604260315185
48862,"Iogurte líquido magro morango,  4x150 ml",5604260320592,10400,10010,,PorSi Viva Bem,,"2,15€/L","1,29€",https://cdn.intermarche.pt/pt/Content/images/boitmal/produit/zoom/0C694DE9782FCC84FA1DB148AA050087.jpg,,/product/iogurte-liquido-magro-morango-4x150-ml/5604260320592
42156,"Iogurte aroma varios sabores,  12 x 125 g",5604260287277,10395,10010,,PorSi,,"1,25€/Kg","1,87€",https://cdn.intermarche.pt/pt/Content/images/boitmal/produit/zoom/633885BF6C5BD81E5134C0C00C06A48B.jpg,,/product/iogurte-aroma-varios-sabores-12-x-125-g/5604260287277
34353,"Iogurte natural açucarado,  4x125g",5604260282852,10395,10010,,PorSi,,"1,58€/Kg","0,79€",https://cdn.intermarche.pt/pt/Content/images/boitmal/produit/zoom/D9D0C10236D9B35D07E5882170895BCC.jpg,,/product/iogurte-natural-acucarado-4x125g/5604260282852
9724,"Iogurte sabor a morango,  4 x 125 g",5604260272532,10395,10010,,PorSi,,"1,56€/Kg","0,78€",https://cdn.intermarche.pt/pt/Content/images/boitmal/produit/zoom/BE96D7996A7A4C29AAA559B6D31378F9.jpg,,/product/iogurte-sabor-a-morango-4-x-125-g/5604260272532
9725,"Iogurte sabor a coco,  4 x 125 g",5604260272549,10395,10010,,PorSi,,"1,56€/Kg","0,78€",https://cdn.intermarche.pt/pt/Content/images/boitmal/produit/zoom/1EDF8599FA2E482DA79A6E871EF53537.jpg,,/product/iogurte-sabor-a-coco-4-x-125-g/5604260272549
27629,"Iogurte naturea natural,  4 x 125 g",5604260282845,10395,10010,,PorSi,,"1,48€/Kg","0,74€",https://cdn.intermarche.pt/pt/Content/images/boitmal/produit/zoom/E812341A304C01A03945BF9AEC1DD604.jpg,,/product/iogurte-naturea-natural-4-x-125-g/5604260282845
34077,"Iogurte natural, 12 x 125g",5604260287284,10395,10010,,PorSi,,"1,46€/Kg","2,19€",https://cdn.intermarche.pt/pt/Content/images/boitmal/produit/zoom/3965ED928DFAC6A0B27DB3EED0D09D6B.jpg,,/product/iogurte-natural-12-x-125g/5604260287284
41714,"Iogurte natural 0%,  6 x 125 g",5604260307746,10395,10010,,PorSi Viva Bem,,"1,59€/Kg","1,19€",https://cdn.intermarche.pt/pt/Content/images/boitmal/produit/zoom/C1A3660239F1F8A36FC7C2E7EDAFBD80.jpg,,/product/iogurte-natural-0%25-6-x-125-g/5604260307746
9723,"Iogurte aroma de banana,  4x125g",5604260272525,10395,10010,,PorSi,,"1,56€/Kg","0,78€",https://cdn.intermarche.pt/pt/Content/images/boitmal/produit/zoom/E75B71E4A5F570E06AEA1EE7904A31AD.jpg,,/product/iogurte-aroma-de-banana-4x125g/5604260272525
35138,"Iogurte sólido aroma morango, ananás e banana,  8 x 120 g",5603722517655,10395,10010,,Mimosa,,"1,97€/Kg","1,89€",https://cdn.intermarche.pt/pt/Content/images/boitmal/produit/zoom/0001D46CAD021E71E3E28F8FD4948E5F.jpg,,/product/iogurte-solido-aroma-morango-ananas-e-banana-8-x-120-g/5603722517655
40738,"Iogurte natural açucarado em frasco de vidro,  2 x 125 g",5604260302581,10395,10010,,PorSi,,"3,96€/Kg","0,99€",https://cdn.intermarche.pt/pt/Content/images/boitmal/produit/zoom/4B759D7B420BDBA75377A9D0BB6C89BC.jpg,,/product/iogurte-natural-acucarado-em-frasco-de-vidro-2-x-125-g/5604260302581
26373,"Iogurte sabor a tutti-fruti, 4 x 125 g,",5604260272969,10395,10010,,PorSi,,"1,56€/Kg","0,78€",https://cdn.intermarche.pt/pt/Content/images/boitmal/produit/zoom/2951E062DEF2895AEB590C64D44D087F.jpg,,/product/iogurte-sabor-a-tutti-fruti-4-x-125-g/5604260272969
12051,"Iogurte arôma de frutos vermelhos,  8x125 g",5604260129546,10395,10010,,PorSi,,"1,69€/Kg","1,69€",https://cdn.intermarche.pt/pt/Content/images/boitmal/produit/zoom/5A1754DF1B6FC1BED92F22D69E31A509.jpg,,/product/iogurte-aroma-de-frutos-vermelhos-8x125-g/5604260129546
46290,"Iogurte de morango sem lactose, 4 x 125 g",5604260313549,10395,10010,,PorSi Viva Bem,,"2,18€/Kg","1,09€",https://cdn.intermarche.pt/pt/Content/images/boitmal/produit/zoom/CE0C34B263856F5ACE9BB34CEFAAD961.jpg,,/product/iogurte-de-morango-sem-lactose-4-x-125-g/5604260313549
29278,"Iogurtes aroma 4 de morango + 4 de banana,  8x125g",5604260282814,10395,10010,,PorSi,,"1,59€/Kg","1,59€",https://cdn.intermarche.pt/pt/Content/images/boitmal/produit/zoom/95445618DFFE3AF48A27EE80715436C2.jpg,,/product/iogurtes-aroma-4-de-morango-+-4-de-banana-8x125g/5604260282814
11506,"Iogurte activia natural,  4 x 120 g",5601050022476,10395,10010,,Danone,,"4,15€/Kg","1,99€",https://cdn.intermarche.pt/pt/Content/images/boitmal/produit/zoom/D80B108DD936C548FEA2BEDB8D03734B.jpg,,/product/iogurte-activia-natural-4-x-120-g/5601050022476
11510,"Iogurte natural,  4 x 120 g",5601050023107,10395,10010,,Danone,,"2,69€/Kg","1,29€",https://cdn.intermarche.pt/pt/Content/images/boitmal/produit/zoom/DB12FDEA841C345EB566D72691F734BF.jpg,,/product/iogurte-natural-4-x-120-g/5601050023107
46289,"Iogurte natural sem lactose, 4 x 125 g",5604260313532,10395,10010,,PorSi Viva Bem,,"2,18€/Kg","1,09€",https://cdn.intermarche.pt/pt/Content/images/boitmal/produit/zoom/5A5200CD2A2A6CB49D586AF001262EDC.jpg,,/product/iogurte-natural-sem-lactose-4-x-125-g/5604260313532
44789,"Iogurte sólido sem lactose multifrutos, 4 x 125 g",5603722514791,10395,10010,,Mimosa,,"5,71€/Kg","2,74€",https://cdn.intermarche.pt/pt/Content/images/boitmal/produit/zoom/AFD577199B3478174C373E88A7AC02B1.jpg,,/product/iogurte-solido-sem-lactose-multifrutos-4-x-125-g/5603722514791
8445,"Iogurte sabor morango, banana e tutti frutti,  8 x 120 g",5601050206791,10395,10010,,Danone,,"2,07€/Kg","1,99€",https://cdn.intermarche.pt/pt/Content/images/boitmal/produit/zoom/B869B85507F91B6C424197F8F0A84068.jpg,,/product/iogurte-sabor-morango-banana-e-tutti-frutti-8-x-120-g/5601050206791
8446,"Iogurte sabor pêssego morango e manga,  8 x 120 g",5601050206807,10395,10010,,Danone,,"2,07€/Kg","1,99€",https://cdn.intermarche.pt/pt/Content/images/boitmal/produit/zoom/F22DB9B4E5030FFD011607D3446EC97F.jpg,,/product/iogurte-sabor-pessego-morango-e-manga-8-x-120-g/5601050206807
44790,"Iogurte natural magro sem lactose, 4x 120 g",5603722514814,10395,10010,,Mimosa,,"6,23€/Kg","2,99€",https://cdn.intermarche.pt/pt/Content/images/boitmal/produit/zoom/16144931BFE13ADD55AEAFA1C9C1D4A3.jpg,,/product/iogurte-natural-magro-sem-lactose-4x-120-g/5603722514814
44787,"Iogurte sólido sem lactose natural açucarado, 4 x 125 g",5603722514753,10395,10010,,Mimosa,,"5,71€/Kg","2,74€",https://cdn.intermarche.pt/pt/Content/images/boitmal/produit/zoom/9019649F4AC83AAB8AAFCA00479ED9EB.jpg,,/product/iogurte-solido-sem-lactose-natural-acucarado-4-x-125-g/5603722514753
44791,"Iogurte magro morango sem lactose,  4x 120 g",5603722514838,10395,10010,,Mimosa,,"6,23€/Kg","2,99€",https://cdn.intermarche.pt/pt/Content/images/boitmal/produit/zoom/7855A0B5B8B81F58D76C788EF693C821.jpg,,/product/iogurte-magro-morango-sem-lactose-4x-120-g/5603722514838
44788,"Iogurte sólido sem lactose morango, 4 x 125 g",5603722514777,10395,10010,,Mimosa,,"5,71€/Kg","2,74€",https://cdn.intermarche.pt/pt/Content/images/boitmal/produit/zoom/938890D6C27A260EF0A55564EDA92A84.jpg,,/product/iogurte-solido-sem-lactose-morango-4-x-125-g/5603722514777
25053,"Iogurte 0% pedaços amora e framboesa,  4 x 120 g",3023290232453,10396,10010,,Longa vida,,"4,77€/Kg","2,29€",https://cdn.intermarche.pt/pt/Content/images/boitmal/produit/zoom/D4FB64D79457007D324A7CF690DE38C7.jpg,2024-10-04T22:59:59.999Z,/product/iogurte-0%25-pedacos-amora-e-framboesa-4-x-120-g/3023290232453
25052,"Iogurte 0% pedaços muesli e cereal,  4 x 120 g",3023290113684,10396,10010,,Longa vida,,"4,77€/Kg","2,29€",https://cdn.intermarche.pt/pt/Content/images/boitmal/produit/zoom/102CF2E69A699193F17BFBE2D269DEE0.jpg,2024-10-04T22:59:59.999Z,/product/iogurte-0%25-pedacos-muesli-e-cereal-4-x-120-g/3023290113684
38118,"Iogurte pedaços frutas variadas, 16 x 125 g",5604260301997,10396,10010,,PorSi,,"2,37€/Kg","4,74€",https://cdn.intermarche.pt/pt/Content/images/boitmal/produit/zoom/91E02C1B5085BE7A9E444A949622B617.jpg,,/product/iogurte-pedacos-frutas-variadas-16-x-125-g/5604260301997
14194,"Iogurte vidro pedaços morango,  2 x 135 g",5604260271108,10396,10010,,PorSi,,"4,41€/Kg","1,19€",https://cdn.intermarche.pt/pt/Content/images/boitmal/produit/zoom/F6072DF390CBB0AC03E504260F90F0BF.jpg,,/product/iogurte-vidro-pedacos-morango-2-x-135-g/5604260271108
14195,"Iogurte Pedaços Amoras/Mirtilo,",5604260271115,10396,10010,,PorSi,,"4,41€/Kg","1,19€",https://cdn.intermarche.pt/pt/Content/images/boitmal/produit/zoom/E5185FC31A14AAE14AFDAA5FA364ED39.jpg,,/product/iogurte-pedacos-amoras-ou-mirtilo/5604260271115
33991,"Iogurte pedaços frutimax frutos variados,  8 x 125 g",5604260283446,10396,10010,,PorSi,,"2,39€/Kg","2,39€",https://cdn.intermarche.pt/pt/Content/images/boitmal/produit/zoom/8D7F0C9001CDCE3069FE327E50E87619.jpg,,/product/iogurte-pedacos-frutimax-frutos-variados-8-x-125-g/5604260283446
33993,"Iogurte pedaços morango,  4x125g",5604260283439,10396,10010,,PorSi,,"2,38€/Kg","1,19€",https://cdn.intermarche.pt/pt/Content/images/boitmal/produit/zoom/F01393BE3F00747F809718E2700D5E49.jpg,,/product/iogurte-pedacos-morango-4x125g/5604260283439
34352,"Iogurte pedaços pêssego/alperce,  4x125g",5604260283422,10396,10010,,PorSi,,"2,38€/Kg","1,19€",https://cdn.intermarche.pt/pt/Content/images/boitmal/produit/zoom/F39DE5BEB3C9B35266893D26B645C2AE.jpg,,/product/iogurte-pedacos-pessego-ou-alperce-4x125g/5604260283422
38117,"Iogurte pedaços frutos vermelhos,  8 x 125 g",5604260301980,10396,10010,,PorSi,,"2,39€/Kg","2,39€",https://cdn.intermarche.pt/pt/Content/images/boitmal/produit/zoom/97647E564D5407A7DEB5D122B02A33D9.jpg,,/product/iogurte-pedacos-frutos-vermelhos-8-x-125-g/5604260301980
9715,"Iogurte pedaços frutimax muesli,  4 x 125 g",5604260272112,10396,10010,,PorSi,,"2,38€/Kg","1,19€",https://cdn.intermarche.pt/pt/Content/images/boitmal/produit/zoom/22F9A0E3237A393CAB0A4B6480605B90.jpg,,/product/iogurte-pedacos-frutimax-muesli-4-x-125-g/5604260272112
48085,"Iogurte cremeo vários sabores, 16 x 125 g",5604260319145,10396,10010,,PorSi,,"2,50€/Kg","4,99€",https://cdn.intermarche.pt/pt/Content/images/boitmal/produit/zoom/4D6D87CA1B719F8889B11DF355DBD3D3.jpg,,/product/iogurte-cremeo-varios-sabores-16-x-125-g/5604260319145
33992,"Iogurte pedaços ananás,  4 x 125 g",5604260283415,10396,10010,,PorSi,,"2,38€/Kg","1,19€",https://cdn.intermarche.pt/pt/Content/images/boitmal/produit/zoom/68F0F052D03A76ED7AD12EA44310B7E7.jpg,,/product/iogurte-pedacos-ananas-4-x-125-g/5604260283415
17244,"Iogurte Pedaços Pêssego,  2x135 g",5604260278985,10396,10010,,PorSi,,"4,41€/Kg","1,19€",https://cdn.intermarche.pt/pt/Content/images/boitmal/produit/zoom/8442F6F00AC2C6059F58275837D337CE.jpg,,/product/iogurte-pedacos-pessego-2x135-g/5604260278985
46809,"Iogurte Pedaços Ananás 0% Matéria Gorda/Açúcares, 4 x 120 g",8410500003654,10396,10010,,Danone,,"4,77€/Kg","2,29€",https://cdn.intermarche.pt/pt/Content/images/boitmal/produit/zoom/03214B7E9273A4A4FCE73BB182EEF165.jpg,,/product/iogurte-pedacos-ananas-0%25-materia-gorda-ou-acucares-4-x-120-g/8410500003654
19585,"Iogurte magro natural,  6 x 120 g",8435257033822,10397,10010,,Longa vida,,"3,18€/Kg","2,29€",https://cdn.intermarche.pt/pt/Content/images/boitmal/produit/zoom/44759CCD8BB0D317506B87D89332AAE3.jpg,2024-10-04T22:59:59.999Z,/product/iogurte-magro-natural-6-x-120-g/8435257033822
19586,"Iogurte aroma 0% tutti fruti/coco,  6 x 120 g",8435257028057,10397,10010,,Longa vida,,"3,18€/Kg","2,29€",https://cdn.intermarche.pt/pt/Content/images/boitmal/produit/zoom/18D91A939DFD31509CD0E9DB0A5315E6.jpg,2024-10-04T22:59:59.999Z,/product/iogurte-aroma-0%25-tutti-fruti-ou-coco-6-x-120-g/8435257028057
6689,"Iogurte magro morango,  6 x 120 g",8435257022567,10397,10010,,Longa vida,,"3,18€/Kg","2,29€",https://cdn.intermarche.pt/pt/Content/images/boitmal/produit/zoom/116F7996F4B8C9E36A9C4D0EB83317F7.jpg,2024-10-04T22:59:59.999Z,/product/iogurte-magro-morango-6-x-120-g/8435257022567
50629,"Iogurte magro liquido de morango e framboesa, 8 x 151ml",5603722521454,10397,10010,,Mimosa,,"2,39€/L","2,89€",https://cdn.intermarche.pt/pt/Content/images/boitmal/produit/zoom/D754EA086EB368BBBC0D9470F68EFC4B.jpg,2024-09-25T22:59:59.999Z,/product/iogurte-magro-liquido-de-morango-e-framboesa-8-x-151ml/5603722521454
50630,"Iogurte magro liquido de ananas e manga, 8x151ml",5603722521461,10397,10010,,Mimosa,,"2,39€/L","2,89€",https://cdn.intermarche.pt/pt/Content/images/boitmal/produit/zoom/57AA4F959AC0E156C9A5EE1FBB6645F0.jpg,2024-09-25T22:59:59.999Z,/product/iogurte-magro-liquido-de-ananas-e-manga-8x151ml/5603722521461
46216,"Iogurte batido magro com mirtilos sem lactose, 4 x 120 g",5603722519925,10397,10010,,Mimosa,,"6,23€/Kg","2,99€",https://cdn.intermarche.pt/pt/Content/images/boitmal/produit/zoom/BB82BE081E1283797B43170E5EC56176.jpg,,/product/iogurte-batido-magro-com-mirtilos-sem-lactose-4-x-120-g/5603722519925
46841,"Iogurtes magros aroma morango,  6 x 125 g",5604260318940,10397,10010,,PorSi Viva Bem,,"1,59€/Kg","1,19€",https://cdn.intermarche.pt/pt/Content/images/boitmal/produit/zoom/833AAF24269F415098468C495B3361BA.jpg,,/product/iogurtes-magros-aroma-morango-6-x-125-g/5604260318940
46840,"Iogurtes magros aroma manga,  6 x 125 g",5604260318957,10397,10010,,PorSi Viva Bem,,"1,59€/Kg","1,19€",https://cdn.intermarche.pt/pt/Content/images/boitmal/produit/zoom/0726933BAAA761C64FBBDE37BAA6E6FA.jpg,,/product/iogurtes-magros-aroma-manga-6-x-125-g/5604260318957
25054,"Iogurte magro + gelatina morango,  4 x 120 g",5603722516597,10397,10010,,Mimosa,,"3,52€/Kg","1,69€",https://cdn.intermarche.pt/pt/Content/images/boitmal/produit/zoom/51C8B0D11D900D606636C9337354810E.jpg,,/product/iogurte-magro-+-gelatina-morango-4-x-120-g/5603722516597
22154,"Iogurte magro + gelatina framboesa,  4 x 120 g",5603722514432,10397,10010,,Mimosa,,"3,52€/Kg","1,69€",https://cdn.intermarche.pt/pt/Content/images/boitmal/produit/zoom/D95905A0C24D818D908E8701819BE932.jpg,,/product/iogurte-magro-+-gelatina-framboesa-4-x-120-g/5603722514432
22155,"Iogurte magro + gelatina maracujá,  4 x 120 g",5603722514418,10397,10010,,Mimosa,,"3,52€/Kg","1,69€",https://cdn.intermarche.pt/pt/Content/images/boitmal/produit/zoom/B91545112079D709BE08763086D959A8.jpg,,/product/iogurte-magro-+-gelatina-maracuja-4-x-120-g/5603722514418
46824,"Iogurte magro aroma multi sabores de morango/coco, 6x120g",5603722518270,10397,10010,,Mimosa,,"2,76€/Kg","1,99€",https://cdn.intermarche.pt/pt/Content/images/boitmal/produit/zoom/B6D55B8D31496E7C4F00981928B2B6FF.jpg,,/product/iogurte-magro-aroma-multi-sabores-de-morango-ou-coco-6x120g/5603722518270
53067,"Bifidus Líquido Activia Ananás 000%, 4 x 155g",5601050037821,10398,10010,,Danone,,"3,21€/Kg","1,99€",https://cdn.intermarche.pt/pt/Content/images/boitmal/produit/zoom/227608E522C57EFFD851E1F0A8F434F8.jpg,2024-09-25T22:59:59.999Z,/product/bifidus-liquido-activia-ananas-000%25-4-x-155g/5601050037821
53066,"Bifidus Líquido Activia Aveia e Noz 000%, 4 x 155g",5601050037845,10398,10010,,Danone,,"3,21€/Kg","1,99€",https://cdn.intermarche.pt/pt/Content/images/boitmal/produit/zoom/C3E5261F5C2ADA6A9243957038878389.jpg,2024-09-25T22:59:59.999Z,/product/bifidus-liquido-activia-aveia-e-noz-000%25-4-x-155g/5601050037845
53065,"Bifidus Líquido Activia Cereais 000%, 4 x 155g",5601050037869,10398,10010,,Danone,,"3,21€/Kg","1,99€",https://cdn.intermarche.pt/pt/Content/images/boitmal/produit/zoom/B131D80C948546BCBA16D94F59138000.jpg,2024-09-25T22:59:59.999Z,/product/bifidus-liquido-activia-cereais-000%25-4-x-155g/5601050037869
49762,"Iogurte com Cereais Activia, 4 x 120g",5601050037562,10398,10010,,Danone,,"4,33€/Kg","1,99€",https://cdn.intermarche.pt/pt/Content/images/boitmal/produit/zoom/51EAF4A53D8366A31634F35574981BCB.jpg,,/product/iogurte-com-cereais-activia-4-x-120g/5601050037562
15507,"Iogurte activia cremoso coco,  4 x 120 g",5601050031621,10398,10010,,Danone,,"4,15€/Kg","1,99€",https://cdn.intermarche.pt/pt/Content/images/boitmal/produit/zoom/05783495E4A676779F417115EB52CFE8.jpg,,/product/iogurte-activia-cremoso-coco-4-x-120-g/5601050031621
20221,"Iogurte activia aveia nozes,  4 x 120 g",8410500020071,10398,10010,,Danone,,"4,15€/Kg","1,99€",https://cdn.intermarche.pt/pt/Content/images/boitmal/produit/zoom/E3646F8812C5353023D3951FE268028D.jpg,,/product/iogurte-activia-aveia-nozes-4-x-120-g/8410500020071
49763,"Iogurte Activia Fibras Aveia & Frutos Secos, 4 x 120g",5601050037579,10398,10010,,Danone,,"4,33€/Kg","1,99€",https://cdn.intermarche.pt/pt/Content/images/boitmal/produit/zoom/D3105D0A7021B60785802EF13F61AE8F.jpg,,/product/iogurte-activia-fibras-aveia-&-frutos-secos-4-x-120g/5601050037579
49761,"Iogurte Bifidus Activia Chia Amêndoa 0%, 4 x 120g",8410500024574,10398,10010,,Danone,,"4,33€/Kg","1,99€",https://cdn.intermarche.pt/pt/Content/images/boitmal/produit/zoom/3C78D604FF38EBC1F8556A8A62CA8C37.jpg,,/product/iogurte-bifidus-activia-chia-amendoa-0%25-4-x-120g/8410500024574
15504,"Iogurte activia cremoso frutos silvestres,  4 x 120 g",5601050031669,10398,10010,,Danone,,"4,15€/Kg","1,99€",https://cdn.intermarche.pt/pt/Content/images/boitmal/produit/zoom/709B548D37F71DDA459131D3F3B36E78.jpg,,/product/iogurte-activia-cremoso-frutos-silvestres-4-x-120-g/5601050031669
27776,"Activia 0% cocktail de fruta cremoso,  4 x 120 g",8410500019846,10398,10010,,Danone,,"4,15€/Kg","1,99€",https://cdn.intermarche.pt/pt/Content/images/boitmal/produit/zoom/276E25EA58255AD6CA8BA110EA3F0B5A.jpg,,/product/activia-0%25-cocktail-de-fruta-cremoso-4-x-120-g/8410500019846
27775,"Activia 0% Frutos Silvestres Cremoso,  4x120 g",8410500017699,10398,10010,,Danone,,"4,15€/Kg","1,99€",https://cdn.intermarche.pt/pt/Content/images/boitmal/produit/zoom/08EE49F474592B9E303C9C5067F64CA9.jpg,,/product/activia-0%25-frutos-silvestres-cremoso-4x120-g/8410500017699
52851,"Bifidus Activia Topper Muesli, Chia, Quinoa e Mandorle, 170g",8001630009410,10398,10010,,Danone,,"9,35€/Kg","1,59€",https://cdn.intermarche.pt/pt/Content/images/boitmal/produit/zoom/EAE692D942BE28A776D2ABDEEBE9BC7A.jpg,,/product/bifidus-activia-topper-muesli-chia-quinoa-e-mandorle-170g/8001630009410
43756,"Iogurte Activia 0% aveia e linhaça,  4 x 120 g",8410500026363,10398,10010,,Danone,,"4,15€/Kg","1,99€",https://cdn.intermarche.pt/pt/Content/images/boitmal/produit/zoom/E57678E975E0133AA749A66A9BC6FE48.jpg,,/product/iogurte-activia-0%25-aveia-e-linhaca-4-x-120-g/8410500026363
52852,"Iogurte Bifidus Activia Natural 0%, 4x120g",8410500002961,10398,10010,,Danone,,"3,10€/Kg","1,49€",https://cdn.intermarche.pt/pt/Content/images/boitmal/produit/zoom/CD7DFBBF094FC1261DAB3BCE89B92844.jpg,,/product/iogurte-bifidus-activia-natural-0%25-4x120g/8410500002961
10509,"Iogurte mix-in smarties baunilha,  2 x 128 g",8435250297955,11178,10010,,Nestlé,,"7,77€/Kg","1,99€",https://cdn.intermarche.pt/pt/Content/images/boitmal/produit/zoom/4FC6F733C531A7A948940F213F0E604D.jpg,2024-09-25T22:59:59.999Z,/product/iogurte-mix-in-smarties-baunilha-2-x-128-g/8435250297955
12468,"Iogurte mix-in smarties morango,  2 x 128 g",8435250439584,11178,10010,,Nestlé,,"7,77€/Kg","1,99€",https://cdn.intermarche.pt/pt/Content/images/boitmal/produit/zoom/A56FAF9000F1827F93D14D3DAF96AF68.jpg,,/product/iogurte-mix-in-smarties-morango-2-x-128-g/8435250439584
40592,"Iogurte fruta batida banana, laranja e bolacha, 480g",5603722519420,11178,10010,,Mimosa,,"3,52€/Kg","1,69€",https://cdn.intermarche.pt/pt/Content/images/boitmal/produit/zoom/1D09572C6AE538ADBF2B5D0B579F400D.jpg,2024-09-25T22:59:59.999Z,/product/iogurte-fruta-batida-banana-laranja-e-bolacha-480g/5603722519420
40558,"Queijinho morango com drageias,  2 x 110 g",5604260301164,11178,10010,,PorSi,,"7,68€/Kg","1,69€",https://cdn.intermarche.pt/pt/Content/images/boitmal/produit/zoom/939055EF9B8FE9ECC8E1BC97C5579929.jpg,2024-10-04T22:59:59.999Z,/product/queijinho-morango-com-drageias-2-x-110-g/5604260301164
40594,"Iogurte fruta batida banana e morango, 480g",5603722519468,11178,10010,,Mimosa,,"3,52€/Kg","1,69€",https://cdn.intermarche.pt/pt/Content/images/boitmal/produit/zoom/83F30AB91BC8058647F32CB83B2AAD16.jpg,2024-09-25T22:59:59.999Z,/product/iogurte-fruta-batida-banana-e-morango-480g/5603722519468
40595,"Iogurte fruta batida pera, 480g",5603722519444,11178,10010,,Mimosa,,"3,52€/Kg","1,69€",https://cdn.intermarche.pt/pt/Content/images/boitmal/produit/zoom/481E71F4D7E7516D4A0B60F3DA82257A.jpg,2024-09-25T22:59:59.999Z,/product/iogurte-fruta-batida-pera-480g/5603722519444
18596,"Iogurte líquido danonino morango/banana,  4 x 100 g",8410500016029,11178,10010,,Danonino Danone,,"4,98€/Kg","1,99€",https://cdn.intermarche.pt/pt/Content/images/boitmal/produit/zoom/418CA3EE44828DD39BFD6E2687E787F2.jpg,,/product/iogurte-liquido-danonino-morango-ou-banana-4-x-100-g/8410500016029
36715,"Queijinho fresco com morango,  6 x 50 g",5604260297054,11178,10010,,PorSi,,"2,63€/Kg","0,79€",https://cdn.intermarche.pt/pt/Content/images/boitmal/produit/zoom/852F22C0A956B308CE4AB3E7E3567693.jpg,,/product/queijinho-fresco-com-morango-6-x-50-g/5604260297054
44241,"Danone twix,  120g",5601050036886,11178,10010,,Danone,,"9,08€/Kg","1,09€",https://cdn.intermarche.pt/pt/Content/images/boitmal/produit/zoom/D274D33ECAD7B0F64CFB61BD15B0072C.jpg,,/product/danone-twix-120g/5601050036886
18595,"Iogurte líquido danonino morango,  4 x 100 g",8410500016012,11178,10010,,Danonino Danone,,"4,98€/Kg","1,99€",https://cdn.intermarche.pt/pt/Content/images/boitmal/produit/zoom/0E203361E14F23CD94ABD0BD721CC32D.jpg,,/product/iogurte-liquido-danonino-morango-4-x-100-g/8410500016012
47005,"Iogurte infantil c/ drageias coloridas, 140 g",5604260315154,11178,10010,,PorSi,,"3,93€/Kg","0,55€",https://cdn.intermarche.pt/pt/Content/images/boitmal/produit/zoom/24BB9A82B8C6B32F97AB8C5679E75BB0.jpg,,/product/iogurte-infantil-c-ou-drageias-coloridas-140-g/5604260315154
5096,"Queijinho danonino petitdino de morango/banana,  6 x 50 g",5601050026429,11178,10010,,Danonino Danone,,"4,97€/Kg","1,49€",https://cdn.intermarche.pt/pt/Content/images/boitmal/produit/zoom/FA8D1A9125B498992C62B9745CC5DD3D.jpg,,/product/queijinho-danonino-petitdino-de-morango-ou-banana-6-x-50-g/5601050026429
42142,"Suiss'fruits fruta, 12x50g",5604260301171,11178,10010,,PorSi,,"2,40€/Kg","1,44€",https://cdn.intermarche.pt/pt/Content/images/boitmal/produit/zoom/3271533EA02D1C6235D2A90CE24DEF2E.jpg,,/product/suiss'fruits-fruta-12x50g/5604260301171
47006,"Iogurte infantil c/ cereais de chocolate, 128 g",5604260315161,11178,10010,,PorSi,,"4,30€/Kg","0,55€",https://cdn.intermarche.pt/pt/Content/images/boitmal/produit/zoom/0DCAC6D3A3684C450E5F0AE71BD491BA.jpg,,/product/iogurte-infantil-c-ou-cereais-de-chocolate-128-g/5604260315161
5095,"Queijinho dadoninho petitdino de morango,  6 x 50 g",5601050026405,11178,10010,,Danone,,"4,97€/Kg","1,49€",https://cdn.intermarche.pt/pt/Content/images/boitmal/produit/zoom/A996A3A25DAAE4625EF7D6D51278644F.jpg,,/product/queijinho-dadoninho-petitdino-de-morango-6-x-50-g/5601050026405
10091,"Queijinho petit nesquik,  6 x 60 g",8410100059839,11178,10010,,Nestlé,,"9,69€/Kg","3,49€",https://cdn.intermarche.pt/pt/Content/images/boitmal/produit/zoom/DBBACE0B574A9C35FF94ECEF6B014E4C.jpg,,/product/queijinho-petit-nesquik-6-x-60-g/8410100059839
43305,"Iogurte natural sem açúcares, 4 x 100g",7613039531853,11178,10010,,Yogolino,,"5,60€/Kg","2,24€",https://cdn.intermarche.pt/pt/Content/images/boitmal/produit/zoom/8D52E685C6D059419C73FE516F80912E.jpg,,/product/iogurte-natural-sem-acucares-4-x-100g/7613039531853
10859,"Iogurte mix-in kit kat,  2 x 115 g",3023290400395,11178,10010,,Nestlé,,"8,65€/Kg","1,99€",https://cdn.intermarche.pt/pt/Content/images/boitmal/produit/zoom/D24FD8641E9037F3EAA23A9C6F869324.jpg,,/product/iogurte-mix-in-kit-kat-2-x-115-g/3023290400395
43131,"Mars m&ms x1 van-milk choc,  120g",5601050036763,11178,10010,,Danone,,"9,08€/Kg","1,09€",https://cdn.intermarche.pt/pt/Content/images/boitmal/produit/zoom/49F47973DE6B734AE727214AAB5E3093.jpg,,/product/mars-m&ms-x1-van-milk-choc-120g/5601050036763
52945,"Iogurte Danonino Petit Morango, 4 x 100g",8410500008727,11178,10010,,Danone,,"5,98€/Kg","2,39€",https://cdn.intermarche.pt/pt/Content/images/boitmal/produit/zoom/7F4489E1D7EF42149F7DDCD17A5A4E27.jpg,,/product/iogurte-danonino-petit-morango-4-x-100g/8410500008727
