Product ID,Title,EAN,Family ID,Department ID,Packaging,Brand,Category,Price,Price Per Unit,Image URL,Promo End,Product URL
42829,Leite uht gordo com rosca,5604260308880,11692,11364,Embalagem de 1 litro,PorSi,,"0,97€/L","0,97€",https://cdn.intermarche.pt/pt/Content/images/boitmal/produit/zoom/C3594FBA7A33F66455FC0EB3425487BB.jpg,,/product/leite-uht-gordo-com-rosca/5604260308880
11640,Leite pasteurizado gordo,5601180000993,11692,11364,Garrafa de 1 l,Vigor,,"1,19€/L","1,19€",https://cdn.intermarche.pt/pt/Content/images/boitmal/produit/zoom/D35A2632D9FCF31B32BD4205099C2552.jpg,,/product/leite-pasteurizado-gordo/5601180000993
9008,"Leite uht, gordo",5601530030151,11692,11364,Embalagem de 1 l,Serraleite,,"1,19€/L","1,19€",https://cdn.intermarche.pt/pt/Content/images/boitmal/produit/zoom/912D79F24A818727F4337DAB537D3CD6.jpg,,/product/leite-uht-gordo/5601530030151
8382,Leite uht gordo,5601049131998,11692,11364,Embalagem de 1 litro,Mimosa,,"1,19€/L","1,19€",https://cdn.intermarche.pt/pt/Content/images/boitmal/produit/zoom/4C3FFACD4AEF1F7F84058E9D9E324644.jpg,,/product/leite-uht-gordo/5601049131998
50456,"Leite Uht Magro sem Lactose com Fibra e Coco, 1 l",5603722520877,11277,10118,,Mimosa,,"1,24€/L","1,24€",https://cdn.intermarche.pt/pt/Content/images/boitmal/produit/zoom/B822078CC1665E881AB9EE8EE0E4B0E6.jpg,2024-10-04T22:59:59.999Z,/product/leite-uht-magro-sem-lactose-com-fibra-e-coco-1-l/5603722520877
8391,Leite especial cálcio + vitamina d magro,5601049159992,11693,11364,Garrafa de 1 l,Mimosa,,"0,98€/L","0,98€",https://cdn.intermarche.pt/pt/Content/images/boitmal/produit/zoom/9A4AD44FB60B5A45579B826AAB547587.jpg,2024-09-25T22:59:59.999Z,/product/leite-especial-calcio-+-vitamina-d-magro/5601049159992
32044,Mimosa bem especial leite e amêndoa,5603722517471,11277,10118,Embalagem de 1 litro,Mimosa,,"1,24€/L","1,24€",https://cdn.intermarche.pt/pt/Content/images/boitmal/produit/zoom/F58E2E046344F7115AD051C34455C981.jpg,2024-10-04T22:59:59.999Z,/product/mimosa-bem-especial-leite-e-amendoa/5603722517471
32043,Mimosa bem especial leite e aveia,5603722517457,11277,10118,Embalagem de 1 litro,Mimosa,,"1,24€/L","1,24€",https://cdn.intermarche.pt/pt/Content/images/boitmal/produit/zoom/699CC02CBE15EF18CD46F5DD5DF5AA01.jpg,2024-10-04T22:59:59.999Z,/product/mimosa-bem-especial-leite-e-aveia/5603722517457
42828,Leite uht magro com rosca,5604260308873,11693,11364,1 litro,PorSi,,"0,81€/L","0,81€",https://cdn.intermarche.pt/pt/Content/images/boitmal/produit/zoom/554390654EE436245252F4AD35328EDB.jpg,,/product/leite-uht-magro-com-rosca/5604260308873
32424,Leite uht magro,5604260285297,11693,11364,Embalagem de 1 litro,PorSi,,"0,81€/L","0,81€",https://cdn.intermarche.pt/pt/Content/images/boitmal/produit/zoom/F87D4448FEBFEABC1BF9E5A541B31B5D.jpg,,/product/leite-uht-magro/5604260285297
8384,Leite uht magro,5601049133992,11693,11364,Embalagem de 1 litro,Mimosa,,"0,99€/L","0,99€",https://cdn.intermarche.pt/pt/Content/images/boitmal/produit/zoom/F5320FAD88ED459A5E33FEB47EAEF410.jpg,,/product/leite-uht-magro/5601049133992
26177,Leite Seleccionado Leve,5603722514470,11693,11364,Embalagem de 1L,Matinal,,"1,24€/L","1,24€",https://cdn.intermarche.pt/pt/Content/images/boitmal/produit/zoom/3414EC19C8611CE7E0D99781254117D1.jpg,,/product/leite-seleccionado-leve/5603722514470
35490,Leite uht sem lactose magro,5604260285273,11277,10118,1 litro,PorSi Viva Bem,,"1,05€/L","1,05€",https://cdn.intermarche.pt/pt/Content/images/boitmal/produit/zoom/ED42C25CEB88988A023D9922CE8EF03E.jpg,,/product/leite-uht-sem-lactose-magro/5604260285273
9315,Leite 0% lactose magro,5603722509544,11277,10118,Garrafa de 1 l,Mimosa,,"1,35€/L","1,35€",https://cdn.intermarche.pt/pt/Content/images/boitmal/produit/zoom/F5A14B3D114F4F7D42484C8D1602E358.jpg,,/product/leite-0%25-lactose-magro/5603722509544
8298,Leite Uht Magro,5601018003509,11693,11364,Embalagem de 1L,Gresso,,"0,89€/L","0,89€",https://cdn.intermarche.pt/pt/Content/images/boitmal/produit/zoom/B51AE967A72C24BED3E4BABD9F341EF7.jpg,,/product/leite-uht-magro/5601018003509
20433,Leite de pastagem magro,5601244500070,11693,11364,Embalagem de 1 litro,Terra Nostra,,"1,04€/L","1,04€",https://cdn.intermarche.pt/pt/Content/images/boitmal/produit/zoom/61EFC0152A934985E04C1F26B293B085.jpg,,/product/leite-de-pastagem-magro/5601244500070
11642,Leite pasteurizado magro,5601180002003,11693,11364,Garrafa de 1 l,Vigor,,"1,09€/L","1,09€",https://cdn.intermarche.pt/pt/Content/images/boitmal/produit/zoom/4712850F57AD5A8BB3282BD0DF37AD78.jpg,,/product/leite-pasteurizado-magro/5601180002003
49819,"Leite Seleccionado Leve, pack 3 x 200 ml",5603722517327,11693,11364,,Matinal,,"2,65€/L","1,59€",https://cdn.intermarche.pt/pt/Content/images/boitmal/produit/zoom/71B7A978B09743409E9A95EE1E5CB157.jpg,,/product/leite-seleccionado-leve-pack-3-x-200-ml/5603722517327
49329,Leite magro com chocolate,5603722501937,11693,11364,Garrafa de 800 ml,Mimosa,,"2,86€/L","2,29€",https://cdn.intermarche.pt/pt/Content/images/boitmal/produit/zoom/9EBC420CA337A518F22D0C226FCE1E77.jpg,,/product/leite-magro-com-chocolate/5603722501937
9010,"Leite uht, magro",5601530030175,11693,11364,Embalagem de 1 l,Serraleite,,"1,05€/L","1,05€",https://cdn.intermarche.pt/pt/Content/images/boitmal/produit/zoom/543B3F98D5FFC9CCC658879763382079.jpg,,/product/leite-uht-magro/5601530030175
578,Leite magro em pó,3250390034179,11693,11364,Embalagem de 300 g,Páturages,,"8,63€/Kg","2,59€",https://cdn.intermarche.pt/pt/Content/images/boitmal/produit/zoom/507458A35200E82EB90F8B641AB1E12A.jpg,,/product/leite-magro-em-po/3250390034179
35652,Bebida cálcio sem lactose + proteína,5603722517440,11277,10118,Embalagem de 3 x 250 ml,Mimosa,,"3,99€/L","2,99€",https://cdn.intermarche.pt/pt/Content/images/boitmal/produit/zoom/082D57B313B97BA67B4431F02ED4BA22.jpg,,/product/bebida-calcio-sem-lactose-+-proteina/5603722517440
48767,Leite UHT Morango sem Lactose,5603722520433,11277,10118,Pack 3 x 250 ml,Mimosa,,"3,99€/L","2,99€",https://cdn.intermarche.pt/pt/Content/images/boitmal/produit/zoom/91AEB99AFEE91E613FA3A8781D3F3168.jpg,,/product/leite-uht-morango-sem-lactose/5603722520433
49820,Leite Uht Proteína Café,5603722520716,10915,10120,Pack 3 x 250 ml,Mimosa,,"4,25€/L","3,19€",https://cdn.intermarche.pt/pt/Content/images/boitmal/produit/zoom/16EC14653F7F31D3FE499DC1730AE209.jpg,,/product/leite-uht-proteina-cafe/5603722520716
50633,Leite proteína magro,5603722522093,11277,10118,Garrafa de 1 l,Mimosa,,"2,49€/L","2,49€",https://cdn.intermarche.pt/pt/Content/images/boitmal/produit/zoom/7BC969966D00487096CAA92FEB9F8C0C.jpg,,/product/leite-proteina-magro/5603722522093
26471,Leite com Chocolate,5603722510946,11695,11364,Pack 4X200ml,Gresso,,"8,25€/L","1,65€",https://cdn.intermarche.pt/pt/Content/images/boitmal/produit/zoom/0108FCBB6D228E5EC4619AC8345D099C.jpg,2024-09-25T22:59:59.999Z,/product/leite-com-chocolate/5603722510946
35749,Leite Bem Essencial Chocolate,5603722509667,11695,11364,Embalagem de 4 x 200 ml,Mimosa,,"2,11€/L","1,69€",https://cdn.intermarche.pt/pt/Content/images/boitmal/produit/zoom/7497180C7B501430F6BD78AEC0C140AA.jpg,2024-09-25T22:59:59.999Z,/product/leite-bem-essencial-chocolate/5603722509667
35914,Leite Bem Essencial cereais,5603722509643,11695,11364,Embalagem de 4 x 200 ml,Mimosa,,"2,11€/L","1,69€",https://cdn.intermarche.pt/pt/Content/images/boitmal/produit/zoom/D42EF29BB69D8B61354398DC984E7F3C.jpg,2024-09-25T22:59:59.999Z,/product/leite-bem-essencial-cereais/5603722509643
19022,Leite com Chocolate,5603722509742,11695,11364,Embalagem de 4 x 200 ml,Agros,,"2,24€/L","1,79€",https://cdn.intermarche.pt/pt/Content/images/boitmal/produit/zoom/5E96016EA2C29977083D2986B4126E1A.jpg,,/product/leite-com-chocolate/5603722509742
25108,Leite uht c/ chocolate,5601226041720,11695,11364,Embalagem de 3 x 250 ml,Ucal,,"3,99€/L","2,99€",https://cdn.intermarche.pt/pt/Content/images/boitmal/produit/zoom/2AFB2501DB878C97A2DFFFAA8B544C90.jpg,,/product/leite-uht-c-ou-chocolate/5601226041720
25861,Leite C/ Chocolate,5603722509759,11695,11364,Embalagem de 4 x 200 ml,Mimosa,,"2,11€/L","1,69€",https://cdn.intermarche.pt/pt/Content/images/boitmal/produit/zoom/754E59DFB7314FD42DB15B9A65008D5F.jpg,,/product/leite-c-ou-chocolate/5603722509759
36661,Leite com chocolate,5604260296781,11695,11364,Embalagem de 200 ml,PorSi,,"1,55€/L","0,31€",https://cdn.intermarche.pt/pt/Content/images/boitmal/produit/zoom/43DD88EFCF9AE42C77B4443C9EA3E86B.jpg,,/product/leite-com-chocolate/5604260296781
14172,Leite com chocolate original,5601226006460,11695,11364,Embalagem de 6 x 250 ml,Ucal,,"3,33€/L","4,99€",https://cdn.intermarche.pt/pt/Content/images/boitmal/produit/zoom/A8DEEA2F1BA52BEDD2EBCFD8028ACEB1.jpg,,/product/leite-com-chocolate-original/5601226006460
41381,Macchiato café arábica,5604260307319,11695,11364,250 ml,PorSi,,"4,60€/L","1,15€",https://cdn.intermarche.pt/pt/Content/images/boitmal/produit/zoom/F6B5577F506E3E55F17067234E023EEB.jpg,,/product/macchiato-cafe-arabica/5604260307319
14707,Galão enriquecido em cálcio,5601226041522,11695,11364,Embalagem de 3 x 200 ml,Ucal,,"3,82€/L","2,29€",https://cdn.intermarche.pt/pt/Content/images/boitmal/produit/zoom/71F6A26E117382BAA02E73F251EDC96E.jpg,,/product/galao-enriquecido-em-calcio/5601226041522
41380,Cappuccino café arábica cacau magro em pó,5604260307302,11695,11364,250 ml,PorSi,,"4,60€/L","1,15€",https://cdn.intermarche.pt/pt/Content/images/boitmal/produit/zoom/052D7170CB4320CDED0C9355ADBD68A0.jpg,,/product/cappuccino-cafe-arabica-cacau-magro-em-po/5604260307302
11757,"Leite uht, com café, galão alentejano",5601530030199,11695,11364,Embalagem de 1 l,Serraleite,,"1,39€/L","1,39€",https://cdn.intermarche.pt/pt/Content/images/boitmal/produit/zoom/58E9B12B881CCCF96BEA9C6CB30BA83B.jpg,,/product/leite-uht-com-cafe-galao-alentejano/5601530030199
25109,Leite uht c/ chocolate,5601226041669,11695,11364,Garrafa de 1 l,Ucal,,"2,95€/L","2,95€",https://cdn.intermarche.pt/pt/Content/images/boitmal/produit/zoom/91A57A535B275E2033D3DB7B2B1C7BD8.jpg,,/product/leite-uht-c-ou-chocolate/5601226041669
48011,Leite com Chocolate Meio-Gordo sem Lactose,5603722520068,11277,10118,4 x 200 ml,Agros,,"2,99€/L","2,39€",https://cdn.intermarche.pt/pt/Content/images/boitmal/produit/zoom/D0D3F8B7FFABDBCD2EEE741C61FD069C.jpg,,/product/leite-com-chocolate-meio-gordo-sem-lactose/5603722520068
46683,Leite chocolate milka tetra3x200ml,8410128778903,11695,11364,Garrafa de 600 ml,Milka,,"4,48€/L","2,69€",https://cdn.intermarche.pt/pt/Content/images/boitmal/produit/zoom/A226D73DA8F1861DE313D730CEBF8C37.jpg,,/product/leite-chocolate-milka-tetra3x200ml/8410128778903
49458,Leite c/ Chocolate Bem Especial 0% lactose,5603722505829,11277,10118,pack 4 x 200 ml,Mimosa,,"2,99€/L","2,39€",https://cdn.intermarche.pt/pt/Content/images/boitmal/produit/zoom/273382DABD831386C0BB65AE2C8E8009.jpg,,/product/leite-c-ou-chocolate-bem-especial-0%25-lactose/5603722505829
52934,Bebida Láctea Café,5603722522550,11695,11364,Embalagem de 3 x 200ml,Agros,,"3,98€/L","2,39€",https://cdn.intermarche.pt/pt/Content/images/boitmal/produit/zoom/0FB5A2C12029001B9FDF536CD6412712.jpg,,/product/bebida-lactea-cafe/5603722522550
21340,Leite com Cacau Original,8412700130468,11695,11364,Garrafa de 1 l,Cacaolat,,"2,69€/L","2,69€",https://cdn.intermarche.pt/pt/Content/images/boitmal/produit/zoom/BF2FBB809472348D6691B27FEE26FFA7.jpg,,/product/leite-com-cacau-original/8412700130468
2426,"Bebidas leite, caramelo machiatto",5760466997027,11282,10119,Embalagem de 220 ml,Starbucks,,"9,05€/L","1,99€",https://cdn.intermarche.pt/pt/Content/images/boitmal/produit/zoom/6766ABC3C3D5AB587D47C7873DA5EA96.jpg,,/product/bebidas-leite-caramelo-machiatto/5760466997027
41382,Espresso café arábica,5604260307326,11695,11364,250 ml,PorSi,,"4,36€/L","1,09€",https://cdn.intermarche.pt/pt/Content/images/boitmal/produit/zoom/6EE0FFB1B34007DC22AAB7FB0CC47F69.jpg,,/product/espresso-cafe-arabica/5604260307326
49716,"Frappuccino café starbucks, garrafa de 250 ml",5711953008221,11282,10119,,Starbucks,,"9,56€/L","2,39€",https://cdn.intermarche.pt/pt/Content/images/boitmal/produit/zoom/B07E0773C94F7FB56A8DFEA58E326BC7.jpg,,/product/frappuccino-cafe-starbucks-garrafa-de-250-ml/5711953008221
8781,Galão enriquecido com cálcio,5601226041317,11695,11364,Embalagem de 600 ml,Ucal,,"1,27€/L","0,76€",https://cdn.intermarche.pt/pt/Content/images/boitmal/produit/zoom/66D2539BF22C28A593742B2A541AF204.jpg,,/product/galao-enriquecido-com-calcio/5601226041317
14357,Leite com chocolate light,5601226041492,11695,11364,Embalagem de 6 x 250 ml,Ucal,,"3,99€/Kg","5,99€",https://cdn.intermarche.pt/pt/Content/images/boitmal/produit/zoom/44979C68D1EF8A22639B70C4681E1ED9.jpg,,/product/leite-com-chocolate-light/5601226041492
49405,"Leite com Cacau, 4 x 200 ml",8412700620600,11695,11364,,Cacaolat,,"4,31€/L","3,45€",https://cdn.intermarche.pt/pt/Content/images/boitmal/produit/zoom/3FE8C8D872A078ED2D001162D7398442.jpg,,/product/leite-com-cacau-4-x-200-ml/8412700620600
8707,Leite com Chocolate,5601192103200,11695,11364,Embalagem de 1 litro,Agros,,"1,99€/L","1,99€",https://cdn.intermarche.pt/pt/Content/images/boitmal/produit/zoom/D7AE3551DA81973E52565C5166319D0B.jpg,,/product/leite-com-chocolate/5601192103200
9839,Bebida doubleshot expresso,5760466997188,11282,10119,Embalagem de 200 ml,Starbucks,,"9,95€/L","1,99€",https://cdn.intermarche.pt/pt/Content/images/boitmal/produit/zoom/DAA133B7A06ECB5E3C256D2CFB48C170.jpg,,/product/bebida-doubleshot-expresso/5760466997188
17952,Leite com chocolate sem lactose,5601226041638,11277,10118,Embalagem de 6 x 250 ml,Ucal,,"3,99€/L","5,99€",https://cdn.intermarche.pt/pt/Content/images/boitmal/produit/zoom/AA98E7AC2A4A93FAB0CB705FD97A3C83.jpg,,/product/leite-com-chocolate-sem-lactose/5601226041638
45435,Double Espresso Go Chill,5609060098214,11695,11364,Embalagem de 230 ml,Delta,,"8,65€/L","1,99€",https://cdn.intermarche.pt/pt/Content/images/boitmal/produit/zoom/2DF28FECE85C68560E7D1A54A20E42A9.jpg,,/product/double-espresso-go-chill/5609060098214
9896,Bebida láctea crescimento c/ bolacha maria,7613033331916,11696,11364,Embalagem de 1 litro,Nestlé,,"2,14€/L","2,14€",https://cdn.intermarche.pt/pt/Content/images/boitmal/produit/zoom/0FDF7119A78A1611EB5107F7C7E26C03.jpg,2024-09-25T22:59:59.999Z,/product/bebida-lactea-crescimento-c-ou-bolacha-maria/7613033331916
12346,Bebida láctea crescimento 3 anos+,8410100012667,11696,11364,Embalagem de 1 litro,Nestlé,,"1,99€/L","1,99€",https://cdn.intermarche.pt/pt/Content/images/boitmal/produit/zoom/07D3A6BF9D7F8B6281B1B7254965DD78.jpg,2024-09-25T22:59:59.999Z,/product/bebida-lactea-crescimento-3-anos+/8410100012667
12347,"Bebida láctea crescimento 1-3 anos, cereais",8410100012674,11696,11364,Embalagem de 1 litro,Nestlé,,"2,14€/L","2,14€",https://cdn.intermarche.pt/pt/Content/images/boitmal/produit/zoom/4A82484CB3674F1A33FCD2F0D59DB2B0.jpg,2024-09-25T22:59:59.999Z,/product/bebida-lactea-crescimento-1-3-anos-cereais/8410100012674
8278,Bebida láctea crescimento 1 a 3 anos,5601001124808,11696,11364,Embalagem de 1 litro,Nestlé,,"1,99€/L","1,99€",https://cdn.intermarche.pt/pt/Content/images/boitmal/produit/zoom/6FEA60F5F3F944CC42C45404A5326FAF.jpg,2024-09-25T22:59:59.999Z,/product/bebida-lactea-crescimento-1-a-3-anos/5601001124808
9294,Leite Especial Crescimento 1-3 Anos,5603722494215,11696,11364,Garrafa de 1 l,Mimosa,,"1,49€/L","1,49€",https://cdn.intermarche.pt/pt/Content/images/boitmal/produit/zoom/E8EAAB44B3166FE020B43F64B725D8EB.jpg,,/product/leite-especial-crescimento-1-3-anos/5603722494215
15349,Leite infantil 3+ anos sem lactose,5603722514203,11277,10118,Garrafa de 1 l,Mimosa,,"1,59€/L","1,59€",https://cdn.intermarche.pt/pt/Content/images/boitmal/produit/zoom/C7B6F8D630563D44FE87DA62678E0A5F.jpg,,/product/leite-infantil-3+-anos-sem-lactose/5603722514203
9286,Leite especial crescimento +3 anos,5603722492068,11696,11364,Garrafa de 1 l,Mimosa,,"1,49€/L","1,49€",https://cdn.intermarche.pt/pt/Content/images/boitmal/produit/zoom/26A3BE41175D4F1900210BFF62BF081B.jpg,,/product/leite-especial-crescimento-+3-anos/5603722492068
53942,"Bebida de Leite Sem Lactose Livre, 1L",5603722523298,11691,11364,,Matinal,,"1,49€/L","1,49€",https://cdn.intermarche.pt/pt/Content/images/boitmal/produit/zoom/3F3F185EBF624903AC3031EAC11A6631.jpg,,/product/bebida-de-leite-sem-lactose-livre-1l/5603722523298
29612,Bebida de Arroz,5604260283545,11753,11364,1 l,PorSi Viva Bem,,"1,19€/L","1,19€",https://cdn.intermarche.pt/pt/Content/images/boitmal/produit/zoom/D05B6C7AC51E1F816646E0626C044660.jpg,,/product/bebida-de-arroz/5604260283545
37923,Bebida de Amêndoa,5604260300990,10915,10120,1 litro,PorSi Viva Bem,,"1,29€/L","1,29€",https://cdn.intermarche.pt/pt/Content/images/boitmal/produit/zoom/AE7254B0415A25D68EBAF0C345B394B0.jpg,,/product/bebida-de-amendoa/5604260300990
38417,Bebida Vegetal Aveia Sem Açúcar,5411188124689,10915,10120,Embalagem de 1 l,Alpro,,"2,59€/L","2,59€",https://cdn.intermarche.pt/pt/Content/images/boitmal/produit/zoom/4E2516ED123622B6963D422374872107.jpg,,/product/bebida-vegetal-aveia-sem-acucar/5411188124689
12066,Bebida de soja com cálcio,5604260194063,10711,10022,Embalagem de 1 litro,PorSi Viva Bem,,"0,83€/L","0,83€",https://cdn.intermarche.pt/pt/Content/images/boitmal/produit/zoom/2FD1D2C870104A87A3968C8068525FFA.jpg,,/product/bebida-de-soja-com-calcio/5604260194063
14437,Bebida Vegetal Amêndoa,5411188110835,10711,10022,Embalagem de 1 litro,Alpro,,"2,49€/L","2,49€",https://cdn.intermarche.pt/pt/Content/images/boitmal/produit/zoom/6B753F65EC27A078C0F05C1BE13557F2.jpg,,/product/bebida-vegetal-amendoa/5411188110835
29613,Bebida de Aveia,5604260283538,11753,11364,1 l,PorSi Viva Bem,,"0,99€/L","0,99€",https://cdn.intermarche.pt/pt/Content/images/boitmal/produit/zoom/29DDC221F51DBF506221E40BDE05C0CD.jpg,,/product/bebida-de-aveia/5604260283538
43752,Bebida Vegetal Aveia-Amêndoa,5411188124726,10915,10120,Embalagem de 1 litro,Alpro,,"2,49€/L","2,49€",https://cdn.intermarche.pt/pt/Content/images/boitmal/produit/zoom/41ED3A9A9EA0C04FB4F3A16FF6575B9C.jpg,,/product/bebida-vegetal-aveia-amendoa/5411188124726
50393,Alpro not milk clássica,5411188136613,11753,11364,Garrafa de 1 l,Alpro,,"2,59€/L","2,59€",https://cdn.intermarche.pt/pt/Content/images/boitmal/produit/zoom/7CE5F21FCA8DEED8ABE07C23B2B91786.jpg,,/product/alpro-not-milk-classica/5411188136613
8222,Bebida Vegetal de Soja com Cálcio,5411188553304,10711,10022,Embalagem de 1 l,Alpro,,"1,99€/L","1,99€",https://cdn.intermarche.pt/pt/Content/images/boitmal/produit/zoom/545BAB00502BFD84583926EFDBFE9F24.jpg,,/product/bebida-vegetal-de-soja-com-calcio/5411188553304
42846,Bebida arroz bio,5604260307982,11282,10119,Embalagem de 1 litro,PorSi Bio,,"1,39€/L","1,39€",https://cdn.intermarche.pt/pt/Content/images/boitmal/produit/zoom/4FACE36A38D999FCBC8D44A08432ACEE.jpg,,/product/bebida-arroz-bio/5604260307982
47782,Bebida avelã,5604260319985,10915,10120,1 litro,PorSi Viva Bem,,"1,29€/L","1,29€",https://cdn.intermarche.pt/pt/Content/images/boitmal/produit/zoom/76CE01BC3A4E1ECF3E8C66E4EBAA5F37.jpg,,/product/bebida-avela/5604260319985
14510,Bebida Vegetal Coco,5411188116592,10711,10022,Embalagem de 1L,Alpro,,"2,49€/L","2,49€",https://cdn.intermarche.pt/pt/Content/images/boitmal/produit/zoom/1987CA16F4DDFE322033D82C2A376E65.jpg,,/product/bebida-vegetal-coco/5411188116592
42847,Bio bebida aveia,5604260307999,11282,10119,embalagem de 1 litro,PorSi Bio,,"1,19€/L","1,19€",https://cdn.intermarche.pt/pt/Content/images/boitmal/produit/zoom/EE1011AC8234EBF394A7425459D8D02B.jpg,,/product/bio-bebida-aveia/5604260307999
48157,Bebida de soja s/ açúcar,5604260321261,10711,10022,Embalagem de 1 litro,PorSi Viva Bem,,"0,89€/L","0,89€",https://cdn.intermarche.pt/pt/Content/images/boitmal/produit/zoom/7C840C9AA80A8A587DE7E0362CD9F3E4.jpg,,/product/bebida-de-soja-s-ou-acucar/5604260321261
14508,Bebida de Soja Sem Açúcar,5411188115496,10711,10022,Embalagem de 1L,Alpro,,"2,58€/L","2,58€",https://cdn.intermarche.pt/pt/Content/images/boitmal/produit/zoom/59C7541613D2AEC2ECBE5B108019BE70.jpg,,/product/bebida-de-soja-sem-acucar/5411188115496
33090,Bebida Vegetal Amêndoa Sem Açúcar,5411188112709,10711,10022,Embalagem de 1 litro,Alpro,,"2,59€/L","2,59€",https://cdn.intermarche.pt/pt/Content/images/boitmal/produit/zoom/B38D6D806CDAB94AD756A0104DD1E4F1.jpg,,/product/bebida-vegetal-amendoa-sem-acucar/5411188112709
43119,Creme Soja Culinária,5411188121374,10711,10022,250 ml,Alpro,,"7,16€/L","1,79€",https://cdn.intermarche.pt/pt/Content/images/boitmal/produit/zoom/D15B7B38D91CC175C182EC3CD6256940.jpg,,/product/creme-soja-culinaria/5411188121374
17595,Bebida Vegetal Aveia,5411188115366,10711,10022,Embalagem de 1 litro,Alpro,,"2,49€/L","2,49€",https://cdn.intermarche.pt/pt/Content/images/boitmal/produit/zoom/022F75688FDF46C20D85292C59BA5F61.jpg,,/product/bebida-vegetal-aveia/5411188115366
52831,"Bebida Soja Alto Teor Proteína, 750 ml",5411188139386,11753,11364,,Alpro,,"2,65€/L","1,99€",https://cdn.intermarche.pt/pt/Content/images/boitmal/produit/zoom/A3AC0E87F36C2A77696E57308C8094AC.jpg,,/product/bebida-soja-alto-teor-proteina-750-ml/5411188139386
41265,Bebida Soja Chocolate Light,5411188122074,10711,10022,Embalagem de 3x250ml,Alpro,,"3,99€/L","2,99€",https://cdn.intermarche.pt/pt/Content/images/boitmal/produit/zoom/24A030ACCC569B6A2D4040A5E6B6BA79.jpg,,/product/bebida-soja-chocolate-light/5411188122074
16557,Bebida Vegetal Arroz,5411188117032,11753,11364,Embalagem de 1 l,Alpro,,"2,49€/L","2,49€",https://cdn.intermarche.pt/pt/Content/images/boitmal/produit/zoom/75DBCACFDEE2B7C9BB25D98AA857E138.jpg,,/product/bebida-vegetal-arroz/5411188117032
30728,Bebida de Soja Natural,5604260283460,10711,10022,Pack: 3 x 200 ml,PorSi Viva Bem,,"1,65€/L","0,99€",https://cdn.intermarche.pt/pt/Content/images/boitmal/produit/zoom/F78854067E640A149A978F97962EEB36.jpg,,/product/bebida-de-soja-natural/5604260283460
35850,Bebida de amêndoa - 0% açúcar,5600798960743,11753,11364,Embalagem de 1 litro,Shoyce,,"1,99€/L","1,99€",https://cdn.intermarche.pt/pt/Content/images/boitmal/produit/zoom/5013FFC843ED4864BBA03A98EB758892.jpg,,/product/bebida-de-amendoa-0%25-acucar/5600798960743
52765,"Bebida Láctea Proteica Chocolate, 330ml",5604260331154,11177,10010,,PorSi Viva Bem,,"4,21€/L","1,39€",https://cdn.intermarche.pt/pt/Content/images/boitmal/produit/zoom/DB11F3404CB27B8CCF1D657A510C1D96.jpg,,/product/bebida-lactea-proteica-chocolate-330ml/5604260331154
9680,Bebida soja light,5604260270071,10711,10022,Embalagem de 1 l,PorSi Viva Bem,,"0,85€/L","0,85€",https://cdn.intermarche.pt/pt/Content/images/boitmal/produit/zoom/CE6A380B97A52E78C8A3C79E7B37E40B.jpg,,/product/bebida-soja-light/5604260270071
28268,Bebida amêndoa,5600798960705,11753,11364,Embalagem de 1 litro,Shoyce,,"1,99€/L","1,99€",https://cdn.intermarche.pt/pt/Content/images/boitmal/produit/zoom/63FB85ABE62286CFC5D2220DA54EC498.jpg,,/product/bebida-amendoa/5600798960705
29717,Bebida de Soja Baunilha,5604260246328,10711,10022,1 l,PorSi Viva Bem,,"9,40€/L","0,94€",https://cdn.intermarche.pt/pt/Content/images/boitmal/produit/zoom/388ED56140A02064AC98B102184E584C.jpg,,/product/bebida-de-soja-baunilha/5604260246328
38100,Bebida Soja Chocolate,5411188121978,10711,10022,Embalagem de 3 x 250 ml,Alpro,,"3,72€/L","2,79€",https://cdn.intermarche.pt/pt/Content/images/boitmal/produit/zoom/531C9AE9DF8EE88CA3F9472E24421682.jpg,,/product/bebida-soja-chocolate/5411188121978
48662,Bebida de aveia barista,5600798961108,10915,10120,Embalagem de 1 litro,Shoyce,,"1,99€/L","1,99€",https://cdn.intermarche.pt/pt/Content/images/boitmal/produit/zoom/CA66BCED18FB09F732CBB0A79689D408.jpg,,/product/bebida-de-aveia-barista/5600798961108
14509,Bebida de soja baunilha,5411188115533,10711,10022,Embalagem de 1L,Alpro,,"2,49€/L","2,49€",https://cdn.intermarche.pt/pt/Content/images/boitmal/produit/zoom/CC3EB204FB7E42571369231C3EB15D86.jpg,,/product/bebida-de-soja-baunilha/5411188115533
22734,"Bebida de arroz, 1 litro",5600798960484,11753,11364,,Shoyce,,"1,79€/L","1,79€",https://cdn.intermarche.pt/pt/Content/images/boitmal/produit/zoom/4F75203E7D11FAAA35D3D023D9FE9B33.jpg,,/product/bebida-de-arroz-1-litro/5600798960484
23471,Bebida de coco,5600798960804,11753,11364,Embalagem de 1 litro,Shoyce,,"1,99€/L","1,99€",https://cdn.intermarche.pt/pt/Content/images/boitmal/produit/zoom/2ED0AC68411AB2FBFF4D7A42F3BAABA9.jpg,,/product/bebida-de-coco/5600798960804
40105,"Bebida de aveia bio, 1 l",8436019097168,11282,10119,,Frias bio,,"1,89€/L","1,89€",https://cdn.intermarche.pt/pt/Content/images/boitmal/produit/zoom/B3E50B223FDC40363A784705CBE29B6E.jpg,,/product/bebida-de-aveia-bio-1-l/8436019097168
40203,Bebida de Amêndoa,8436019097014,10915,10120,Embalagem de 1L,Frias,,"2,19€/L","2,19€",https://cdn.intermarche.pt/pt/Content/images/boitmal/produit/zoom/66BEC5137458055F8818DF5A22B46FCA.jpg,,/product/bebida-de-amendoa/8436019097014
40204,Bebida de Aveia,8436019097021,10915,10120,Embalagem de 1L,Frias,,"1,89€/L","1,89€",https://cdn.intermarche.pt/pt/Content/images/boitmal/produit/zoom/7FB387BD0D14FEC7BB52C0FA4BE2BA59.jpg,,/product/bebida-de-aveia/8436019097021
40205,Bebida de Arroz,8436019097038,10915,10120,Embalagem de 1L,Frias,,"1,89€/L","1,89€",https://cdn.intermarche.pt/pt/Content/images/boitmal/produit/zoom/FC3D1DB022047D8176E815976EF192AE.jpg,,/product/bebida-de-arroz/8436019097038
40208,Bebida de Soja com Cálcio,8436019099674,10915,10120,Embalagem de 1L,Frias,,"1,39€/L","1,39€",https://cdn.intermarche.pt/pt/Content/images/boitmal/produit/zoom/2DA0ACE999B08B50434CBD59387B076B.jpg,,/product/bebida-de-soja-com-calcio/8436019099674
40209,Bebida de Soja Natural,8436019099681,10915,10120,Embalagem de 1L,Frias,,"1,29€/L","1,29€",https://cdn.intermarche.pt/pt/Content/images/boitmal/produit/zoom/4B5D11BA3D579EBB46579B8BDE308A00.jpg,,/product/bebida-de-soja-natural/8436019099681
50392,Alpro not milk light,5411188136552,11753,11364,Garrafa de 1 l,Alpro,,"2,59€/L","2,59€",https://cdn.intermarche.pt/pt/Content/images/boitmal/produit/zoom/E78C97386006D71EB10E1A7A7AC43ECB.jpg,,/product/alpro-not-milk-light/5411188136552
49542,Bebida de amêndoa s/ açúcar,5604260323906,10711,10022,Embalagem de 1 litro,PorSi Viva Bem,,"1,39€/L","1,39€",https://cdn.intermarche.pt/pt/Content/images/boitmal/produit/zoom/C168C477F332E00B239870302BB66F25.jpg,,/product/bebida-de-amendoa-s-ou-acucar/5604260323906
29280,Ovos de Galinha ao Ar Livre Classe M/L,5601897500014,11698,11367,6 unidades,Matinados,,"1,79€/Unidade","1,79€",https://cdn.intermarche.pt/pt/Content/images/boitmal/produit/zoom/3048326652357C5FCFB75D3FB01965D7.jpg,,/product/ovos-de-galinha-ao-ar-livre-classe-m-ou-l/5601897500014
46955,Ovos | Classe: L,5600748341554,11698,11367,24 unidades,Ovitae,,"4,89€/Unidade","4,89€",https://cdn.intermarche.pt/pt/Content/images/boitmal/produit/zoom/F9919A79C48E88330AFAA63AFF2BCCC5.jpg,,/product/ovos-|-classe:-l/5600748341554
42574,12 ovos codorniz,5604260306473,11698,11367,Embalagem de 1 unidades,PorSi,,"1,29€/Unidade","1,29€",https://cdn.intermarche.pt/pt/Content/images/boitmal/produit/zoom/9959CAACA76E6DC01DC64467B9C02E6A.jpg,,/product/12-ovos-codorniz/5604260306473
46922,Ovos de Galinha ao Ar Livre Classe M/L,5601897500021,11698,11367,12 unidades,Matinados,,"3,58€/Unidade","3,58€",https://cdn.intermarche.pt/pt/Content/images/boitmal/produit/zoom/D418E60C080058753E8CC98EB5E81765.jpg,,/product/ovos-de-galinha-ao-ar-livre-classe-m-ou-l/5601897500021
29421,Clara de Ovo Liquida Pasteurizada,5604550130146,11698,11367,Embalagem de 1kg,Dovo,,"3,19€/Kg","3,19€",https://cdn.intermarche.pt/pt/Content/images/boitmal/produit/zoom/4C48DA4E457EF5EFD5DD46A9C10CB819.jpg,,/product/clara-de-ovo-liquida-pasteurizada/5604550130146
29419,Clara Liquida Pasteurizada,5604550001033,11698,11367,Embalagem de 320 ml,Dovo,,"3,59€/L","1,15€",https://cdn.intermarche.pt/pt/Content/images/boitmal/produit/zoom/0525F096DF9F2E84286F47C907A77D6B.jpg,,/product/clara-liquida-pasteurizada/5604550001033
51884,"Ovos Classe M/L Biológicos, 6 unidades",5601897600219,11282,10119,,Matinados,,"2,99€/Unidade","2,99€",https://cdn.intermarche.pt/pt/Content/images/boitmal/produit/zoom/70CCF73ECFB31B0B4C8F8B66E111D60B.jpg,,/product/ovos-classe-m-ou-l-biologicos-6-unidades/5601897600219
7324,Manteiga magra meio sal,3228020390131,11706,11363,Embalagem de 250g,Président,,"9,48€/Kg","2,37€",https://cdn.intermarche.pt/pt/Content/images/boitmal/produit/zoom/E0572D04FA5CEC1AC6556A139AF011D2.jpg,2024-09-25T22:59:59.999Z,/product/manteiga-magra-meio-sal/3228020390131
10900,Manteiga fácil de barrar,3228021920191,11706,11363,Embalagem de 250g,Président,,"13,96€/Kg","3,49€",https://cdn.intermarche.pt/pt/Content/images/boitmal/produit/zoom/4D96FDED3FC03AA427EBA14DEAEC2804.jpg,2024-09-25T22:59:59.999Z,/product/manteiga-facil-de-barrar/3228021920191
10901,Manteiga magra baixo teor sal,3228022000298,11706,11363,Embalagem de 250g,Président,,"9,48€/Kg","2,37€",https://cdn.intermarche.pt/pt/Content/images/boitmal/produit/zoom/39754817E202726209A4761F94FED7A7.jpg,2024-09-25T22:59:59.999Z,/product/manteiga-magra-baixo-teor-sal/3228022000298
10899,Manteiga la motte sal do mar,3228021000084,11706,11363,Embalagem de 250 g,Président,,"14,68€/Kg","3,67€",https://cdn.intermarche.pt/pt/Content/images/boitmal/produit/zoom/153C6DDCD2E6CEC05A8A1B3D2D6E4471.jpg,2024-09-25T22:59:59.999Z,/product/manteiga-la-motte-sal-do-mar/3228021000084
51948,"Planteiga sem Sal Vegan, 200g",8719200253056,11282,10119,,Planta,,"7,45€/Kg","1,49€",https://cdn.intermarche.pt/pt/Content/images/boitmal/produit/zoom/6B07C8375772AE175A841170A028D654.jpg,2024-10-04T22:59:59.999Z,/product/planteiga-sem-sal-vegan-200g/8719200253056
11523,"Manteiga com sal, 250g",5601051410029,11706,11363,,Primor,,"8,76€/Kg","2,19€",https://cdn.intermarche.pt/pt/Content/images/boitmal/produit/zoom/5E7E0622B0F1F3C827A5445EBDA354EF.jpg,,/product/manteiga-com-sal-250g/5601051410029
9292,Manteiga Magra,5603722493812,11706,11363,Embalagem de 250g,Matinal,,"9,92€/Kg","2,48€",https://cdn.intermarche.pt/pt/Content/images/boitmal/produit/zoom/B0EFE8F0BAC9D546B0137E2AAE6CB19F.jpg,,/product/manteiga-magra/5603722493812
12127,Manteiga magra,5604260269648,11706,11363,Embalagem de 250g,PorSi,,"7,56€/Kg","1,89€",https://cdn.intermarche.pt/pt/Content/images/boitmal/produit/zoom/23D1EEF2A9C34C9A24A10D68E68F9A35.jpg,,/product/manteiga-magra/5604260269648
47102,Manteiga com sal e sem lactose,5603722520198,11706,11363,Embalagem de 250g,Mimosa,,"10,36€/Kg","2,59€",https://cdn.intermarche.pt/pt/Content/images/boitmal/produit/zoom/B591AEA7549E84BED541D0651A14575A.jpg,,/product/manteiga-com-sal-e-sem-lactose/5603722520198
9293,Manteiga pasteurizada com sal cuvet,5603722493942,11706,11363,Embalagem de 250g,Primor,,"9,16€/Kg","2,29€",https://cdn.intermarche.pt/pt/Content/images/boitmal/produit/zoom/5B98CBCDF9DE77B1D84C2C6375C3439D.jpg,,/product/manteiga-pasteurizada-com-sal-cuvet/5603722493942
11967,Manteiga c/ sal,5601049612336,11706,11363,Embalagem de 250g,Mimosa,,"8,76€/Kg","2,19€",https://cdn.intermarche.pt/pt/Content/images/boitmal/produit/zoom/C41D77380AC10A8E184B8D4C3C381772.jpg,,/product/manteiga-c-ou-sal/5601049612336
9311,Manteiga fácil de barrar,5603722502064,11706,11363,Embalagem de 250g,Mimosa,,"9,40€/Kg","2,35€",https://cdn.intermarche.pt/pt/Content/images/boitmal/produit/zoom/4BF7FA2397A9EAF9E6403C8BF847293A.jpg,,/product/manteiga-facil-de-barrar/5603722502064
9631,Manteiga com sal açores,5604260265466,11706,11363,Embalagem de 250 g,PorSi,,"7,92€/Kg","1,98€",https://cdn.intermarche.pt/pt/Content/images/boitmal/produit/zoom/1F50B593F150B48E6711F7722EAC4ED2.jpg,,/product/manteiga-com-sal-acores/5604260265466
11963,Manteiga sem sal,5603722505775,11706,11363,Embalagem de 250g,Mimosa,,"8,96€/Kg","2,24€",https://cdn.intermarche.pt/pt/Content/images/boitmal/produit/zoom/328B59C6E2944F7ED81679344E5E6191.jpg,,/product/manteiga-sem-sal/5603722505775
37603,Manteiga sem sal terra nostra,5601244700005,11706,11363,Embalagem de 250g,Terra Nostra,,"9,16€/Kg","2,29€",https://cdn.intermarche.pt/pt/Content/images/boitmal/produit/zoom/A2ED522CEDE2615912420B519808E371.jpg,,/product/manteiga-sem-sal-terra-nostra/5601244700005
42145,Manteiga com sal,5604260304639,11706,11363,Embalagem de 250 g,PorSi,,"7,92€/Kg","1,98€",https://cdn.intermarche.pt/pt/Content/images/boitmal/produit/zoom/A482BEE05418D098101D118228278528.jpg,,/product/manteiga-com-sal/5604260304639
52935,"Manteiga Magra Sem Lactose, 200g",5603722522628,11282,10119,,Matinal,,"10,95€/Kg","2,19€",https://cdn.intermarche.pt/pt/Content/images/boitmal/produit/zoom/2A7DC81F20D438007A5500C63648E75B.jpg,,/product/manteiga-magra-sem-lactose-200g/5603722522628
8396,Manteiga com sal,5601049614330,11706,11363,Embalagem de 250g,Milhafre,,"9,16€/Kg","2,29€",https://cdn.intermarche.pt/pt/Content/images/boitmal/produit/zoom/8DCB9F2F3B36086D35B7173891ABA268.jpg,,/product/manteiga-com-sal/5601049614330
9061,Manteiga com Sal,5601771028054,11706,11363,Embalagem de 250g,Loreto,,"9,16€/Kg","2,29€",https://cdn.intermarche.pt/pt/Content/images/boitmal/produit/zoom/0058301832132528BD4F576ED6C13FE4.jpg,,/product/manteiga-com-sal/5601771028054
11524,Manteiga sem sal,5601051420028,11706,11363,Embalagem de 250g,Primor,,"8,76€/Kg","2,19€",https://cdn.intermarche.pt/pt/Content/images/boitmal/produit/zoom/B2FFA6A89B700950590104B0F7BA500E.jpg,,/product/manteiga-sem-sal/5601051420028
11463,Manteiga com Sal,5601018001642,11706,11363,Embalagem de 250g,Gresso,,"8,36€/Kg","2,09€",https://cdn.intermarche.pt/pt/Content/images/boitmal/produit/zoom/CE6327DA4716D17A10AB93CC3D5ACD31.jpg,,/product/manteiga-com-sal/5601018001642
11501,Manteiga com sal,5601049612084,11706,11363,Embalagem de 130g,Mimosa,,"11,00€/Kg","1,43€",https://cdn.intermarche.pt/pt/Content/images/boitmal/produit/zoom/DC7A16E0542B828D039563A6AD9E73FE.jpg,,/product/manteiga-com-sal/5601049612084
9078,Manteiga com sal,5601883000351,11706,11363,Embalagem de 250g,Nova Açores,,"7,16€/Kg","1,79€",https://cdn.intermarche.pt/pt/Content/images/boitmal/produit/zoom/B374003B4D850F2B18FB43590E1FCCC4.jpg,,/product/manteiga-com-sal/5601883000351
11960,Manteiga magra,5603722505300,11706,11363,Embalagem de 250g,Mimosa,,"8,96€/Kg","2,24€",https://cdn.intermarche.pt/pt/Content/images/boitmal/produit/zoom/4BED7878F3F6B8054337A806342B0A37.jpg,,/product/manteiga-magra/5603722505300
19927,Manteiga c/ sal gourmet,5601883000405,11706,11363,Embalagem de 250g,Nova Açores,,"10,36€/Kg","2,59€",https://cdn.intermarche.pt/pt/Content/images/boitmal/produit/zoom/65056049540390D09FDE870040E3173A.jpg,,/product/manteiga-c-ou-sal-gourmet/5601883000405
9308,Manteiga com sal marinho,5603722501449,11706,11363,Embalagem de 130g,Primor,,"15,23€/Kg","1,98€",https://cdn.intermarche.pt/pt/Content/images/boitmal/produit/zoom/3C293E46CDEBC2751EF88E5A5F91F701.jpg,,/product/manteiga-com-sal-marinho/5603722501449
28063,Manteiga s/ lactose,5603722516726,11282,10119,Embalagem de 130g,Primor,,"15,23€/Kg","1,98€",https://cdn.intermarche.pt/pt/Content/images/boitmal/produit/zoom/34F1B20CE191519273B27FBF452F5B33.jpg,,/product/manteiga-s-ou-lactose/5603722516726
14708,Manteiga c/sal,5601244202332,11706,11363,Embalagem de 250g,Terra Nostra,,"7,96€/Kg","1,99€",https://cdn.intermarche.pt/pt/Content/images/boitmal/produit/zoom/F856625366E0E50DFC4757127A46E849.jpg,,/product/manteiga-c-ou-sal/5601244202332
33981,Manteiga de Cabra,8003046000166,11706,11363,Embalagem de 125g,Girau,,"15,92€/Kg","1,99€",https://cdn.intermarche.pt/pt/Content/images/boitmal/produit/zoom/2444EE88F5D38359F2230438789E6437.jpg,,/product/manteiga-de-cabra/8003046000166
52882,"Creme Vegetal de Barrar com Sabor a Manteiga, 1 kg",8719200267923,11707,11363,,Planta,,"4,99€/Kg","4,99€",https://cdn.intermarche.pt/pt/Content/images/boitmal/produit/zoom/CA359583CDC4B85860A9620A14431005.jpg,2024-09-25T22:59:59.999Z,/product/creme-vegetal-de-barrar-com-sabor-a-manteiga-1-kg/8719200267923
51896,"Creme Vegetal para Barrar Original, 400g",8719200253377,11707,11363,,Planta,,"6,23€/Kg","2,49€",https://cdn.intermarche.pt/pt/Content/images/boitmal/produit/zoom/7E3E893F11A83F74C9C78D45FF4B6FD0.jpg,2024-09-25T22:59:59.999Z,/product/creme-vegetal-para-barrar-original-400g/8719200253377
51895,"Creme Vegetal para Barrar Original, 225g",8719200253407,11707,11363,,Planta,,"7,56€/Kg","1,70€",https://cdn.intermarche.pt/pt/Content/images/boitmal/produit/zoom/34875B4CFAEFB89404E5C1F04E47EB55.jpg,2024-09-25T22:59:59.999Z,/product/creme-vegetal-para-barrar-original-225g/8719200253407
52883,"Creme Vegetal para Barrar Original, 1 kg",8719200267824,11707,11363,,Planta,,"4,79€/Kg","4,79€",https://cdn.intermarche.pt/pt/Content/images/boitmal/produit/zoom/CBB4812E883E0A943660F7C5BD667E18.jpg,2024-09-25T22:59:59.999Z,/product/creme-vegetal-para-barrar-original-1-kg/8719200267824
52636,"Creme Vegetal para Barrar, 400g",8719200269026,11707,11363,,Planta,,"6,98€/Kg","2,79€",https://cdn.intermarche.pt/pt/Content/images/boitmal/produit/zoom/F2CFBA4FEEFEB61DCCAE1BF3D707E3AF.jpg,2024-09-25T22:59:59.999Z,/product/creme-vegetal-para-barrar-400g/8719200269026
53112,"Creme Vegetal para Barrar Magro Sabor a Manteiga, 225g",8719200261396,11282,10119,,Planta,,"7,96€/Kg","1,79€",https://cdn.intermarche.pt/pt/Content/images/boitmal/produit/zoom/8A26170B245BCD16D7302351FE82D3EB.jpg,2024-09-25T22:59:59.999Z,/product/creme-vegetal-para-barrar-magro-sabor-a-manteiga-225g/8719200261396
16419,Creme vegetal para culinária,5604260127535,11707,11363,Embalagem de 1 kg,PorSi,,"2,49€/Kg","2,49€",https://cdn.intermarche.pt/pt/Content/images/boitmal/produit/zoom/EFC5230486AA9D2C9C956D01F8E963C1.jpg,,/product/creme-vegetal-para-culinaria/5604260127535
50020,Creme Vegetal para Barrar,8719200231832,11282,10119,Embalagem de 225g,Pro-activ,,"17,73€/Kg","3,99€",https://cdn.intermarche.pt/pt/Content/images/boitmal/produit/zoom/E48C02A75483F77620852FF97B5C7EEB.jpg,,/product/creme-vegetal-para-barrar/8719200231832
52880,"Creme Vegetal de Barrar com Sabor a Manteiga, 450g",8719200267794,11707,11363,,Becel,,"11,09€/Kg","4,99€",https://cdn.intermarche.pt/pt/Content/images/boitmal/produit/zoom/287D301C66C180312FAA8A3BAE7EA710.jpg,,/product/creme-vegetal-de-barrar-com-sabor-a-manteiga-450g/8719200267794
16420,Creme vegetal para culinária,5604260248070,11707,11363,Embalagem de 250g,PorSi,,"3,16€/Kg","0,79€",https://cdn.intermarche.pt/pt/Content/images/boitmal/produit/zoom/A51DBC41FEB55C6E0E677706BC601410.jpg,,/product/creme-vegetal-para-culinaria/5604260248070
33442,Creme vegetal sabor manteiga,5604260286379,11707,11363,Embalagem de 500 g,PorSi,,"3,38€/Kg","1,69€",https://cdn.intermarche.pt/pt/Content/images/boitmal/produit/zoom/A0EB99C092AAF84CA1B83690B2A15EBD.jpg,,/product/creme-vegetal-sabor-manteiga/5604260286379
34008,Creme vegetal para barrar,5604260286362,11707,11363,Embalagem de 500 g,PorSi,,"2,70€/Kg","1,35€",https://cdn.intermarche.pt/pt/Content/images/boitmal/produit/zoom/4597D5AB133DF73AAA3CCB079C956CB8.jpg,,/product/creme-vegetal-para-barrar/5604260286362
43626,Creme vegetal líquido cozinha,5604260302765,11707,11363,Garrafa de 500 ml,PorSi,,"3,38€/L","1,69€",https://cdn.intermarche.pt/pt/Content/images/boitmal/produit/zoom/BBE1C9EB8920840554505163DB998C43.jpg,,/product/creme-vegetal-liquido-cozinha/5604260302765
49964,Creme de Barrar,8719200238176,11707,11363,Embalagem de 225g,Becel,,"13,29€/Kg","2,99€",https://cdn.intermarche.pt/pt/Content/images/boitmal/produit/zoom/382BF7BFAA9AE155413812F2C51A439C.jpg,,/product/creme-de-barrar/8719200238176
52879,"Creme Vegetal para Barrar, 450g",8719200256408,11707,11363,,Astra,,"3,76€/Kg","1,69€",https://cdn.intermarche.pt/pt/Content/images/boitmal/produit/zoom/AF496D387BC9A1814D7E46819C091CD1.jpg,,/product/creme-vegetal-para-barrar-450g/8719200256408
50019,Creme Vegetal para Barrar,8719200231740,11282,10119,Embalagem de 450g,Pro-activ,,"15,53€/Kg","6,99€",https://cdn.intermarche.pt/pt/Content/images/boitmal/produit/zoom/90C9C700340C8347F870851C9F7882DE.jpg,,/product/creme-vegetal-para-barrar/8719200231740
50021,Creme Vegetal para Barrar,8719200231801,11282,10119,Embalagem de 450g,Pro-activ,,"15,53€/Kg","6,99€",https://cdn.intermarche.pt/pt/Content/images/boitmal/produit/zoom/5CA17D83A4B1158ED2380D3A9135F55E.jpg,,/product/creme-vegetal-para-barrar/8719200231801
52881,"Creme Vegetal para Barrar Original, 450g",8719200267190,11707,11363,,Becel,,"13,09€/Kg","5,89€",https://cdn.intermarche.pt/pt/Content/images/boitmal/produit/zoom/D67292663C5C1617E51BCDF904BF56A4.jpg,,/product/creme-vegetal-para-barrar-original-450g/8719200267190
50018,Creme Vegetal para Barrar,8719200230989,11282,10119,Embalagem de 225g,Pro-activ,,"17,73€/Kg","3,99€",https://cdn.intermarche.pt/pt/Content/images/boitmal/produit/zoom/E746CC522FE7D3D32F90D213B8EC16BB.jpg,,/product/creme-vegetal-para-barrar/8719200230989
46651,Creme vegetal p/ barrar reduz colesterol,5604260307791,11282,10119,250 g,PorSi Viva Bem,,"7,96€/Kg","1,99€",https://cdn.intermarche.pt/pt/Content/images/boitmal/produit/zoom/47C7E4C446A032EBC415A33185B60E11.jpg,,/product/creme-vegetal-p-ou-barrar-reduz-colesterol/5604260307791
36935,Creme para barrar,0000080176800,10317,10051,Embalagem de 750 g,Nutella,,"9,72€/Kg","7,29€",https://cdn.intermarche.pt/pt/Content/images/boitmal/produit/zoom/506FB916EAF70D273B9F4E00A3A5FC6E.jpg,,/product/creme-para-barrar/0000080176800
11959,Nata para culinária ligeira,5603722504945,11703,11365,Embalagem de 200 ml,Mimosa,,"4,20€/L","0,84€",https://cdn.intermarche.pt/pt/Content/images/boitmal/produit/zoom/A0377F70E8B13E785737B9E790570BDE.jpg,2024-09-25T22:59:59.999Z,/product/nata-para-culinaria-ligeira/5603722504945
52887,"Natas para Massas, 200 ml",5603722523137,11703,11365,,Mimosa,,"4,95€/L","0,99€",https://cdn.intermarche.pt/pt/Content/images/boitmal/produit/zoom/F3EDAE46E372CBB78EE7DEA3A9DB3BD9.jpg,2024-09-25T22:59:59.999Z,/product/natas-para-massas-200-ml/5603722523137
50624,"Nata Culinária Sem Lactose, 200 ml",5603722520969,11703,11365,,Mimosa,,"4,95€/L","0,99€",https://cdn.intermarche.pt/pt/Content/images/boitmal/produit/zoom/050D19427AA010B013CA63696314E26F.jpg,2024-09-25T22:59:59.999Z,/product/nata-culinaria-sem-lactose-200-ml/5603722520969
52804,"Creme Vegetal Leite Coco, 200 ml",5603722523014,11282,10119,,Mimosa,,"6,45€/L","1,29€",https://cdn.intermarche.pt/pt/Content/images/boitmal/produit/zoom/015C744C98820B7831E32EFBFFA827A7.jpg,2024-09-25T22:59:59.999Z,/product/creme-vegetal-leite-coco-200-ml/5603722523014
52886,"Natas para Carne, 200 ml",5603722523113,11703,11365,,Mimosa,,"4,95€/L","0,99€",https://cdn.intermarche.pt/pt/Content/images/boitmal/produit/zoom/974E5E2703AF4694FB78F37DC9D40DC9.jpg,2024-09-25T22:59:59.999Z,/product/natas-para-carne-200-ml/5603722523113
36253,Nata uht light para culinária,5604260290246,11703,11365,embalagem de 200 ml,PorSi,,"3,45€/L","0,69€",https://cdn.intermarche.pt/pt/Content/images/boitmal/produit/zoom/F3B32AAC888E1AF85690FE13660B77A8.jpg,,/product/nata-uht-light-para-culinaria/5604260290246
12046,Molho bechamel,5604260104116,11703,11365,Embalagem de 500 ml,PorSi,,"3,18€/L","1,59€",https://cdn.intermarche.pt/pt/Content/images/boitmal/produit/zoom/59302A2DF178F420468EA484A424548F.jpg,,/product/molho-bechamel/5604260104116
11922,Molho bechamel,5603089001125,11703,11365,Embalagem de 200 ml,Parmalat,,"5,95€/L","1,19€",https://cdn.intermarche.pt/pt/Content/images/boitmal/produit/zoom/9C3458C8BB2A370E8731689890BBDCF8.jpg,,/product/molho-bechamel/5603089001125
9250,Nata uht para bater,5603089002214,11703,11365,Embalagem de 200 ml,Parmalat,,"5,70€/L","1,14€",https://cdn.intermarche.pt/pt/Content/images/boitmal/produit/zoom/564E6DE7CBEC64036F1973402627DACC.jpg,,/product/nata-uht-para-bater/5603089002214
11923,Natas uht com cogumelos,5603089001354,11703,11365,Embalagem de 200 ml,Parmalat,,"6,45€/L","1,29€",https://cdn.intermarche.pt/pt/Content/images/boitmal/produit/zoom/F673DA54DF0FB2354A320B1D6D903A2F.jpg,,/product/natas-uht-com-cogumelos/5603089001354
11925,Nata uht para culinária,5603089002221,11703,11365,Embalagem de 200 ml,Parmalat,,"5,60€/L","1,12€",https://cdn.intermarche.pt/pt/Content/images/boitmal/produit/zoom/39B2978C231528EFFB97F8BADC2C7332.jpg,,/product/nata-uht-para-culinaria/5603089002221
11930,Nata uht carbonara,5603089003679,11703,11365,Embalagem de 200 ml,Parmalat,,"6,45€/L","1,29€",https://cdn.intermarche.pt/pt/Content/images/boitmal/produit/zoom/7103608D2E44D48C929116E950C3FF6B.jpg,,/product/nata-uht-carbonara/5603089003679
11929,Natas uht 3 queijos,5603089003518,11703,11365,Embalagem de 200 ml,Parmalat,,"6,45€/L","1,29€",https://cdn.intermarche.pt/pt/Content/images/boitmal/produit/zoom/6F8185F292BC05B9C919EB0A61212A41.jpg,,/product/natas-uht-3-queijos/5603089003518
22428,Creme culinário de soja,5600798960286,11282,10119,Garrafa de 200 ml,Shoyce,,"5,95€/L","1,19€",https://cdn.intermarche.pt/pt/Content/images/boitmal/produit/zoom/34C0562B5361D465B3611C358589D5AC.jpg,,/product/creme-culinario-de-soja/5600798960286
9247,Molho bechamel,5603089000661,11703,11365,Embalagem de 500 ml,Parmalat,,"4,38€/L","2,19€",https://cdn.intermarche.pt/pt/Content/images/boitmal/produit/zoom/D25E86383C37049DAB440553127AE074.jpg,,/product/molho-bechamel/5603089000661
30709,Bechamel sem glúten,5603089007738,11282,10119,500 ml,Parmalat,,"5,18€/L","2,59€",https://cdn.intermarche.pt/pt/Content/images/boitmal/produit/zoom/A45D4AD7BDD866FA75167D46D503ED8D.jpg,,/product/bechamel-sem-gluten/5603089007738
9252,Nata com ervas aromáticas,5603089006199,11703,11365,Embalagem de 200 ml,Parmalat,,"6,45€/L","1,29€",https://cdn.intermarche.pt/pt/Content/images/boitmal/produit/zoom/1B8911025812A9BB9E6C9A1B12F65203.jpg,,/product/nata-com-ervas-aromaticas/5603089006199
26580,Creme culinário soja light,5600798960163,11282,10119,Garrafa de 200 ml,Shoyce,,"6,45€/L","1,29€",https://cdn.intermarche.pt/pt/Content/images/boitmal/produit/zoom/CC263813DE6A8BEF285425FD77A9AB4E.jpg,,/product/creme-culinario-soja-light/5600798960163
36945,Margarina líquida,8719200009899,11704,11365,Embalagem de 500 ml,Vaqueiro,,"5,98€/L","2,99€",https://cdn.intermarche.pt/pt/Content/images/boitmal/produit/zoom/18B276D9701F28BD99E88251DF4CDB08.jpg,,/product/margarina-liquida/8719200009899
5774,Banha de Porco,5604260025299,11704,11365,Embalagem de 940 g,PorSi,,"4,78€/Kg","4,49€",https://cdn.intermarche.pt/pt/Content/images/boitmal/produit/zoom/ACA951D8A806DF1DCF0082F65FBBC5DC.jpg,,/product/banha-de-porco/5604260025299
5773,Banha de Porco,5604260025282,11704,11365,Embalagem de 230 g,PorSi,,"3,87€/Kg","0,89€",https://cdn.intermarche.pt/pt/Content/images/boitmal/produit/zoom/680F093F07B7C209C0DDEB03991A63B0.jpg,,/product/banha-de-porco/5604260025282
11496,Nata uht,5601049213991,11705,11365,embalagem de 200 ml,Mimosa,,"4,20€/L","0,84€",https://cdn.intermarche.pt/pt/Content/images/boitmal/produit/zoom/887C5343F4688DBB2FEDBF4E6D25399A.jpg,2024-09-25T22:59:59.999Z,/product/nata-uht/5601049213991
44264,"Nata cremosa sem lactose, 200 ml",5603722517136,11705,11365,,Mimosa,,"4,95€/L","0,99€",https://cdn.intermarche.pt/pt/Content/images/boitmal/produit/zoom/505AB5A758F0033F2C092C6776B8A3D2.jpg,2024-09-25T22:59:59.999Z,/product/nata-cremosa-sem-lactose-200-ml/5603722517136
11950,Nata uht light,5603722495106,11705,11365,Embalagem de 200 ml,Mimosa,,"4,20€/L","0,84€",https://cdn.intermarche.pt/pt/Content/images/boitmal/produit/zoom/6E7D8A653C78B6ADF8DDAFC11006499D.jpg,2024-09-25T22:59:59.999Z,/product/nata-uht-light/5603722495106
11958,"Nata pasteurizada, 200 ml",5603722504938,11705,11365,,Mimosa,,"8,45€/L","1,69€",https://cdn.intermarche.pt/pt/Content/images/boitmal/produit/zoom/9136B30EBD1981F469CF453A7AEC79C1.jpg,2024-09-25T22:59:59.999Z,/product/nata-pasteurizada-200-ml/5603722504938
37421,Nata uht,5604260290222,11705,11365,Embalagem de 200 ml,PorSi,,"3,75€/L","0,75€",https://cdn.intermarche.pt/pt/Content/images/boitmal/produit/zoom/75F693E32D3C766771F43551BCC047C1.jpg,,/product/nata-uht/5604260290222
11466,Nata Uht para Bater,5601018004605,11705,11365,Embalagem de 200 ml,Gresso,,"4,20€/L","0,84€",https://cdn.intermarche.pt/pt/Content/images/boitmal/produit/zoom/F0BDEBD8FC14852BBFA2B30DDCAEC8DB.jpg,,/product/nata-uht-para-bater/5601018004605
11650,Nata Uht,5601192201104,11705,11365,Garrafa de 200 ml,Agros,,"4,95€/L","0,99€",https://cdn.intermarche.pt/pt/Content/images/boitmal/produit/zoom/4B340CBB8695D3B73B1AFCD0D35CD883.jpg,,/product/nata-uht/5601192201104
12379,Chantilly,8410285015354,11705,11365,Embalagem de 250 g,Président,,"3,56€/Kg","0,89€",https://cdn.intermarche.pt/pt/Content/images/boitmal/produit/zoom/B654208BFA286B469467D921BFF560D4.jpg,,/product/chantilly/8410285015354
42179,Nata pasteurizada,5604260307777,11705,11365,Embalagem de 450 ml,PorSi,,"6,20€/L","2,79€",https://cdn.intermarche.pt/pt/Content/images/boitmal/produit/zoom/6E34B08A0109E785FC983F0CB93196A9.jpg,,/product/nata-pasteurizada/5604260307777
15327,Nata uht ligeira,3250392098568,11705,11365,Embalagem de 2X250ML,Páturages,,"5,58€/L","2,79€",https://cdn.intermarche.pt/pt/Content/images/boitmal/produit/zoom/F7BF10BEE2DC97D7940E84FDF69AF97D.jpg,,/product/nata-uht-ligeira/3250392098568
21339,Nata uht 0% lactose,5603089007134,11282,10119,Embalagem de 200 ml,Parmalat,,"6,95€/L","1,39€",https://cdn.intermarche.pt/pt/Content/images/boitmal/produit/zoom/5C987CE9D5560AC8B2365E7C27451819.jpg,,/product/nata-uht-0%25-lactose/5603089007134
42839,Nata pasteurizada leve,5604260307784,11705,11365,Embalagem de 450 ml,PorSi,,"4,20€/L","1,89€",https://cdn.intermarche.pt/pt/Content/images/boitmal/produit/zoom/0D81CC51DCB5F6ED660D46CBD75D32B0.jpg,,/product/nata-pasteurizada-leve/5604260307784
7409,Chantilly 18% mg,3250390504535,11705,11365,Embalagem de 250g,Páturages,,"6,76€/Kg","1,69€",https://cdn.intermarche.pt/pt/Content/images/boitmal/produit/zoom/0EDD81F8B87FE74609B7B722EED5BB1F.jpg,,/product/chantilly-18%25-mg/3250390504535
8378,Natas pasteurizadas para bater,8435257046631,11705,11365,Embalagem de 200 ml,Nestlé,,"11,45€/L","2,29€",https://cdn.intermarche.pt/pt/Content/images/boitmal/produit/zoom/8A451B2726DC1FCA2EB42575C8D9DD9C.jpg,,/product/natas-pasteurizadas-para-bater/8435257046631
10916,"Chantilly, spray",3250390012313,11705,11365,Embalagem de 250g,Páturages,,"6,76€/Kg","1,69€",https://cdn.intermarche.pt/pt/Content/images/boitmal/produit/zoom/FA8D1C914EC9F000CDBD1607E865A3EF.jpg,,/product/chantilly-spray/3250390012313
28646,Nata uht p/ bater 0% lactose,5603089007424,11282,10119,Embalagem de 200 ml,Parmalat,,"6,45€/L","1,29€",https://cdn.intermarche.pt/pt/Content/images/boitmal/produit/zoom/75B763EC3A4C9118C66217B925A7A9C2.jpg,,/product/nata-uht-p-ou-bater-0%25-lactose/5603089007424
52875,"Chantilly Baunilha Spray, 250g",3155253012649,11705,11365,,Président,,"13,16€/Kg","3,29€",https://cdn.intermarche.pt/pt/Content/images/boitmal/produit/zoom/FDD9C786E532EE4BC79BE4A73B39CF48.jpg,,/product/chantilly-baunilha-spray-250g/3155253012649
10094,"Iogurte líquido yoggi banana,  4 x 160 g",8435257040776,10400,10010,,Nestlé,,"3,11€/Kg","1,99€",https://cdn.intermarche.pt/pt/Content/images/boitmal/produit/zoom/7A1039A34E2D3851553F65DFE7093FB2.jpg,2024-09-25T22:59:59.999Z,/product/iogurte-liquido-yoggi-banana-4-x-160-g/8435257040776
12471,"Iogurte líquido yoggi morango/banana,  4 x 160 g",8435257040868,10400,10010,,Nestlé,,"3,11€/Kg","1,99€",https://cdn.intermarche.pt/pt/Content/images/boitmal/produit/zoom/93A52C02113750956F92B7DD59810765.jpg,2024-09-25T22:59:59.999Z,/product/iogurte-liquido-yoggi-morango-ou-banana-4-x-160-g/8435257040868
21051,"Iogurte líquido yoggi, sem lactose, morango,  4 x 160 g",8435257034300,10400,10010,,Nestlé,,"3,42€/Kg","2,19€",https://cdn.intermarche.pt/pt/Content/images/boitmal/produit/zoom/EDE6B117FB886E95B7257B2282F005D2.jpg,2024-09-25T22:59:59.999Z,/product/iogurte-liquido-yoggi-sem-lactose-morango-4-x-160-g/8435257034300
51782,"Iogurte Liquido Pinacolada,  1 kg",5604260327669,10400,10010,,PorSi,,"1,69€/Kg","1,69€",https://cdn.intermarche.pt/pt/Content/images/boitmal/produit/zoom/E769415F34EE41190069C8E55018867C.jpg,,/product/iogurte-liquido-pinacolada-1-kg/5604260327669
8434,"Iogurte activia líquido 0% lima/limão,  4 x 155 g",5601050033731,10400,10010,,Danone,,"3,21€/Kg","1,99€",https://cdn.intermarche.pt/pt/Content/images/boitmal/produit/zoom/E8DD28A0F1244F3320993F3917832E4F.jpg,2024-09-25T22:59:59.999Z,/product/iogurte-activia-liquido-0%25-lima-ou-limao-4-x-155-g/5601050033731
21052,"Iogurte líquido yoggi, sem lactose, morango/banana,  4 x 160 g",8435257034270,10400,10010,,Nestlé,,"3,42€/Kg","2,19€",https://cdn.intermarche.pt/pt/Content/images/boitmal/produit/zoom/93C63CDCCE271351E42C385AFD3AE69F.jpg,2024-09-25T22:59:59.999Z,/product/iogurte-liquido-yoggi-sem-lactose-morango-ou-banana-4-x-160-g/8435257034270
31516,"Yoggi liquido morango,  8x160g",8435257039107,10400,10010,,Nestlé,,"2,70€/Kg","3,89€",https://cdn.intermarche.pt/pt/Content/images/boitmal/produit/zoom/C1FDD60617CEBA746EBEE60AECF62B13.jpg,2024-09-25T22:59:59.999Z,/product/yoggi-liquido-morango-8x160g/8435257039107
46670,"Iogurte Líquido Activia Aveia & Linhaça, 4x155g",5601050037227,10400,10010,,Danone,,"3,21€/Kg","1,99€",https://cdn.intermarche.pt/pt/Content/images/boitmal/produit/zoom/7E7C727863D557E926C1A28A0D20E72E.jpg,2024-09-25T22:59:59.999Z,/product/iogurte-liquido-activia-aveia-&-linhaca-4x155g/5601050037227
51781,"Iogurte liquido morango,  1 kg",5604260327652,10400,10010,,PorSi,,"1,69€/Kg","1,69€",https://cdn.intermarche.pt/pt/Content/images/boitmal/produit/zoom/CC88AAD4451E8700447A902943123884.jpg,,/product/iogurte-liquido-morango-1-kg/5604260327652
51784,"Iogurte Liquido Magro Morango, 1 kg",5604260327683,10400,10010,,PorSi Viva Bem,,"1,69€/Kg","1,69€",https://cdn.intermarche.pt/pt/Content/images/boitmal/produit/zoom/36D30A5F8B9E9E6C892F4180F154E60A.jpg,,/product/iogurte-liquido-magro-morango-1-kg/5604260327683
8400,"Iogurte activia líquido cereais,  4 x 155 g",5601050033779,10400,10010,,Danone,,"3,21€/Kg","1,99€",https://cdn.intermarche.pt/pt/Content/images/boitmal/produit/zoom/3AC3707CF655B8CC61D2C80E4828D7C8.jpg,2024-09-25T22:59:59.999Z,/product/iogurte-activia-liquido-cereais-4-x-155-g/5601050033779
8413,"Actimel morango, 6 x 100g",8410500008932,10400,10010,,Actimel Danone,,"4,82€/Kg","2,89€",https://cdn.intermarche.pt/pt/Content/images/boitmal/produit/zoom/F6EB1A175778A171D463316E7A3FAC27.jpg,2024-09-25T22:59:59.999Z,/product/actimel-morango-6-x-100g/8410500008932
8414,"Actimel natural, 600g",0000084105554,10400,10010,,Actimel Danone,,"4,82€/Kg","2,89€",https://cdn.intermarche.pt/pt/Content/images/boitmal/produit/zoom/7A186DC804919831E9938DE43EC05D70.jpg,2024-09-25T22:59:59.999Z,/product/actimel-natural-600g/0000084105554
18301,"Iogurte líquido morango,  8x160 ml",5604260278503,10400,10010,,PorSi,,"2,02€/L","2,59€",https://cdn.intermarche.pt/pt/Content/images/boitmal/produit/zoom/82F4DF29967771E32A0D2A5BD395A808.jpg,2024-10-04T22:59:59.999Z,/product/iogurte-liquido-morango-8x160-ml/5604260278503
10095,"Iogurte líquido yoggi morango,  4 x 160 g",8435257040899,10400,10010,,Nestlé,,"3,11€/Kg","1,99€",https://cdn.intermarche.pt/pt/Content/images/boitmal/produit/zoom/F1F347BA34EB28F1148C3C442A42CC17.jpg,2024-09-25T22:59:59.999Z,/product/iogurte-liquido-yoggi-morango-4-x-160-g/8435257040899
44240,"Actimel Kids, 12 x 100 g",8410500010539,10400,10010,,Actimel Danone,,"4,08€/Kg","4,89€",https://cdn.intermarche.pt/pt/Content/images/boitmal/produit/zoom/30A5D0ACB9ED08A0E0975059507175B8.jpg,,/product/actimel-kids-12-x-100-g/8410500010539
5093,"Iogurte activia líquido 0% morango/kiwi,  4 x 155 g",5601050033755,10400,10010,,Danone,,"3,21€/Kg","1,99€",https://cdn.intermarche.pt/pt/Content/images/boitmal/produit/zoom/29B41AE598716D0550D815AA0FE86025.jpg,2024-09-25T22:59:59.999Z,/product/iogurte-activia-liquido-0%25-morango-ou-kiwi-4-x-155-g/5601050033755
31554,"Iogurte Líquido de Tutti-Frutti,  8 x 160 g",8435257039138,10400,10010,,Nestlé,,"2,70€/Kg","3,89€",https://cdn.intermarche.pt/pt/Content/images/boitmal/produit/zoom/3ADD800E79600780447DBC7DD07E46CC.jpg,2024-09-25T22:59:59.999Z,/product/iogurte-liquido-de-tutti-frutti-8-x-160-g/8435257039138
8399,"Iogurte activia líquido morango,  4 x 155 g",5601050033809,10400,10010,,Danone,,"3,21€/Kg","1,99€",https://cdn.intermarche.pt/pt/Content/images/boitmal/produit/zoom/D308B1FB4C89B3E5388CD017CB0E1529.jpg,2024-09-25T22:59:59.999Z,/product/iogurte-activia-liquido-morango-4-x-155-g/5601050033809
25375,"Iogurte activia líquido manga e papaia,  4 x 155 g",5601050033441,10400,10010,,Danone,,"3,21€/Kg","1,99€",https://cdn.intermarche.pt/pt/Content/images/boitmal/produit/zoom/A96AE19E74579E9FA5D5277C47DE6D86.jpg,2024-09-25T22:59:59.999Z,/product/iogurte-activia-liquido-manga-e-papaia-4-x-155-g/5601050033441
51783,"Iogurte Liquido Morango e Banana, 1 kg",5604260327676,10400,10010,,PorSi,,"1,69€/Kg","1,69€",https://cdn.intermarche.pt/pt/Content/images/boitmal/produit/zoom/058094D1219331672FBDE095E7607D1A.jpg,,/product/iogurte-liquido-morango-e-banana-1-kg/5604260327676
8435,"Iogurte activia líquido 0% de pêssego/maracujá,  4 x 155 g",5601050033953,10400,10010,,Danone,,"3,21€/Kg","1,99€",https://cdn.intermarche.pt/pt/Content/images/boitmal/produit/zoom/748ECF51AF6234B1BD1ECDB41529BE95.jpg,2024-09-25T22:59:59.999Z,/product/iogurte-activia-liquido-0%25-de-pessego-ou-maracuja-4-x-155-g/5601050033953
8438,"Iogurte activia líquido frutos silvestres,  4 x 155 g",5601050033816,10400,10010,,Danone,,"3,21€/Kg","1,99€",https://cdn.intermarche.pt/pt/Content/images/boitmal/produit/zoom/47CDBF026E044A06DA4E05DE9D7A01E4.jpg,2024-09-25T22:59:59.999Z,/product/iogurte-activia-liquido-frutos-silvestres-4-x-155-g/5601050033816
11505,"Iogurte activia líquido kiwi,  4 x 155 g",5601050033793,10400,10010,,Danone,,"3,21€/Kg","1,99€",https://cdn.intermarche.pt/pt/Content/images/boitmal/produit/zoom/757255A002BED1AF00FC2ECE09877B17.jpg,2024-09-25T22:59:59.999Z,/product/iogurte-activia-liquido-kiwi-4-x-155-g/5601050033793
8436,"Iogurte activia líquido 0% frutos silvestres,  4 x 155 g",5601050033762,10400,10010,,Danone,,"3,21€/Kg","1,99€",https://cdn.intermarche.pt/pt/Content/images/boitmal/produit/zoom/1898B39499E032B1AB748C6FC019A6DF.jpg,2024-09-25T22:59:59.999Z,/product/iogurte-activia-liquido-0%25-frutos-silvestres-4-x-155-g/5601050033762
46806,"Actimel Laranja, 6 x 100 g",8410500027025,10400,10010,,Actimel Danone,,"4,82€/Kg","2,89€",https://cdn.intermarche.pt/pt/Content/images/boitmal/produit/zoom/43001DDF2FF65EA0002497B3CF082B18.jpg,2024-09-25T22:59:59.999Z,/product/actimel-laranja-6-x-100-g/8410500027025
8417,"Actimel magro natural, 6 x 100g",8410500006020,10400,10010,,Actimel Danone,,"1,65€/Kg","0,99€",https://cdn.intermarche.pt/pt/Content/images/boitmal/produit/zoom/A2430A64FD53561F7EC58DE4F4A24642.jpg,2024-09-25T22:59:59.999Z,/product/actimel-magro-natural-6-x-100g/8410500006020
18296,"Iogurte líquido pinacolada,  4 x 160 g",5604260278428,10400,10010,,PorSi,,"2,02€/Kg","1,29€",https://cdn.intermarche.pt/pt/Content/images/boitmal/produit/zoom/E2D38B384B5C05E85037B10175E3330E.jpg,,/product/iogurte-liquido-pinacolada-4-x-160-g/5604260278428
18295,"Iogurte líquido morango/cereais,  4 x 160 g",5604260278411,10400,10010,,PorSi,,"2,02€/Kg","1,29€",https://cdn.intermarche.pt/pt/Content/images/boitmal/produit/zoom/E44EF7A495B5D88032D3F10A44D3886E.jpg,,/product/iogurte-liquido-morango-ou-cereais-4-x-160-g/5604260278411
28607,"Iogurte líquido morango/banana,  4 x 160 g",5604260278442,10400,10010,,PorSi,,"2,02€/Kg","1,29€",https://cdn.intermarche.pt/pt/Content/images/boitmal/produit/zoom/E93EE6852A43EE33A208A07B3A318C73.jpg,,/product/iogurte-liquido-morango-ou-banana-4-x-160-g/5604260278442
42853,"Iogurte liquido sem lactose morango e banana,  4 x 160 g",5604260307289,10400,10010,,PorSi Viva Bem,,"2,31€/Kg","1,48€",https://cdn.intermarche.pt/pt/Content/images/boitmal/produit/zoom/F877F8044FEE8CE4FDE4EB9675CB0007.jpg,,/product/iogurte-liquido-sem-lactose-morango-e-banana-4-x-160-g/5604260307289
48040,"Iogurte líquido magro frutos vermelhos,  4x160 ml",5604260320615,10400,10010,,PorSi Viva Bem,,"2,02€/L","1,29€",https://cdn.intermarche.pt/pt/Content/images/boitmal/produit/zoom/FA684AFC50E812150A1E2AF9F6A67F47.jpg,,/product/iogurte-liquido-magro-frutos-vermelhos-4x160-ml/5604260320615
18298,"Iogurte líquido morango,  4 x 160 g",5604260278459,10400,10010,,PorSi,,"2,02€/Kg","1,29€",https://cdn.intermarche.pt/pt/Content/images/boitmal/produit/zoom/9B284E13E8C95C5E0A5B9E9B9B54FC18.jpg,,/product/iogurte-liquido-morango-4-x-160-g/5604260278459
19447,"Iogurte líquido de frutos vermelhos,  4 x 160 g",5604260278473,10400,10010,,PorSi,,"2,02€/Kg","1,29€",https://cdn.intermarche.pt/pt/Content/images/boitmal/produit/zoom/891F6EF8D7281D5B469468F4C3F4A246.jpg,,/product/iogurte-liquido-de-frutos-vermelhos-4-x-160-g/5604260278473
23469,"Danonino para levar, polpa de morango,  4 x 70 g",8410500020453,10400,10010,,Danonino Danone,,"7,64€/Kg","2,14€",https://cdn.intermarche.pt/pt/Content/images/boitmal/produit/zoom/BCB8B07B4A9632B9CA3C8436CD26979D.jpg,,/product/danonino-para-levar-polpa-de-morango-4-x-70-g/8410500020453
24369,"Iogurte líquido morango / kiwi corpos danone,  4 x 155 g",5601050033045,10400,10010,,Danone,,"3,05€/Kg","1,89€",https://cdn.intermarche.pt/pt/Content/images/boitmal/produit/zoom/727FBA9E88DFAC31F291DCAC14087FD2.jpg,,/product/iogurte-liquido-morango-ou-kiwi-corpos-danone-4-x-155-g/5601050033045
24371,"Iogurte líquido pinacolada corpos danone,  4 x 155 g",5601050033014,10400,10010,,Danone,,"3,05€/Kg","1,89€",https://cdn.intermarche.pt/pt/Content/images/boitmal/produit/zoom/BA062C78232ADE921CB0D8917CC39423.jpg,,/product/iogurte-liquido-pinacolada-corpos-danone-4-x-155-g/5601050033014
36774,"Iogurte liquido stracciatella,  4 x 160 g",5604260300686,10400,10010,,PorSi,,"2,02€/Kg","1,29€",https://cdn.intermarche.pt/pt/Content/images/boitmal/produit/zoom/CA76E60A3E29F3063FEC78B659667DD6.jpg,,/product/iogurte-liquido-stracciatella-4-x-160-g/5604260300686
46353,"Iogurte líquido infantil morango e banana, 6 x 100g",5604260315185,10400,10010,,PorSi,,"1,80€/Kg","1,08€",https://cdn.intermarche.pt/pt/Content/images/boitmal/produit/zoom/77B751B7E0008B6F751FE9D0299DCA8E.jpg,,/product/iogurte-liquido-infantil-morango-e-banana-6-x-100g/5604260315185
48862,"Iogurte líquido magro morango,  4x150 ml",5604260320592,10400,10010,,PorSi Viva Bem,,"2,15€/L","1,29€",https://cdn.intermarche.pt/pt/Content/images/boitmal/produit/zoom/0C694DE9782FCC84FA1DB148AA050087.jpg,,/product/iogurte-liquido-magro-morango-4x150-ml/5604260320592
42156,"Iogurte aroma varios sabores,  12 x 125 g",5604260287277,10395,10010,,PorSi,,"1,25€/Kg","1,87€",https://cdn.intermarche.pt/pt/Content/images/boitmal/produit/zoom/633885BF6C5BD81E5134C0C00C06A48B.jpg,,/product/iogurte-aroma-varios-sabores-12-x-125-g/5604260287277
34353,"Iogurte natural açucarado,  4x125g",5604260282852,10395,10010,,PorSi,,"1,58€/Kg","0,79€",https://cdn.intermarche.pt/pt/Content/images/boitmal/produit/zoom/D9D0C10236D9B35D07E5882170895BCC.jpg,,/product/iogurte-natural-acucarado-4x125g/5604260282852
9724,"Iogurte sabor a morango,  4 x 125 g",5604260272532,10395,10010,,PorSi,,"1,56€/Kg","0,78€",https://cdn.intermarche.pt/pt/Content/images/boitmal/produit/zoom/BE96D7996A7A4C29AAA559B6D31378F9.jpg,,/product/iogurte-sabor-a-morango-4-x-125-g/5604260272532
9725,"Iogurte sabor a coco,  4 x 125 g",5604260272549,10395,10010,,PorSi,,"1,56€/Kg","0,78€",https://cdn.intermarche.pt/pt/Content/images/boitmal/produit/zoom/1EDF8599FA2E482DA79A6E871EF53537.jpg,,/product/iogurte-sabor-a-coco-4-x-125-g/5604260272549
27629,"Iogurte naturea natural,  4 x 125 g",5604260282845,10395,10010,,PorSi,,"1,48€/Kg","0,74€",https://cdn.intermarche.pt/pt/Content/images/boitmal/produit/zoom/E812341A304C01A03945BF9AEC1DD604.jpg,,/product/iogurte-naturea-natural-4-x-125-g/5604260282845
34077,"Iogurte natural, 12 x 125g",5604260287284,10395,10010,,PorSi,,"1,46€/Kg","2,19€",https://cdn.intermarche.pt/pt/Content/images/boitmal/produit/zoom/3965ED928DFAC6A0B27DB3EED0D09D6B.jpg,,/product/iogurte-natural-12-x-125g/5604260287284
41714,"Iogurte natural 0%,  6 x 125 g",5604260307746,10395,10010,,PorSi Viva Bem,,"1,59€/Kg","1,19€",https://cdn.intermarche.pt/pt/Content/images/boitmal/produit/zoom/C1A3660239F1F8A36FC7C2E7EDAFBD80.jpg,,/product/iogurte-natural-0%25-6-x-125-g/5604260307746
9723,"Iogurte aroma de banana,  4x125g",5604260272525,10395,10010,,PorSi,,"1,56€/Kg","0,78€",https://cdn.intermarche.pt/pt/Content/images/boitmal/produit/zoom/E75B71E4A5F570E06AEA1EE7904A31AD.jpg,,/product/iogurte-aroma-de-banana-4x125g/5604260272525
35138,"Iogurte sólido aroma morango, ananás e banana,  8 x 120 g",5603722517655,10395,10010,,Mimosa,,"1,97€/Kg","1,89€",https://cdn.intermarche.pt/pt/Content/images/boitmal/produit/zoom/0001D46CAD021E71E3E28F8FD4948E5F.jpg,,/product/iogurte-solido-aroma-morango-ananas-e-banana-8-x-120-g/5603722517655
40738,"Iogurte natural açucarado em frasco de vidro,  2 x 125 g",5604260302581,10395,10010,,PorSi,,"3,96€/Kg","0,99€",https://cdn.intermarche.pt/pt/Content/images/boitmal/produit/zoom/4B759D7B420BDBA75377A9D0BB6C89BC.jpg,,/product/iogurte-natural-acucarado-em-frasco-de-vidro-2-x-125-g/5604260302581
26373,"Iogurte sabor a tutti-fruti, 4 x 125 g,",5604260272969,10395,10010,,PorSi,,"1,56€/Kg","0,78€",https://cdn.intermarche.pt/pt/Content/images/boitmal/produit/zoom/2951E062DEF2895AEB590C64D44D087F.jpg,,/product/iogurte-sabor-a-tutti-fruti-4-x-125-g/5604260272969
12051,"Iogurte arôma de frutos vermelhos,  8x125 g",5604260129546,10395,10010,,PorSi,,"1,69€/Kg","1,69€",https://cdn.intermarche.pt/pt/Content/images/boitmal/produit/zoom/5A1754DF1B6FC1BED92F22D69E31A509.jpg,,/product/iogurte-aroma-de-frutos-vermelhos-8x125-g/5604260129546
46290,"Iogurte de morango sem lactose, 4 x 125 g",5604260313549,10395,10010,,PorSi Viva Bem,,"2,18€/Kg","1,09€",https://cdn.intermarche.pt/pt/Content/images/boitmal/produit/zoom/CE0C34B263856F5ACE9BB34CEFAAD961.jpg,,/product/iogurte-de-morango-sem-lactose-4-x-125-g/5604260313549
29278,"Iogurtes aroma 4 de morango + 4 de banana,  8x125g",5604260282814,10395,10010,,PorSi,,"1,59€/Kg","1,59€",https://cdn.intermarche.pt/pt/Content/images/boitmal/produit/zoom/95445618DFFE3AF48A27EE80715436C2.jpg,,/product/iogurtes-aroma-4-de-morango-+-4-de-banana-8x125g/5604260282814
11506,"Iogurte activia natural,  4 x 120 g",5601050022476,10395,10010,,Danone,,"4,15€/Kg","1,99€",https://cdn.intermarche.pt/pt/Content/images/boitmal/produit/zoom/D80B108DD936C548FEA2BEDB8D03734B.jpg,,/product/iogurte-activia-natural-4-x-120-g/5601050022476
11510,"Iogurte natural,  4 x 120 g",5601050023107,10395,10010,,Danone,,"2,69€/Kg","1,29€",https://cdn.intermarche.pt/pt/Content/images/boitmal/produit/zoom/DB12FDEA841C345EB566D72691F734BF.jpg,,/product/iogurte-natural-4-x-120-g/5601050023107
46289,"Iogurte natural sem lactose, 4 x 125 g",5604260313532,10395,10010,,PorSi Viva Bem,,"2,18€/Kg","1,09€",https://cdn.intermarche.pt/pt/Content/images/boitmal/produit/zoom/5A5200CD2A2A6CB49D586AF001262EDC.jpg,,/product/iogurte-natural-sem-lactose-4-x-125-g/5604260313532
44789,"Iogurte sólido sem lactose multifrutos, 4 x 125 g",5603722514791,10395,10010,,Mimosa,,"5,71€/Kg","2,74€",https://cdn.intermarche.pt/pt/Content/images/boitmal/produit/zoom/AFD577199B3478174C373E88A7AC02B1.jpg,,/product/iogurte-solido-sem-lactose-multifrutos-4-x-125-g/5603722514791
8445,"Iogurte sabor morango, banana e tutti frutti,  8 x 120 g",5601050206791,10395,10010,,Danone,,"2,07€/Kg","1,99€",https://cdn.intermarche.pt/pt/Content/images/boitmal/produit/zoom/B869B85507F91B6C424197F8F0A84068.jpg,,/product/iogurte-sabor-morango-banana-e-tutti-frutti-8-x-120-g/5601050206791
8446,"Iogurte sabor pêssego morango e manga,  8 x 120 g",5601050206807,10395,10010,,Danone,,"2,07€/Kg","1,99€",https://cdn.intermarche.pt/pt/Content/images/boitmal/produit/zoom/F22DB9B4E5030FFD011607D3446EC97F.jpg,,/product/iogurte-sabor-pessego-morango-e-manga-8-x-120-g/5601050206807
44790,"Iogurte natural magro sem lactose, 4x 120 g",5603722514814,10395,10010,,Mimosa,,"6,23€/Kg","2,99€",https://cdn.intermarche.pt/pt/Content/images/boitmal/produit/zoom/16144931BFE13ADD55AEAFA1C9C1D4A3.jpg,,/product/iogurte-natural-magro-sem-lactose-4x-120-g/5603722514814
44787,"Iogurte sólido sem lactose natural açucarado, 4 x 125 g",5603722514753,10395,10010,,Mimosa,,"5,71€/Kg","2,74€",https://cdn.intermarche.pt/pt/Content/images/boitmal/produit/zoom/9019649F4AC83AAB8AAFCA00479ED9EB.jpg,,/product/iogurte-solido-sem-lactose-natural-acucarado-4-x-125-g/5603722514753
44791,"Iogurte magro morango sem lactose,  4x 120 g",5603722514838,10395,10010,,Mimosa,,"6,23€/Kg","2,99€",https://cdn.intermarche.pt/pt/Content/images/boitmal/produit/zoom/7855A0B5B8B81F58D76C788EF693C821.jpg,,/product/iogurte-magro-morango-sem-lactose-4x-120-g/5603722514838
44788,"Iogurte sólido sem lactose morango, 4 x 125 g",5603722514777,10395,10010,,Mimosa,,"5,71€/Kg","2,74€",https://cdn.intermarche.pt/pt/Content/images/boitmal/produit/zoom/938890D6C27A260EF0A55564EDA92A84.jpg,,/product/iogurte-solido-sem-lactose-morango-4-x-125-g/5603722514777
25053,"Iogurte 0% pedaços amora e framboesa,  4 x 120 g",3023290232453,10396,10010,,Longa vida,,"4,77€/Kg","2,29€",https://cdn.intermarche.pt/pt/Content/images/boitmal/produit/zoom/D4FB64D79457007D324A7CF690DE38C7.jpg,2024-10-04T22:59:59.999Z,/product/iogurte-0%25-pedacos-amora-e-framboesa-4-x-120-g/3023290232453
25052,"Iogurte 0% pedaços muesli e cereal,  4 x 120 g",3023290113684,10396,10010,,Longa vida,,"4,77€/Kg","2,29€",https://cdn.intermarche.pt/pt/Content/images/boitmal/produit/zoom/102CF2E69A699193F17BFBE2D269DEE0.jpg,2024-10-04T22:59:59.999Z,/product/iogurte-0%25-pedacos-muesli-e-cereal-4-x-120-g/3023290113684
38118,"Iogurte pedaços frutas variadas, 16 x 125 g",5604260301997,10396,10010,,PorSi,,"2,37€/Kg","4,74€",https://cdn.intermarche.pt/pt/Content/images/boitmal/produit/zoom/91E02C1B5085BE7A9E444A949622B617.jpg,,/product/iogurte-pedacos-frutas-variadas-16-x-125-g/5604260301997
14194,"Iogurte vidro pedaços morango,  2 x 135 g",5604260271108,10396,10010,,PorSi,,"4,41€/Kg","1,19€",https://cdn.intermarche.pt/pt/Content/images/boitmal/produit/zoom/F6072DF390CBB0AC03E504260F90F0BF.jpg,,/product/iogurte-vidro-pedacos-morango-2-x-135-g/5604260271108
14195,"Iogurte Pedaços Amoras/Mirtilo,",5604260271115,10396,10010,,PorSi,,"4,41€/Kg","1,19€",https://cdn.intermarche.pt/pt/Content/images/boitmal/produit/zoom/E5185FC31A14AAE14AFDAA5FA364ED39.jpg,,/product/iogurte-pedacos-amoras-ou-mirtilo/5604260271115
33991,"Iogurte pedaços frutimax frutos variados,  8 x 125 g",5604260283446,10396,10010,,PorSi,,"2,39€/Kg","2,39€",https://cdn.intermarche.pt/pt/Content/images/boitmal/produit/zoom/8D7F0C9001CDCE3069FE327E50E87619.jpg,,/product/iogurte-pedacos-frutimax-frutos-variados-8-x-125-g/5604260283446
33993,"Iogurte pedaços morango,  4x125g",5604260283439,10396,10010,,PorSi,,"2,38€/Kg","1,19€",https://cdn.intermarche.pt/pt/Content/images/boitmal/produit/zoom/F01393BE3F00747F809718E2700D5E49.jpg,,/product/iogurte-pedacos-morango-4x125g/5604260283439
34352,"Iogurte pedaços pêssego/alperce,  4x125g",5604260283422,10396,10010,,PorSi,,"2,38€/Kg","1,19€",https://cdn.intermarche.pt/pt/Content/images/boitmal/produit/zoom/F39DE5BEB3C9B35266893D26B645C2AE.jpg,,/product/iogurte-pedacos-pessego-ou-alperce-4x125g/5604260283422
38117,"Iogurte pedaços frutos vermelhos,  8 x 125 g",5604260301980,10396,10010,,PorSi,,"2,39€/Kg","2,39€",https://cdn.intermarche.pt/pt/Content/images/boitmal/produit/zoom/97647E564D5407A7DEB5D122B02A33D9.jpg,,/product/iogurte-pedacos-frutos-vermelhos-8-x-125-g/5604260301980
9715,"Iogurte pedaços frutimax muesli,  4 x 125 g",5604260272112,10396,10010,,PorSi,,"2,38€/Kg","1,19€",https://cdn.intermarche.pt/pt/Content/images/boitmal/produit/zoom/22F9A0E3237A393CAB0A4B6480605B90.jpg,,/product/iogurte-pedacos-frutimax-muesli-4-x-125-g/5604260272112
48085,"Iogurte cremeo vários sabores, 16 x 125 g",5604260319145,10396,10010,,PorSi,,"2,50€/Kg","4,99€",https://cdn.intermarche.pt/pt/Content/images/boitmal/produit/zoom/4D6D87CA1B719F8889B11DF355DBD3D3.jpg,,/product/iogurte-cremeo-varios-sabores-16-x-125-g/5604260319145
33992,"Iogurte pedaços ananás,  4 x 125 g",5604260283415,10396,10010,,PorSi,,"2,38€/Kg","1,19€",https://cdn.intermarche.pt/pt/Content/images/boitmal/produit/zoom/68F0F052D03A76ED7AD12EA44310B7E7.jpg,,/product/iogurte-pedacos-ananas-4-x-125-g/5604260283415
17244,"Iogurte Pedaços Pêssego,  2x135 g",5604260278985,10396,10010,,PorSi,,"4,41€/Kg","1,19€",https://cdn.intermarche.pt/pt/Content/images/boitmal/produit/zoom/8442F6F00AC2C6059F58275837D337CE.jpg,,/product/iogurte-pedacos-pessego-2x135-g/5604260278985
46809,"Iogurte Pedaços Ananás 0% Matéria Gorda/Açúcares, 4 x 120 g",8410500003654,10396,10010,,Danone,,"4,77€/Kg","2,29€",https://cdn.intermarche.pt/pt/Content/images/boitmal/produit/zoom/03214B7E9273A4A4FCE73BB182EEF165.jpg,,/product/iogurte-pedacos-ananas-0%25-materia-gorda-ou-acucares-4-x-120-g/8410500003654
19585,"Iogurte magro natural,  6 x 120 g",8435257033822,10397,10010,,Longa vida,,"3,18€/Kg","2,29€",https://cdn.intermarche.pt/pt/Content/images/boitmal/produit/zoom/44759CCD8BB0D317506B87D89332AAE3.jpg,2024-10-04T22:59:59.999Z,/product/iogurte-magro-natural-6-x-120-g/8435257033822
19586,"Iogurte aroma 0% tutti fruti/coco,  6 x 120 g",8435257028057,10397,10010,,Longa vida,,"3,18€/Kg","2,29€",https://cdn.intermarche.pt/pt/Content/images/boitmal/produit/zoom/18D91A939DFD31509CD0E9DB0A5315E6.jpg,2024-10-04T22:59:59.999Z,/product/iogurte-aroma-0%25-tutti-fruti-ou-coco-6-x-120-g/8435257028057
6689,"Iogurte magro morango,  6 x 120 g",8435257022567,10397,10010,,Longa vida,,"3,18€/Kg","2,29€",https://cdn.intermarche.pt/pt/Content/images/boitmal/produit/zoom/116F7996F4B8C9E36A9C4D0EB83317F7.jpg,2024-10-04T22:59:59.999Z,/product/iogurte-magro-morango-6-x-120-g/8435257022567
50629,"Iogurte magro liquido de morango e framboesa, 8 x 151ml",5603722521454,10397,10010,,Mimosa,,"2,39€/L","2,89€",https://cdn.intermarche.pt/pt/Content/images/boitmal/produit/zoom/D754EA086EB368BBBC0D9470F68EFC4B.jpg,2024-09-25T22:59:59.999Z,/product/iogurte-magro-liquido-de-morango-e-framboesa-8-x-151ml/5603722521454
50630,"Iogurte magro liquido de ananas e manga, 8x151ml",5603722521461,10397,10010,,Mimosa,,"2,39€/L","2,89€",https://cdn.intermarche.pt/pt/Content/images/boitmal/produit/zoom/57AA4F959AC0E156C9A5EE1FBB6645F0.jpg,2024-09-25T22:59:59.999Z,/product/iogurte-magro-liquido-de-ananas-e-manga-8x151ml/5603722521461
46216,"Iogurte batido magro com mirtilos sem lactose, 4 x 120 g",5603722519925,10397,10010,,Mimosa,,"6,23€/Kg","2,99€",https://cdn.intermarche.pt/pt/Content/images/boitmal/produit/zoom/BB82BE081E1283797B43170E5EC56176.jpg,,/product/iogurte-batido-magro-com-mirtilos-sem-lactose-4-x-120-g/5603722519925
46841,"Iogurtes magros aroma morango,  6 x 125 g",5604260318940,10397,10010,,PorSi Viva Bem,,"1,59€/Kg","1,19€",https://cdn.intermarche.pt/pt/Content/images/boitmal/produit/zoom/833AAF24269F415098468C495B3361BA.jpg,,/product/iogurtes-magros-aroma-morango-6-x-125-g/5604260318940
46840,"Iogurtes magros aroma manga,  6 x 125 g",5604260318957,10397,10010,,PorSi Viva Bem,,"1,59€/Kg","1,19€",https://cdn.intermarche.pt/pt/Content/images/boitmal/produit/zoom/0726933BAAA761C64FBBDE37BAA6E6FA.jpg,,/product/iogurtes-magros-aroma-manga-6-x-125-g/5604260318957
25054,"Iogurte magro + gelatina morango,  4 x 120 g",5603722516597,10397,10010,,Mimosa,,"3,52€/Kg","1,69€",https://cdn.intermarche.pt/pt/Content/images/boitmal/produit/zoom/51C8B0D11D900D606636C9337354810E.jpg,,/product/iogurte-magro-+-gelatina-morango-4-x-120-g/5603722516597
22154,"Iogurte magro + gelatina framboesa,  4 x 120 g",5603722514432,10397,10010,,Mimosa,,"3,52€/Kg","1,69€",https://cdn.intermarche.pt/pt/Content/images/boitmal/produit/zoom/D95905A0C24D818D908E8701819BE932.jpg,,/product/iogurte-magro-+-gelatina-framboesa-4-x-120-g/5603722514432
22155,"Iogurte magro + gelatina maracujá,  4 x 120 g",5603722514418,10397,10010,,Mimosa,,"3,52€/Kg","1,69€",https://cdn.intermarche.pt/pt/Content/images/boitmal/produit/zoom/B91545112079D709BE08763086D959A8.jpg,,/product/iogurte-magro-+-gelatina-maracuja-4-x-120-g/5603722514418
46824,"Iogurte magro aroma multi sabores de morango/coco, 6x120g",5603722518270,10397,10010,,Mimosa,,"2,76€/Kg","1,99€",https://cdn.intermarche.pt/pt/Content/images/boitmal/produit/zoom/B6D55B8D31496E7C4F00981928B2B6FF.jpg,,/product/iogurte-magro-aroma-multi-sabores-de-morango-ou-coco-6x120g/5603722518270
53067,"Bifidus Líquido Activia Ananás 000%, 4 x 155g",5601050037821,10398,10010,,Danone,,"3,21€/Kg","1,99€",https://cdn.intermarche.pt/pt/Content/images/boitmal/produit/zoom/227608E522C57EFFD851E1F0A8F434F8.jpg,2024-09-25T22:59:59.999Z,/product/bifidus-liquido-activia-ananas-000%25-4-x-155g/5601050037821
53066,"Bifidus Líquido Activia Aveia e Noz 000%, 4 x 155g",5601050037845,10398,10010,,Danone,,"3,21€/Kg","1,99€",https://cdn.intermarche.pt/pt/Content/images/boitmal/produit/zoom/C3E5261F5C2ADA6A9243957038878389.jpg,2024-09-25T22:59:59.999Z,/product/bifidus-liquido-activia-aveia-e-noz-000%25-4-x-155g/5601050037845
53065,"Bifidus Líquido Activia Cereais 000%, 4 x 155g",5601050037869,10398,10010,,Danone,,"3,21€/Kg","1,99€",https://cdn.intermarche.pt/pt/Content/images/boitmal/produit/zoom/B131D80C948546BCBA16D94F59138000.jpg,2024-09-25T22:59:59.999Z,/product/bifidus-liquido-activia-cereais-000%25-4-x-155g/5601050037869
49762,"Iogurte com Cereais Activia, 4 x 120g",5601050037562,10398,10010,,Danone,,"4,33€/Kg","1,99€",https://cdn.intermarche.pt/pt/Content/images/boitmal/produit/zoom/51EAF4A53D8366A31634F35574981BCB.jpg,,/product/iogurte-com-cereais-activia-4-x-120g/5601050037562
15507,"Iogurte activia cremoso coco,  4 x 120 g",5601050031621,10398,10010,,Danone,,"4,15€/Kg","1,99€",https://cdn.intermarche.pt/pt/Content/images/boitmal/produit/zoom/05783495E4A676779F417115EB52CFE8.jpg,,/product/iogurte-activia-cremoso-coco-4-x-120-g/5601050031621
20221,"Iogurte activia aveia nozes,  4 x 120 g",8410500020071,10398,10010,,Danone,,"4,15€/Kg","1,99€",https://cdn.intermarche.pt/pt/Content/images/boitmal/produit/zoom/E3646F8812C5353023D3951FE268028D.jpg,,/product/iogurte-activia-aveia-nozes-4-x-120-g/8410500020071
49763,"Iogurte Activia Fibras Aveia & Frutos Secos, 4 x 120g",5601050037579,10398,10010,,Danone,,"4,33€/Kg","1,99€",https://cdn.intermarche.pt/pt/Content/images/boitmal/produit/zoom/D3105D0A7021B60785802EF13F61AE8F.jpg,,/product/iogurte-activia-fibras-aveia-&-frutos-secos-4-x-120g/5601050037579
49761,"Iogurte Bifidus Activia Chia Amêndoa 0%, 4 x 120g",8410500024574,10398,10010,,Danone,,"4,33€/Kg","1,99€",https://cdn.intermarche.pt/pt/Content/images/boitmal/produit/zoom/3C78D604FF38EBC1F8556A8A62CA8C37.jpg,,/product/iogurte-bifidus-activia-chia-amendoa-0%25-4-x-120g/8410500024574
15504,"Iogurte activia cremoso frutos silvestres,  4 x 120 g",5601050031669,10398,10010,,Danone,,"4,15€/Kg","1,99€",https://cdn.intermarche.pt/pt/Content/images/boitmal/produit/zoom/709B548D37F71DDA459131D3F3B36E78.jpg,,/product/iogurte-activia-cremoso-frutos-silvestres-4-x-120-g/5601050031669
27776,"Activia 0% cocktail de fruta cremoso,  4 x 120 g",8410500019846,10398,10010,,Danone,,"4,15€/Kg","1,99€",https://cdn.intermarche.pt/pt/Content/images/boitmal/produit/zoom/276E25EA58255AD6CA8BA110EA3F0B5A.jpg,,/product/activia-0%25-cocktail-de-fruta-cremoso-4-x-120-g/8410500019846
27775,"Activia 0% Frutos Silvestres Cremoso,  4x120 g",8410500017699,10398,10010,,Danone,,"4,15€/Kg","1,99€",https://cdn.intermarche.pt/pt/Content/images/boitmal/produit/zoom/08EE49F474592B9E303C9C5067F64CA9.jpg,,/product/activia-0%25-frutos-silvestres-cremoso-4x120-g/8410500017699
52851,"Bifidus Activia Topper Muesli, Chia, Quinoa e Mandorle, 170g",8001630009410,10398,10010,,Danone,,"9,35€/Kg","1,59€",https://cdn.intermarche.pt/pt/Content/images/boitmal/produit/zoom/EAE692D942BE28A776D2ABDEEBE9BC7A.jpg,,/product/bifidus-activia-topper-muesli-chia-quinoa-e-mandorle-170g/8001630009410
43756,"Iogurte Activia 0% aveia e linhaça,  4 x 120 g",8410500026363,10398,10010,,Danone,,"4,15€/Kg","1,99€",https://cdn.intermarche.pt/pt/Content/images/boitmal/produit/zoom/E57678E975E0133AA749A66A9BC6FE48.jpg,,/product/iogurte-activia-0%25-aveia-e-linhaca-4-x-120-g/8410500026363
52852,"Iogurte Bifidus Activia Natural 0%, 4x120g",8410500002961,10398,10010,,Danone,,"3,10€/Kg","1,49€",https://cdn.intermarche.pt/pt/Content/images/boitmal/produit/zoom/CD7DFBBF094FC1261DAB3BCE89B92844.jpg,,/product/iogurte-bifidus-activia-natural-0%25-4x120g/8410500002961
10509,"Iogurte mix-in smarties baunilha,  2 x 128 g",8435250297955,11178,10010,,Nestlé,,"7,77€/Kg","1,99€",https://cdn.intermarche.pt/pt/Content/images/boitmal/produit/zoom/4FC6F733C531A7A948940F213F0E604D.jpg,2024-09-25T22:59:59.999Z,/product/iogurte-mix-in-smarties-baunilha-2-x-128-g/8435250297955
12468,"Iogurte mix-in smarties morango,  2 x 128 g",8435250439584,11178,10010,,Nestlé,,"7,77€/Kg","1,99€",https://cdn.intermarche.pt/pt/Content/images/boitmal/produit/zoom/A56FAF9000F1827F93D14D3DAF96AF68.jpg,,/product/iogurte-mix-in-smarties-morango-2-x-128-g/8435250439584
40592,"Iogurte fruta batida banana, laranja e bolacha, 480g",5603722519420,11178,10010,,Mimosa,,"3,52€/Kg","1,69€",https://cdn.intermarche.pt/pt/Content/images/boitmal/produit/zoom/1D09572C6AE538ADBF2B5D0B579F400D.jpg,2024-09-25T22:59:59.999Z,/product/iogurte-fruta-batida-banana-laranja-e-bolacha-480g/5603722519420
40558,"Queijinho morango com drageias,  2 x 110 g",5604260301164,11178,10010,,PorSi,,"7,68€/Kg","1,69€",https://cdn.intermarche.pt/pt/Content/images/boitmal/produit/zoom/939055EF9B8FE9ECC8E1BC97C5579929.jpg,2024-10-04T22:59:59.999Z,/product/queijinho-morango-com-drageias-2-x-110-g/5604260301164
40594,"Iogurte fruta batida banana e morango, 480g",5603722519468,11178,10010,,Mimosa,,"3,52€/Kg","1,69€",https://cdn.intermarche.pt/pt/Content/images/boitmal/produit/zoom/83F30AB91BC8058647F32CB83B2AAD16.jpg,2024-09-25T22:59:59.999Z,/product/iogurte-fruta-batida-banana-e-morango-480g/5603722519468
40595,"Iogurte fruta batida pera, 480g",5603722519444,11178,10010,,Mimosa,,"3,52€/Kg","1,69€",https://cdn.intermarche.pt/pt/Content/images/boitmal/produit/zoom/481E71F4D7E7516D4A0B60F3DA82257A.jpg,2024-09-25T22:59:59.999Z,/product/iogurte-fruta-batida-pera-480g/5603722519444
18596,"Iogurte líquido danonino morango/banana,  4 x 100 g",8410500016029,11178,10010,,Danonino Danone,,"4,98€/Kg","1,99€",https://cdn.intermarche.pt/pt/Content/images/boitmal/produit/zoom/418CA3EE44828DD39BFD6E2687E787F2.jpg,,/product/iogurte-liquido-danonino-morango-ou-banana-4-x-100-g/8410500016029
36715,"Queijinho fresco com morango,  6 x 50 g",5604260297054,11178,10010,,PorSi,,"2,63€/Kg","0,79€",https://cdn.intermarche.pt/pt/Content/images/boitmal/produit/zoom/852F22C0A956B308CE4AB3E7E3567693.jpg,,/product/queijinho-fresco-com-morango-6-x-50-g/5604260297054
44241,"Danone twix,  120g",5601050036886,11178,10010,,Danone,,"9,08€/Kg","1,09€",https://cdn.intermarche.pt/pt/Content/images/boitmal/produit/zoom/D274D33ECAD7B0F64CFB61BD15B0072C.jpg,,/product/danone-twix-120g/5601050036886
18595,"Iogurte líquido danonino morango,  4 x 100 g",8410500016012,11178,10010,,Danonino Danone,,"4,98€/Kg","1,99€",https://cdn.intermarche.pt/pt/Content/images/boitmal/produit/zoom/0E203361E14F23CD94ABD0BD721CC32D.jpg,,/product/iogurte-liquido-danonino-morango-4-x-100-g/8410500016012
47005,"Iogurte infantil c/ drageias coloridas, 140 g",5604260315154,11178,10010,,PorSi,,"3,93€/Kg","0,55€",https://cdn.intermarche.pt/pt/Content/images/boitmal/produit/zoom/24BB9A82B8C6B32F97AB8C5679E75BB0.jpg,,/product/iogurte-infantil-c-ou-drageias-coloridas-140-g/5604260315154
5096,"Queijinho danonino petitdino de morango/banana,  6 x 50 g",5601050026429,11178,10010,,Danonino Danone,,"4,97€/Kg","1,49€",https://cdn.intermarche.pt/pt/Content/images/boitmal/produit/zoom/FA8D1A9125B498992C62B9745CC5DD3D.jpg,,/product/queijinho-danonino-petitdino-de-morango-ou-banana-6-x-50-g/5601050026429
42142,"Suiss'fruits fruta, 12x50g",5604260301171,11178,10010,,PorSi,,"2,40€/Kg","1,44€",https://cdn.intermarche.pt/pt/Content/images/boitmal/produit/zoom/3271533EA02D1C6235D2A90CE24DEF2E.jpg,,/product/suiss'fruits-fruta-12x50g/5604260301171
47006,"Iogurte infantil c/ cereais de chocolate, 128 g",5604260315161,11178,10010,,PorSi,,"4,30€/Kg","0,55€",https://cdn.intermarche.pt/pt/Content/images/boitmal/produit/zoom/0DCAC6D3A3684C450E5F0AE71BD491BA.jpg,,/product/iogurte-infantil-c-ou-cereais-de-chocolate-128-g/5604260315161
5095,"Queijinho dadoninho petitdino de morango,  6 x 50 g",5601050026405,11178,10010,,Danone,,"4,97€/Kg","1,49€",https://cdn.intermarche.pt/pt/Content/images/boitmal/produit/zoom/A996A3A25DAAE4625EF7D6D51278644F.jpg,,/product/queijinho-dadoninho-petitdino-de-morango-6-x-50-g/5601050026405
10091,"Queijinho petit nesquik,  6 x 60 g",8410100059839,11178,10010,,Nestlé,,"9,69€/Kg","3,49€",https://cdn.intermarche.pt/pt/Content/images/boitmal/produit/zoom/DBBACE0B574A9C35FF94ECEF6B014E4C.jpg,,/product/queijinho-petit-nesquik-6-x-60-g/8410100059839
43305,"Iogurte natural sem açúcares, 4 x 100g",7613039531853,11178,10010,,Yogolino,,"5,60€/Kg","2,24€",https://cdn.intermarche.pt/pt/Content/images/boitmal/produit/zoom/8D52E685C6D059419C73FE516F80912E.jpg,,/product/iogurte-natural-sem-acucares-4-x-100g/7613039531853
10859,"Iogurte mix-in kit kat,  2 x 115 g",3023290400395,11178,10010,,Nestlé,,"8,65€/Kg","1,99€",https://cdn.intermarche.pt/pt/Content/images/boitmal/produit/zoom/D24FD8641E9037F3EAA23A9C6F869324.jpg,,/product/iogurte-mix-in-kit-kat-2-x-115-g/3023290400395
43131,"Mars m&ms x1 van-milk choc,  120g",5601050036763,11178,10010,,Danone,,"9,08€/Kg","1,09€",https://cdn.intermarche.pt/pt/Content/images/boitmal/produit/zoom/49F47973DE6B734AE727214AAB5E3093.jpg,,/product/mars-m&ms-x1-van-milk-choc-120g/5601050036763
52945,"Iogurte Danonino Petit Morango, 4 x 100g",8410500008727,11178,10010,,Danone,,"5,98€/Kg","2,39€",https://cdn.intermarche.pt/pt/Content/images/boitmal/produit/zoom/7F4489E1D7EF42149F7DDCD17A5A4E27.jpg,,/product/iogurte-danonino-petit-morango-4-x-100g/8410500008727
43360,"Iogurte grego natural magro,  1 kg",5604260310357,11176,10010,,PorSi Viva Bem,,"2,29€/Kg","2,29€",https://cdn.intermarche.pt/pt/Content/images/boitmal/produit/zoom/8F8A599D4D4FEABD382ECD297241C642.jpg,2024-10-04T22:59:59.999Z,/product/iogurte-grego-natural-magro-1-kg/5604260310357
41298,"Iogurte oikos natural,  4 x 110g",5601050036541,11176,10010,,Danone,,"5,66€/Kg","2,49€",https://cdn.intermarche.pt/pt/Content/images/boitmal/produit/zoom/1E39B56DE0869E56503E420B563E33DD.jpg,2024-10-04T22:59:59.999Z,/product/iogurte-oikos-natural-4-x-110g/5601050036541
41299,"Iogurte oikos maracujá,  4 x 110g",5601050036565,11176,10010,,Danone,,"4,52€/Kg","1,99€",https://cdn.intermarche.pt/pt/Content/images/boitmal/produit/zoom/FCB02F5884DDCB459FDF089F080D1348.jpg,2024-10-04T22:59:59.999Z,/product/iogurte-oikos-maracuja-4-x-110g/5601050036565
41226,"Oikos morango, 4 x 110g",5601050036572,11176,10010,,Danone,,"4,52€/Kg","1,99€",https://cdn.intermarche.pt/pt/Content/images/boitmal/produit/zoom/8E4736FC7A27F857CF545D0499041B59.jpg,2024-10-04T22:59:59.999Z,/product/oikos-morango-4-x-110g/5601050036572
41581,"Iogurte grego maçã e canela,  4 x 110 g",5601050036619,11176,10010,,Danone,,"4,52€/Kg","1,99€",https://cdn.intermarche.pt/pt/Content/images/boitmal/produit/zoom/476B8D143F5CFE4C62609050F3DFBF48.jpg,2024-10-04T22:59:59.999Z,/product/iogurte-grego-maca-e-canela-4-x-110-g/5601050036619
41384,"Iogurte grego oikos stracciatella,  4 x 110 g",5601050036602,11176,10010,,Danone,,"4,52€/Kg","1,99€",https://cdn.intermarche.pt/pt/Content/images/boitmal/produit/zoom/A0A6F59B7D5832D67ED1CDB718D78849.jpg,2024-10-04T22:59:59.999Z,/product/iogurte-grego-oikos-stracciatella-4-x-110-g/5601050036602
41582,"Iogurte grego café,  4 x 110 g",5601050036626,11176,10010,,Danone,,"4,52€/Kg","1,99€",https://cdn.intermarche.pt/pt/Content/images/boitmal/produit/zoom/AA81C6F13D10195F1596F127A0BC3ACE.jpg,2024-10-04T22:59:59.999Z,/product/iogurte-grego-cafe-4-x-110-g/5601050036626
41297,"Iogurte oikos pêssego,  4 x 110g",5601050036534,11176,10010,,Danone,,"4,52€/Kg","1,99€",https://cdn.intermarche.pt/pt/Content/images/boitmal/produit/zoom/86E0EE086DC0214DA576A0DB5E10BF28.jpg,2024-10-04T22:59:59.999Z,/product/iogurte-oikos-pessego-4-x-110g/5601050036534
41583,"Iogurte grego caramelo,  4 x 110 g",5601050036633,11176,10010,,Danone,,"4,52€/Kg","1,99€",https://cdn.intermarche.pt/pt/Content/images/boitmal/produit/zoom/E15B23C5D54AA2C4C2E2125712DAFF29.jpg,2024-10-04T22:59:59.999Z,/product/iogurte-grego-caramelo-4-x-110-g/5601050036633
35849,"Iogurte oikos cheesecake de mirtilo,  4 X 110 g",5601050035353,11176,10010,,Danone,,"4,52€/Kg","1,99€",https://cdn.intermarche.pt/pt/Content/images/boitmal/produit/zoom/51E31E764A49C9C1D230FA323681BF3A.jpg,2024-10-04T22:59:59.999Z,/product/iogurte-oikos-cheesecake-de-mirtilo-4-x-110-g/5601050035353
41300,"Iogurte oikos manga papaya,  4 x 110g",5601050036596,11176,10010,,Danone,,"4,52€/Kg","1,99€",https://cdn.intermarche.pt/pt/Content/images/boitmal/produit/zoom/4F24CAC986AAB23C01B60B98974724E0.jpg,2024-10-04T22:59:59.999Z,/product/iogurte-oikos-manga-papaya-4-x-110g/5601050036596
41301,"Iogurte oikos amora,  4x 110 g",5601050036589,11176,10010,,Danone,,"4,52€/Kg","1,99€",https://cdn.intermarche.pt/pt/Content/images/boitmal/produit/zoom/E2A6369DE158404105D3DA5F531D5261.jpg,2024-10-04T22:59:59.999Z,/product/iogurte-oikos-amora-4x-110-g/5601050036589
41302,"Iogurte oikos natural açucarado,  4 x 110g",5601050036558,11176,10010,,Danone,,"5,66€/Kg","2,49€",https://cdn.intermarche.pt/pt/Content/images/boitmal/produit/zoom/37C118CA3F2185A0C3815DF236ECC625.jpg,2024-10-04T22:59:59.999Z,/product/iogurte-oikos-natural-acucarado-4-x-110g/5601050036558
46185,"Iogurte Oikos Coco,  4 x 110 g",5601050037203,11176,10010,,Danone,,"4,52€/Kg","1,99€",https://cdn.intermarche.pt/pt/Content/images/boitmal/produit/zoom/BA3428D73096A6BA9FDEF5396D1EA05E.jpg,2024-10-04T22:59:59.999Z,/product/iogurte-oikos-coco-4-x-110-g/5601050037203
52830,"Kéfir Natural 0%, 500g",8435257070636,11176,10010,,Nestlé,,"3,98€/Kg","1,99€",https://cdn.intermarche.pt/pt/Content/images/boitmal/produit/zoom/B202392E0B4B3B2F8623F9BC7E7C4E70.jpg,2024-09-25T22:59:59.999Z,/product/kefir-natural-0%25-500g/8435257070636
18864,"Iogurte tipo grego stracciatella,  500g",5604260280506,11176,10010,,PorSi,,"3,38€/Kg","1,69€",https://cdn.intermarche.pt/pt/Content/images/boitmal/produit/zoom/8FFE8052AD3107A5266901AC73719CB5.jpg,,/product/iogurte-tipo-grego-stracciatella-500g/5604260280506
16677,"Iogurte tipo grego framboesa e amora,  500g",5604260276813,11176,10010,,PorSi,,"3,38€/Kg","1,69€",https://cdn.intermarche.pt/pt/Content/images/boitmal/produit/zoom/F7D5A82C7318BEA1172E029B3C7C36F8.jpg,,/product/iogurte-tipo-grego-framboesa-e-amora-500g/5604260276813
19162,"Iogurte tipo grego natural açucarado,  4 x 125 g",5604260276806,11176,10010,,PorSi,,"3,38€/Kg","1,69€",https://cdn.intermarche.pt/pt/Content/images/boitmal/produit/zoom/F5227DB1E7426C2C57070B96D3CD2A79.jpg,,/product/iogurte-tipo-grego-natural-acucarado-4-x-125-g/5604260276806
42019,"Iogurte tipo grego maracujá,  4 x 125 g",5604260306398,11176,10010,,PorSi,,"3,38€/Kg","1,69€",https://cdn.intermarche.pt/pt/Content/images/boitmal/produit/zoom/0161BD1FBB39AF016EB0BBE025FEDDC9.jpg,,/product/iogurte-tipo-grego-maracuja-4-x-125-g/5604260306398
19163,"Iogurte tipo grego morango,  4 x 125 g",5604260278121,11176,10010,,PorSi,,"3,38€/Kg","1,69€",https://cdn.intermarche.pt/pt/Content/images/boitmal/produit/zoom/D25DDD975356242352206DA80B2AF65D.jpg,,/product/iogurte-tipo-grego-morango-4-x-125-g/5604260278121
29417,"Kéfir Liquido Natural, 500 g",5604260296484,10400,10010,,PorSi,,"1,98€/Kg","0,99€",https://cdn.intermarche.pt/pt/Content/images/boitmal/produit/zoom/2F8064CA860106D79B07E1636FC9C3B3.jpg,,/product/kefir-liquido-natural-500-g/5604260296484
41383,"Iogurte tipo grego natural açucarado, 1 kg",5604260304653,11176,10010,,PorSi,,"2,48€/Kg","2,48€",https://cdn.intermarche.pt/pt/Content/images/boitmal/produit/zoom/6B324CC63A2846DB0A4ED58865773508.jpg,,/product/iogurte-tipo-grego-natural-acucarado-1-kg/5604260304653
47004,"Iogurte tipo grego natural,  12 x 125 g",5604260319237,11176,10010,,PorSi,,"2,99€/Kg","4,49€",https://cdn.intermarche.pt/pt/Content/images/boitmal/produit/zoom/70890CE63A246EFD470DA6FD2A5C5173.jpg,,/product/iogurte-tipo-grego-natural-12-x-125-g/5604260319237
48181,"Iogurte grego natural, 1 kg",5604260319060,11176,10010,,PorSi,,"2,39€/Kg","2,39€",https://cdn.intermarche.pt/pt/Content/images/boitmal/produit/zoom/8492285EDFC9EC947D0139C0FB1D65C4.jpg,,/product/iogurte-grego-natural-1-kg/5604260319060
47020,"Iogurte natural skyr 0%, 150 g",5604260318339,11176,10010,,PorSi Viva Bem,,"4,60€/Kg","0,69€",https://cdn.intermarche.pt/pt/Content/images/boitmal/produit/zoom/8034E9FAABF87C819035AFC0D3594E17.jpg,,/product/iogurte-natural-skyr-0%25-150-g/5604260318339
41715,"Iogurte tipo grego caramelo salgado,  4 x 125 g",5604260306381,11176,10010,,PorSi,,"3,38€/Kg","1,69€",https://cdn.intermarche.pt/pt/Content/images/boitmal/produit/zoom/251983AC8CC6EAAFB7E8EC7C2B551EA8.jpg,,/product/iogurte-tipo-grego-caramelo-salgado-4-x-125-g/5604260306381
46621,"Iogurte grego natural açucarado sem lactose,  240g",5604260313518,11176,10010,,PorSi Viva Bem,,"5,79€/Kg","1,39€",https://cdn.intermarche.pt/pt/Content/images/boitmal/produit/zoom/845D3261EC595C36212EF5E73E960259.jpg,,/product/iogurte-grego-natural-acucarado-sem-lactose-240g/5604260313518
46600,"Iogurte liquido manga kefir, 486 ml",5604260318315,10400,10010,,PorSi,,"3,07€/L","1,49€",https://cdn.intermarche.pt/pt/Content/images/boitmal/produit/zoom/106BE4355CE6AEC3CCC8F9BDD2753D84.jpg,,/product/iogurte-liquido-manga-kefir-486-ml/5604260318315
46622,"Iogurte grego stracciatella sem lactose,  240g",5604260313525,11176,10010,,PorSi Viva Bem,,"5,79€/Kg","1,39€",https://cdn.intermarche.pt/pt/Content/images/boitmal/produit/zoom/5040BD5057BF9C69D6743EBCD81ABFF9.jpg,,/product/iogurte-grego-stracciatella-sem-lactose-240g/5604260313525
33462,"Iogurte estilo grego stracciatella, 1 kg",8432022000904,11176,10010,,Margui,,"3,39€/Kg","3,39€",https://cdn.intermarche.pt/pt/Content/images/boitmal/produit/zoom/DBC8E351075315D804F7A1E97C371471.jpg,,/product/iogurte-estilo-grego-stracciatella-1-kg/8432022000904
52854,"Kefir Activia Mirtilo, 320g",8410500029524,11176,10010,,Danone,,"5,91€/Kg","1,89€",https://cdn.intermarche.pt/pt/Content/images/boitmal/produit/zoom/F96D21F0BCE06B0FB75FE45A9606EB8F.jpg,,/product/kefir-activia-mirtilo-320g/8410500029524
53227,"Kefir Activia Natural, 320g",8410500028954,11176,10010,,Danone,,"5,91€/Kg","1,89€",https://cdn.intermarche.pt/pt/Content/images/boitmal/produit/zoom/3618BB9FBE5019AAC8808484291DD432.jpg,,/product/kefir-activia-natural-320g/8410500028954
47021,"Iogurte morango skyr 0%, 150 g",5604260318322,11176,10010,,PorSi Viva Bem,,"5,20€/Kg","0,78€",https://cdn.intermarche.pt/pt/Content/images/boitmal/produit/zoom/4D1CC0EF763A56039B440BCAC3CB5714.jpg,,/product/iogurte-morango-skyr-0%25-150-g/5604260318322
41979,"Yopro manteiga amendoim banana,  160g",5601050036244,11177,10010,,Danone,,"6,13€/Kg","0,98€",https://cdn.intermarche.pt/pt/Content/images/boitmal/produit/zoom/76F611345D72D89BD286B28BEC6CF628.jpg,2024-09-25T22:59:59.999Z,/product/yopro-manteiga-amendoim-banana-160g/5601050036244
45431,"Yopro líquido manga,  300g",5601050036893,11177,10010,,Danone,,"6,63€/Kg","1,99€",https://cdn.intermarche.pt/pt/Content/images/boitmal/produit/zoom/8583A6614D9FCD023E372D07BF1E7B47.jpg,2024-09-25T22:59:59.999Z,/product/yopro-liquido-manga-300g/5601050036893
45432,"Yopro líquido coco,  300g",5601050036916,11177,10010,,Danone,,"6,63€/Kg","1,99€",https://cdn.intermarche.pt/pt/Content/images/boitmal/produit/zoom/174E800B7C6E0E18623E381803A8EDD9.jpg,2024-09-25T22:59:59.999Z,/product/yopro-liquido-coco-300g/5601050036916
52759,"Iogurte Proteico Ginja Sem Lactose,  200g",5604260329618,11177,10010,,PorSi Viva Bem,,"4,90€/Kg","0,98€",https://cdn.intermarche.pt/pt/Content/images/boitmal/produit/zoom/648E07F12835F0B056FE04BD0061A4C2.jpg,2024-10-04T22:59:59.999Z,/product/iogurte-proteico-ginja-sem-lactose-200g/5604260329618
50033,"Iogurte Liquido Pêssego Maragujá,  300g",5601050037593,11177,10010,,Yopro,,"6,63€/Kg","1,99€",https://cdn.intermarche.pt/pt/Content/images/boitmal/produit/zoom/8DF1B41264F620D281B0BA1662B0D3D8.jpg,2024-09-25T22:59:59.999Z,/product/iogurte-liquido-pessego-maraguja-300g/5601050037593
35462,"Iogurte liquido proteína yopro morango/framboesa, 300 g",8410500023652,11177,10010,,Yopro,,"6,63€/Kg","1,99€",https://cdn.intermarche.pt/pt/Content/images/boitmal/produit/zoom/9EC735F7DD0AFCA7D894FC734C5CF29F.jpg,2024-09-25T22:59:59.999Z,/product/iogurte-liquido-proteina-yopro-morango-ou-framboesa-300-g/8410500023652
51916,"Yopro caramelo machiato,  160g",5601050037777,11177,10010,,Yopro,,"6,13€/Kg","0,98€",https://cdn.intermarche.pt/pt/Content/images/boitmal/produit/zoom/1270C0A6586804B87FB971BF20F15493.jpg,2024-09-25T22:59:59.999Z,/product/yopro-caramelo-machiato-160g/5601050037777
51311,"Yopro danone beber chocolate,  250 ml",8410500028435,11177,10010,,Yopro,,"4,36€/L","1,09€",https://cdn.intermarche.pt/pt/Content/images/boitmal/produit/zoom/49B55508D1BA9E357A7842002A535DF6.jpg,2024-09-25T22:59:59.999Z,/product/yopro-danone-beber-chocolate-250-ml/8410500028435
50512,"Yopro morango,  160g",8410500028206,11177,10010,,Yopro,,"6,13€/Kg","0,98€",https://cdn.intermarche.pt/pt/Content/images/boitmal/produit/zoom/D925B59D7A508F0A005BF08DFAE0B307.jpg,2024-09-25T22:59:59.999Z,/product/yopro-morango-160g/8410500028206
53064,"Iogurte Líquido Proteico de Mirtilo,  300g",8410500028992,11177,10010,,Yopro,,"6,63€/Kg","1,99€",https://cdn.intermarche.pt/pt/Content/images/boitmal/produit/zoom/22B4F7E885B55F9E6D23FA8D95967ED7.jpg,2024-09-25T22:59:59.999Z,/product/iogurte-liquido-proteico-de-mirtilo-300g/8410500028992
35653,"Yopro liquido baunilha cookies,  300g",5601050035261,11177,10010,,Yopro,,"6,63€/Kg","1,99€",https://cdn.intermarche.pt/pt/Content/images/boitmal/produit/zoom/59E41E90379948C40A550A198F78B98A.jpg,2024-09-25T22:59:59.999Z,/product/yopro-liquido-baunilha-cookies-300g/5601050035261
38408,"Yopro liquido cafe,  300g",5601050036114,11177,10010,,Yopro,,"6,63€/Kg","1,99€",https://cdn.intermarche.pt/pt/Content/images/boitmal/produit/zoom/CACC48A063039C7552E9BC9AE99D8EF3.jpg,2024-09-25T22:59:59.999Z,/product/yopro-liquido-cafe-300g/5601050036114
41360,"Yopro mirtilo,  160g",5601050036268,11177,10010,,Yopro,,"6,13€/Kg","0,98€",https://cdn.intermarche.pt/pt/Content/images/boitmal/produit/zoom/9E0E95300ACF0FD8192F408DE177007F.jpg,2024-09-25T22:59:59.999Z,/product/yopro-mirtilo-160g/5601050036268
49863,"Yopro liq stracciatela,  300g",5601050037586,11177,10010,,Yopro,,"6,63€/Kg","1,99€",https://cdn.intermarche.pt/pt/Content/images/boitmal/produit/zoom/7EC3D68C5183F31750E0ED6C9A4F1D77.jpg,2024-09-25T22:59:59.999Z,/product/yopro-liq-stracciatela-300g/5601050037586
52789,"Iogurte Proteina Natural, 480g",5601050038132,11177,10010,,Yopro,,"6,85€/Kg","3,29€",https://cdn.intermarche.pt/pt/Content/images/boitmal/produit/zoom/BE4D3D8FEB829E1CCD624C248168783D.jpg,2024-09-25T22:59:59.999Z,/product/iogurte-proteina-natural-480g/5601050038132
52876,"Iogurte Stracciatella,  2 x 160g",5601050038156,11177,10010,,Yopro,,"5,59€/Kg","1,79€",https://cdn.intermarche.pt/pt/Content/images/boitmal/produit/zoom/5963BD8DCD2E4AE582B4E6F05EC7A0D8.jpg,2024-09-25T22:59:59.999Z,/product/iogurte-stracciatella-2-x-160g/5601050038156
45430,"Yopro coco,  160g",5601050036909,11177,10010,,Danone,,"6,13€/Kg","0,98€",https://cdn.intermarche.pt/pt/Content/images/boitmal/produit/zoom/DC9F86DA651D580BC5012687C7EA6CF4.jpg,2024-09-25T22:59:59.999Z,/product/yopro-coco-160g/5601050036909
51310,"Yopro danone beber baunilha,  250 ml",8410500028190,11177,10010,,Yopro,,"4,36€/L","1,09€",https://cdn.intermarche.pt/pt/Content/images/boitmal/produit/zoom/D57A147884342384960775CD339493C4.jpg,2024-09-25T22:59:59.999Z,/product/yopro-danone-beber-baunilha-250-ml/8410500028190
52877,"Iogurte Baunilha,  2 x 160g",5601050038149,11177,10010,,Yopro,,"5,59€/Kg","1,79€",https://cdn.intermarche.pt/pt/Content/images/boitmal/produit/zoom/D61FF58F71F4A9F0B6712D6CCEC6A9E5.jpg,2024-09-25T22:59:59.999Z,/product/iogurte-baunilha-2-x-160g/5601050038149
52763,"Pudim Proteico Baunilha, 200g",5604260331185,10719,10060,,PorSi Viva Bem,,"4,95€/Kg","0,99€",https://cdn.intermarche.pt/pt/Content/images/boitmal/produit/zoom/BD4722B0CFFF822EC24F56701216F8F7.jpg,,/product/pudim-proteico-baunilha-200g/5604260331185
47020,"Iogurte natural skyr 0%, 150 g",5604260318339,11176,10010,,PorSi Viva Bem,,"4,60€/Kg","0,69€",https://cdn.intermarche.pt/pt/Content/images/boitmal/produit/zoom/8034E9FAABF87C819035AFC0D3594E17.jpg,,/product/iogurte-natural-skyr-0%25-150-g/5604260318339
45405,"Pudim proteico baunilha,  150g",3023290053508,10719,10060,,Lindahls,,"13,27€/Kg","1,99€",https://cdn.intermarche.pt/pt/Content/images/boitmal/produit/zoom/6B87D362E0EA68435EA6133F4A957F48.jpg,,/product/pudim-proteico-baunilha-150g/3023290053508
52298,"Iogurte Sólido Proteico Limão Cookies,  160 g",3023290072011,11177,10010,,Lindahls,,"6,81€/Kg","1,09€",https://cdn.intermarche.pt/pt/Content/images/boitmal/produit/zoom/8EAA7FD65180D3A14B47E261ECEE195A.jpg,,/product/iogurte-solido-proteico-limao-cookies-160-g/3023290072011
52297,"Iogurte Sólido Proteico Pêssego Maracujá,  160 g",3023290072134,11177,10010,,Lindahls,,"6,81€/Kg","1,09€",https://cdn.intermarche.pt/pt/Content/images/boitmal/produit/zoom/AE9F2C535F0C913D92E310F96C678155.jpg,,/product/iogurte-solido-proteico-pessego-maracuja-160-g/3023290072134
52295,"Iogurte Sólido Proteico Framboesa,  160 g",3023290072073,11177,10010,,Lindahls,,"6,81€/Kg","1,09€",https://cdn.intermarche.pt/pt/Content/images/boitmal/produit/zoom/0AFAF170DCC03528A6FC4E987CD00438.jpg,,/product/iogurte-solido-proteico-framboesa-160-g/3023290072073
52296,"Iogurte Sólido Proteico Stracciatella,  160 g",3023290072097,11177,10010,,Lindahls,,"6,81€/Kg","1,09€",https://cdn.intermarche.pt/pt/Content/images/boitmal/produit/zoom/1D58D41F174566840E8A77CBA42EC7F1.jpg,,/product/iogurte-solido-proteico-stracciatella-160-g/3023290072097
52299,"Iogurte Sólido Proteico Morango Lima,  160 g",3023290072035,11177,10010,,Lindahls,,"6,81€/Kg","1,09€",https://cdn.intermarche.pt/pt/Content/images/boitmal/produit/zoom/14EA5BFF6F855EC6C843EDA83C75111C.jpg,,/product/iogurte-solido-proteico-morango-lima-160-g/3023290072035
46195,"Pudim Rico em Proteína de Chocolate,  200g",4002971301601,10719,10060,,Ehrmann,,"9,45€/Kg","1,89€",https://cdn.intermarche.pt/pt/Content/images/boitmal/produit/zoom/D4B676C995728FCC39FA1C3346E6915D.jpg,,/product/pudim-rico-em-proteina-de-chocolate-200g/4002971301601
52762,"Pudim Proteico Chocolate, 200g",5604260331178,10719,10060,,PorSi Viva Bem,,"4,95€/Kg","0,99€",https://cdn.intermarche.pt/pt/Content/images/boitmal/produit/zoom/E9BC39DA36F1CED0E08A0BAF6C7DE6D5.jpg,,/product/pudim-proteico-chocolate-200g/5604260331178
52765,"Bebida Láctea Proteica Chocolate, 330ml",5604260331154,11177,10010,,PorSi Viva Bem,,"4,21€/L","1,39€",https://cdn.intermarche.pt/pt/Content/images/boitmal/produit/zoom/DB11F3404CB27B8CCF1D657A510C1D96.jpg,,/product/bebida-lactea-proteica-chocolate-330ml/5604260331154
46196,"Pudim Rico em Proteína de Baunilha,  200g",4002971301700,10456,10120,,Ehrmann,,"9,45€/Kg","1,89€",https://cdn.intermarche.pt/pt/Content/images/boitmal/produit/zoom/E2B38EE83181E9C60CC5BA4A36E9CB32.jpg,,/product/pudim-rico-em-proteina-de-baunilha-200g/4002971301700
52855,"Yofu Skyr Exótico, 400g",5411188137368,11175,10010,,Alpro,,"6,48€/Kg","2,59€",https://cdn.intermarche.pt/pt/Content/images/boitmal/produit/zoom/5EF9019C19B1CFD1218BF97A6C8EF78D.jpg,,/product/yofu-skyr-exotico-400g/5411188137368
47021,"Iogurte morango skyr 0%, 150 g",5604260318322,11176,10010,,PorSi Viva Bem,,"5,20€/Kg","0,78€",https://cdn.intermarche.pt/pt/Content/images/boitmal/produit/zoom/4D1CC0EF763A56039B440BCAC3CB5714.jpg,,/product/iogurte-morango-skyr-0%25-150-g/5604260318322
44804,"Pudim Proteico chocolate,  150g",3023290048924,10719,10060,,Lindahls,,"13,27€/Kg","1,99€",https://cdn.intermarche.pt/pt/Content/images/boitmal/produit/zoom/9B2FE0FACFAE4AC76078601AFA61FB63.jpg,,/product/pudim-proteico-chocolate-150g/3023290048924
46197,"Pudim Rico em Proteína de Caramelo,  200g",4002971303506,10719,10060,,Ehrmann,,"9,45€/Kg","1,89€",https://cdn.intermarche.pt/pt/Content/images/boitmal/produit/zoom/0C8A41E622BCD79010E94910EC33893C.jpg,,/product/pudim-rico-em-proteina-de-caramelo-200g/4002971303506
46199,"Pudim Rico em Proteína de Avelã,  200g",4002971244403,10719,10060,,Ehrmann,,"9,45€/Kg","1,89€",https://cdn.intermarche.pt/pt/Content/images/boitmal/produit/zoom/E9467DAC16A4C5952E5973FB8FBDCB7C.jpg,,/product/pudim-rico-em-proteina-de-avela-200g/4002971244403
52764,"Bebida Láctea Proteica Baunilha, 330ml",5604260331161,11177,10010,,PorSi Viva Bem,,"4,21€/L","1,39€",https://cdn.intermarche.pt/pt/Content/images/boitmal/produit/zoom/C0661E8B5DB1222241D06DBC521819CE.jpg,,/product/bebida-lactea-proteica-baunilha-330ml/5604260331161
52856,"Yofu Mirtilo, 400g",5411188137993,11175,10010,,Alpro,,"5,73€/Kg","2,29€",https://cdn.intermarche.pt/pt/Content/images/boitmal/produit/zoom/11533D920C6F50B230FF02F2A50E7E1F.jpg,,/product/yofu-mirtilo-400g/5411188137993
52965,"Yofu Natural Com Côco, 400g",5411188138051,11175,10010,,Alpro,,"5,73€/Kg","2,29€",https://cdn.intermarche.pt/pt/Content/images/boitmal/produit/zoom/4EFC28C798EC9CE81FCEDF77B62BF031.jpg,,/product/yofu-natural-com-coco-400g/5411188138051
52855,"Yofu Skyr Exótico, 400g",5411188137368,11175,10010,,Alpro,,"6,48€/Kg","2,59€",https://cdn.intermarche.pt/pt/Content/images/boitmal/produit/zoom/5EF9019C19B1CFD1218BF97A6C8EF78D.jpg,,/product/yofu-skyr-exotico-400g/5411188137368
52907,"Yofu Líquido Morango e Cereja, 750 ml",5411188138570,11175,10010,,Alpro,,"4,39€/L","3,29€",https://cdn.intermarche.pt/pt/Content/images/boitmal/produit/zoom/900E744ED16474441388F95F41F71847.jpg,,/product/yofu-liquido-morango-e-cereja-750-ml/5411188138570
52960,"Yofu Coco Stracciatella, 340g",5411188136866,11175,10010,,Alpro,,"7,91€/Kg","2,69€",https://cdn.intermarche.pt/pt/Content/images/boitmal/produit/zoom/1DC8A19C4593A6CAC4DD628D5F44BEA6.jpg,,/product/yofu-coco-stracciatella-340g/5411188136866
53222,"Yofu Líquido Manga e Maracujá, 750 ml",5411188138594,11175,10010,,Alpro,,"4,39€/L","3,29€",https://cdn.intermarche.pt/pt/Content/images/boitmal/produit/zoom/D8099CC4A9BDBCB07D4BA426C6E1296D.jpg,,/product/yofu-liquido-manga-e-maracuja-750-ml/5411188138594
11405,"Yofu de soja natural,  4x125 g",5411188104971,10712,10022,,Alpro,,"5,18€/Kg","2,59€",https://cdn.intermarche.pt/pt/Content/images/boitmal/produit/zoom/1A17CE49E442E2ABF8EEBC128106404D.jpg,,/product/yofu-de-soja-natural-4x125-g/5411188104971
42850,"Especialidade de soja natural,  4 x 100 g",5604260307623,10712,10022,,PorSi Viva Bem,,"2,98€/Kg","1,19€",https://cdn.intermarche.pt/pt/Content/images/boitmal/produit/zoom/C134891A4F8FC6F557EDD77EF9E2B8C2.jpg,,/product/especialidade-de-soja-natural-4-x-100-g/5604260307623
38418,"Yofu soja e manga sem açúcar adicionado,  400g",5411188125808,10712,10022,,Alpro,,"6,48€/Kg","2,59€",https://cdn.intermarche.pt/pt/Content/images/boitmal/produit/zoom/885BBE235F65985068DF78EED08A47BE.jpg,,/product/yofu-soja-e-manga-sem-acucar-adicionado-400g/5411188125808
42857,"Especialidade soja frutos vermelhos,  4 x 100 g",5604260307616,10712,10022,,PorSi Viva Bem,,"3,23€/Kg","1,29€",https://cdn.intermarche.pt/pt/Content/images/boitmal/produit/zoom/44C0EBDC09DBEA43EC86AEAB0B3B5E76.jpg,,/product/especialidade-soja-frutos-vermelhos-4-x-100-g/5604260307616
49401,"Soja Ananás Maracujá Sem Açúcar,  400g",5411188133759,10712,10022,,Alpro,,"6,48€/Kg","2,59€",https://cdn.intermarche.pt/pt/Content/images/boitmal/produit/zoom/D6B96CDF233EF989EC5DE3223EBE6B42.jpg,,/product/soja-ananas-maracuja-sem-acucar-400g/5411188133759
11403,"Yofu com pedaços de mirtilo,  4x125 g",5411188100324,10712,10022,,Alpro,,"5,18€/Kg","2,59€",https://cdn.intermarche.pt/pt/Content/images/boitmal/produit/zoom/A16B1848AAE46EC6E247323D1789AB93.jpg,,/product/yofu-com-pedacos-de-mirtilo-4x125-g/5411188100324
42852,"Soja polpa fruta,  8 x 100 g",5604260307647,10712,10022,,PorSi Viva Bem,,"3,24€/Kg","2,59€",https://cdn.intermarche.pt/pt/Content/images/boitmal/produit/zoom/12C365D3869AC06A495F95E8B0211C2C.jpg,,/product/soja-polpa-fruta-8-x-100-g/5604260307647
42855,"Especialidade de soja chocolate,  4 x 100 g",5604260307593,10712,10022,,PorSi Viva Bem,,"4,23€/Kg","1,69€",https://cdn.intermarche.pt/pt/Content/images/boitmal/produit/zoom/C1DAF422659817A37EBFFCA09F7D576E.jpg,,/product/especialidade-de-soja-chocolate-4-x-100-g/5604260307593
52856,"Yofu Mirtilo, 400g",5411188137993,11175,10010,,Alpro,,"5,73€/Kg","2,29€",https://cdn.intermarche.pt/pt/Content/images/boitmal/produit/zoom/11533D920C6F50B230FF02F2A50E7E1F.jpg,,/product/yofu-mirtilo-400g/5411188137993
52965,"Yofu Natural Com Côco, 400g",5411188138051,11175,10010,,Alpro,,"5,73€/Kg","2,29€",https://cdn.intermarche.pt/pt/Content/images/boitmal/produit/zoom/4EFC28C798EC9CE81FCEDF77B62BF031.jpg,,/product/yofu-natural-com-coco-400g/5411188138051
8207,"Sobremesa de soja e baunilha,  4x125 g",5411188094111,10712,10022,,Alpro,,"5,58€/Kg","2,79€",https://cdn.intermarche.pt/pt/Content/images/boitmal/produit/zoom/B08D66721A1CA6EF25FCBF384079EE37.jpg,,/product/sobremesa-de-soja-e-baunilha-4x125-g/5411188094111
8215,"Yofu com polpa de fruta,  4x125 g",5411188112655,10712,10022,,Alpro,,"5,18€/Kg","2,59€",https://cdn.intermarche.pt/pt/Content/images/boitmal/produit/zoom/0D83B3467DE4D626C94D73CEED2B42C7.jpg,,/product/yofu-com-polpa-de-fruta-4x125-g/5411188112655
42856,"Especialidade soja baunilha,  4 x 100 g",5604260307609,10712,10022,,PorSi Viva Bem,,"4,23€/Kg","1,69€",https://cdn.intermarche.pt/pt/Content/images/boitmal/produit/zoom/02BB8E7875983435FD4BFEB05C4E4758.jpg,,/product/especialidade-soja-baunilha-4-x-100-g/5604260307609
52803,"Iogurte Vegetal Leite de Coco Natural Açucarado, 4x 151 ml",5603722522642,10400,10010,,Mimosa,,"3,29€/L","1,99€",https://cdn.intermarche.pt/pt/Content/images/boitmal/produit/zoom/32FC6499B66C7CCC9804185481223A59.jpg,,/product/iogurte-vegetal-leite-de-coco-natural-acucarado-4x-151-ml/5603722522642
52855,"Yofu Skyr Exótico, 400g",5411188137368,11175,10010,,Alpro,,"6,48€/Kg","2,59€",https://cdn.intermarche.pt/pt/Content/images/boitmal/produit/zoom/5EF9019C19B1CFD1218BF97A6C8EF78D.jpg,,/product/yofu-skyr-exotico-400g/5411188137368
52907,"Yofu Líquido Morango e Cereja, 750 ml",5411188138570,11175,10010,,Alpro,,"4,39€/L","3,29€",https://cdn.intermarche.pt/pt/Content/images/boitmal/produit/zoom/900E744ED16474441388F95F41F71847.jpg,,/product/yofu-liquido-morango-e-cereja-750-ml/5411188138570
52960,"Yofu Coco Stracciatella, 340g",5411188136866,11175,10010,,Alpro,,"7,91€/Kg","2,69€",https://cdn.intermarche.pt/pt/Content/images/boitmal/produit/zoom/1DC8A19C4593A6CAC4DD628D5F44BEA6.jpg,,/product/yofu-coco-stracciatella-340g/5411188136866
53222,"Yofu Líquido Manga e Maracujá, 750 ml",5411188138594,11175,10010,,Alpro,,"4,39€/L","3,29€",https://cdn.intermarche.pt/pt/Content/images/boitmal/produit/zoom/D8099CC4A9BDBCB07D4BA426C6E1296D.jpg,,/product/yofu-liquido-manga-e-maracuja-750-ml/5411188138594
49402,"Soja frutos vermelhos tâmaras,  400g",5411188136347,10712,10022,,Alpro,,"6,48€/Kg","2,59€",https://cdn.intermarche.pt/pt/Content/images/boitmal/produit/zoom/4BE8EFA56372C8FC206464D94531C69F.jpg,,/product/soja-frutos-vermelhos-tamaras-400g/5411188136347
3725,"Liégeois Sobremesa de chocolate,  4x100 g",3250390011545,10719,10060,,Páturages,,"3,73€/Kg","1,49€",https://cdn.intermarche.pt/pt/Content/images/boitmal/produit/zoom/9A46D2178312E5F175CC56A78318E4E7.jpg,,/product/liegeois-sobremesa-de-chocolate-4x100-g/3250390011545
52763,"Pudim Proteico Baunilha, 200g",5604260331185,10719,10060,,PorSi Viva Bem,,"4,95€/Kg","0,99€",https://cdn.intermarche.pt/pt/Content/images/boitmal/produit/zoom/BD4722B0CFFF822EC24F56701216F8F7.jpg,,/product/pudim-proteico-baunilha-200g/5604260331185
28858,"Flan de ovos, 4 x 100g",5604260283057,10719,10060,,PorSi,,"3,98€/Kg","1,59€",https://cdn.intermarche.pt/pt/Content/images/boitmal/produit/zoom/D0F91E4AFB918C934BC607A72C5C77A4.jpg,,/product/flan-de-ovos-4-x-100g/5604260283057
9682,"Leite creme,  2x135 g",5604260270200,10719,10060,,PorSi,,"14,74€/Kg","1,99€",https://cdn.intermarche.pt/pt/Content/images/boitmal/produit/zoom/D3DAAABB6F21F8BD75C60653E4705E6F.jpg,,/product/leite-creme-2x135-g/5604260270200
9722,"Toucinho do céu,  2x100 g",5604260272518,10719,10060,,PorSi,,"7,45€/Kg","1,49€",https://cdn.intermarche.pt/pt/Content/images/boitmal/produit/zoom/4142687B710423A20750DB16CD52B478.jpg,,/product/toucinho-do-ceu-2x100-g/5604260272518
11064,"Mousse de chocolate leite,  4x60 g",3250395012080,10719,10060,,Páturages,,"4,13€/Kg","0,99€",https://cdn.intermarche.pt/pt/Content/images/boitmal/produit/zoom/4F4155C9F0D3D0E62E8A5077C5F8BD64.jpg,,/product/mousse-de-chocolate-leite-4x60-g/3250395012080
33181,"Sobremesa paturette baunilha,  4 x 115 g",3250390791928,10719,10060,,Páturages,,"2,80€/Kg","1,29€",https://cdn.intermarche.pt/pt/Content/images/boitmal/produit/zoom/BECB01420CE7BA5CC3FC6414714D158C.jpg,,/product/sobremesa-paturette-baunilha-4-x-115-g/3250390791928
3726,"Liégeois Sobremesa de Café,  4x100 g",3250390011552,10719,10060,,Páturages,,"3,73€/Kg","1,49€",https://cdn.intermarche.pt/pt/Content/images/boitmal/produit/zoom/50841B0D5CD1915146FC415D84D8E371.jpg,,/product/liegeois-sobremesa-de-cafe-4x100-g/3250390011552
10946,"Sobremesa Paturette Caramelo,  4x115g",3250390791881,10719,10060,,Páturages,,"2,80€/Kg","1,29€",https://cdn.intermarche.pt/pt/Content/images/boitmal/produit/zoom/AC07416F87340F1B297AA42598177D5D.jpg,,/product/sobremesa-paturette-caramelo-4x115g/3250390791881
11065,"Mousse de chocolate preto,  4x60 g",3250395016262,10719,10060,,Páturages,,"4,96€/Kg","1,19€",https://cdn.intermarche.pt/pt/Content/images/boitmal/produit/zoom/3E6150D925F8C2676C68721ED8C3AF42.jpg,,/product/mousse-de-chocolate-preto-4x60-g/3250395016262
45405,"Pudim proteico baunilha,  150g",3023290053508,10719,10060,,Lindahls,,"13,27€/Kg","1,99€",https://cdn.intermarche.pt/pt/Content/images/boitmal/produit/zoom/6B87D362E0EA68435EA6133F4A957F48.jpg,,/product/pudim-proteico-baunilha-150g/3023290053508
7603,"Liegeois de chocolate,  200g",4002971266207,10719,10060,,Milchfrisc,,"2,95€/Kg","0,59€",https://cdn.intermarche.pt/pt/Content/images/boitmal/produit/zoom/96819C4E01A5EBAB262422D9582112B4.jpg,,/product/liegeois-de-chocolate-200g/4002971266207
33180,"Sobremesa Paturette Chocolate,  4x115g",3250390791942,10719,10060,,Páturages,,"2,80€/Kg","1,29€",https://cdn.intermarche.pt/pt/Content/images/boitmal/produit/zoom/B3F4B24B573E9D2BB038C6B95ADC53F2.jpg,,/product/sobremesa-paturette-chocolate-4x115g/3250390791942
9684,"Delícia de bolacha,  2x135 g",5604260270224,10719,10060,,PorSi,,"13,26€/Kg","1,79€",https://cdn.intermarche.pt/pt/Content/images/boitmal/produit/zoom/F410A532B6754A1D14FBA137A13FD9A0.jpg,,/product/delicia-de-bolacha-2x135-g/5604260270224
20131,"Sobremesa Paturette Creamy Chocolate,  4X115G",3250392303969,10719,10060,,Páturages,,"4,33€/Kg","1,99€",https://cdn.intermarche.pt/pt/Content/images/boitmal/produit/zoom/B4DA8A29FFADDD5E831767F9D4B3C532.jpg,,/product/sobremesa-paturette-creamy-chocolate-4x115g/3250392303969
27816,"Sobremesa danette chocolate,  4 x 125 g",5601050034172,10719,10060,,Danone,,"4,58€/Kg","2,29€",https://cdn.intermarche.pt/pt/Content/images/boitmal/produit/zoom/7D9550DA1786024357E288D08E9A866B.jpg,,/product/sobremesa-danette-chocolate-4-x-125-g/5601050034172
9683,"Sobremesa de Arroz Doce, 2 x 135g",5604260270217,10719,10060,,PorSi,,"6,63€/Kg","1,79€",https://cdn.intermarche.pt/pt/Content/images/boitmal/produit/zoom/AB8410FB07D26338CBE5D489AED7EE3F.jpg,,/product/sobremesa-de-arroz-doce-2-x-135g/5604260270217
12662,"Sobremesa láctea com chocolate e drageias de chocolate coloridas,  4X120 g",3250391885794,10719,10060,,Páturages,,"5,60€/Kg","2,69€",https://cdn.intermarche.pt/pt/Content/images/boitmal/produit/zoom/4A7AC41D409D8CFD93DF4A61A99519E3.jpg,,/product/sobremesa-lactea-com-chocolate-e-drageias-de-chocolate-coloridas-4x120-g/3250391885794
46195,"Pudim Rico em Proteína de Chocolate,  200g",4002971301601,10719,10060,,Ehrmann,,"9,45€/Kg","1,89€",https://cdn.intermarche.pt/pt/Content/images/boitmal/produit/zoom/D4B676C995728FCC39FA1C3346E6915D.jpg,,/product/pudim-rico-em-proteina-de-chocolate-200g/4002971301601
52762,"Pudim Proteico Chocolate, 200g",5604260331178,10719,10060,,PorSi Viva Bem,,"4,95€/Kg","0,99€",https://cdn.intermarche.pt/pt/Content/images/boitmal/produit/zoom/E9BC39DA36F1CED0E08A0BAF6C7DE6D5.jpg,,/product/pudim-proteico-chocolate-200g/5604260331178
27813,"Sobremesa danette baunilha,  4 x 125 g",5601050034165,10719,10060,,Danone,,"4,58€/Kg","2,29€",https://cdn.intermarche.pt/pt/Content/images/boitmal/produit/zoom/12DF8E812A3124706B83FB0DF82BEFD8.jpg,,/product/sobremesa-danette-baunilha-4-x-125-g/5601050034165
36946,"Sobremesa danette duo baunilha e chocolate,  4 x 125 ml",5601050035919,10719,10060,,Danone,,"4,58€/Kg","2,29€",https://cdn.intermarche.pt/pt/Content/images/boitmal/produit/zoom/8AB6EAB5935ABDCA4ADA75B8580ADBE0.jpg,,/product/sobremesa-danette-duo-baunilha-e-chocolate-4-x-125-ml/5601050035919
46196,"Pudim Rico em Proteína de Baunilha,  200g",4002971301700,10456,10120,,Ehrmann,,"9,45€/Kg","1,89€",https://cdn.intermarche.pt/pt/Content/images/boitmal/produit/zoom/E2B38EE83181E9C60CC5BA4A36E9CB32.jpg,,/product/pudim-rico-em-proteina-de-baunilha-200g/4002971301700
44804,"Pudim Proteico chocolate,  150g",3023290048924,10719,10060,,Lindahls,,"13,27€/Kg","1,99€",https://cdn.intermarche.pt/pt/Content/images/boitmal/produit/zoom/9B2FE0FACFAE4AC76078601AFA61FB63.jpg,,/product/pudim-proteico-chocolate-150g/3023290048924
32242,"Danette caramel, 4 x 125 g",5601050034714,10719,10060,,Danone,,"4,58€/Kg","2,29€",https://cdn.intermarche.pt/pt/Content/images/boitmal/produit/zoom/24A1EABD2D35BF84DBD0CD2203D0082D.jpg,,/product/danette-caramel-4-x-125-g/5601050034714
46197,"Pudim Rico em Proteína de Caramelo,  200g",4002971303506,10719,10060,,Ehrmann,,"9,45€/Kg","1,89€",https://cdn.intermarche.pt/pt/Content/images/boitmal/produit/zoom/0C8A41E622BCD79010E94910EC33893C.jpg,,/product/pudim-rico-em-proteina-de-caramelo-200g/4002971303506
46199,"Pudim Rico em Proteína de Avelã,  200g",4002971244403,10719,10060,,Ehrmann,,"9,45€/Kg","1,89€",https://cdn.intermarche.pt/pt/Content/images/boitmal/produit/zoom/E9467DAC16A4C5952E5973FB8FBDCB7C.jpg,,/product/pudim-rico-em-proteina-de-avela-200g/4002971244403
52054,"Gelatina Pronta Morango,  360g",7622201735111,10800,10060,,Royal,,"4,14€/Kg","1,49€",https://cdn.intermarche.pt/pt/Content/images/boitmal/produit/zoom/8979195E50E0562805183F99A49CEE3B.jpg,2024-09-25T22:59:59.999Z,/product/gelatina-pronta-morango-360g/7622201735111
1708,"Gelatina zero % pêssego,  130g",5603697271750,10800,10060,,Koala,,"8,38€/Kg","1,09€",https://cdn.intermarche.pt/pt/Content/images/boitmal/produit/zoom/BB23402C37BDF83803302FC5CC3BA321.jpg,2024-09-25T22:59:59.999Z,/product/gelatina-zero-%25-pessego-130g/5603697271750
1701,"Gelatina de ananás,  130g",5603697270920,10800,10060,,Koala,,"6,85€/Kg","0,89€",https://cdn.intermarche.pt/pt/Content/images/boitmal/produit/zoom/42EAD10DCA52B5A6CE1D0332693604D8.jpg,2024-09-25T22:59:59.999Z,/product/gelatina-de-ananas-130g/5603697270920
1702,"Gelatina de manga,  130g",5603697270975,10800,10060,,Koala,,"6,85€/Kg","0,89€",https://cdn.intermarche.pt/pt/Content/images/boitmal/produit/zoom/5AEEAA5729AC0FEBDD696A12FD303E89.jpg,2024-09-25T22:59:59.999Z,/product/gelatina-de-manga-130g/5603697270975
1703,"Gelatina de melancia,  130g",5603697270999,10800,10060,,Koala,,"6,85€/Kg","0,89€",https://cdn.intermarche.pt/pt/Content/images/boitmal/produit/zoom/EF4321539F49860B57675DA449646740.jpg,2024-09-25T22:59:59.999Z,/product/gelatina-de-melancia-130g/5603697270999
1704,"Gelatina de morango,  130g",5603697271613,10800,10060,,Koala,,"6,85€/Kg","0,89€",https://cdn.intermarche.pt/pt/Content/images/boitmal/produit/zoom/A643E361D2FCFD5055090D6A30CCDA7D.jpg,2024-09-25T22:59:59.999Z,/product/gelatina-de-morango-130g/5603697271613
1707,"Gelatina zero % morango,  130g",5603697271743,10800,10060,,Koala,,"8,38€/Kg","1,09€",https://cdn.intermarche.pt/pt/Content/images/boitmal/produit/zoom/B1C607A22B7C1F9D372F9A0244AB004C.jpg,2024-09-25T22:59:59.999Z,/product/gelatina-zero-%25-morango-130g/5603697271743
28621,"Gelatina de coco origem vegetal,  130g",5603697270937,10800,10060,,Koala,,"6,85€/Kg","0,89€",https://cdn.intermarche.pt/pt/Content/images/boitmal/produit/zoom/C6A2B62FAF931255677C85EF540283F7.jpg,2024-09-25T22:59:59.999Z,/product/gelatina-de-coco-origem-vegetal-130g/5603697270937
52010,"Gelatina Pronta Tutti - Frutti,  360g",7622201735197,10800,10060,,Royal,,"4,14€/Kg","1,49€",https://cdn.intermarche.pt/pt/Content/images/boitmal/produit/zoom/50A610B8826E8E66535C2E3FCBC6794F.jpg,2024-09-25T22:59:59.999Z,/product/gelatina-pronta-tutti-frutti-360g/7622201735197
52158,"Gelatina de Manga e Maracujá 8kcal ,  4x100g",5604260327904,10800,10060,,PorSi Viva Bem,,"2,73€/Kg","1,09€",https://cdn.intermarche.pt/pt/Content/images/boitmal/produit/zoom/EA1906E8B9A19CC2F478C1D82364E70B.jpg,,/product/gelatina-de-manga-e-maracuja-8kcal-4x100g/5604260327904
9608,"Sobremesa gelatina de morango, 4 x 100g",5604260261239,10800,10060,,PorSi,,"2,48€/Kg","0,99€",https://cdn.intermarche.pt/pt/Content/images/boitmal/produit/zoom/6A9C0071F58923312A46E4C82F6BBC26.jpg,,/product/sobremesa-gelatina-de-morango-4-x-100g/5604260261239
9610,"Sobremesa gelatina de ananás, 4 x 100g",5604260261253,10800,10060,,PorSi,,"2,48€/Kg","0,99€",https://cdn.intermarche.pt/pt/Content/images/boitmal/produit/zoom/96377821CA11AADE10F6313CDBA6947B.jpg,,/product/sobremesa-gelatina-de-ananas-4-x-100g/5604260261253
9609,"Sobremesa gelificada tutti frutti,  4 x 100g",5604260261246,10800,10060,,PorSi,,"2,48€/Kg","0,99€",https://cdn.intermarche.pt/pt/Content/images/boitmal/produit/zoom/EB547564718E5FA59759CFF4C59E4377.jpg,,/product/sobremesa-gelificada-tutti-frutti-4-x-100g/5604260261246
9611,"Sobremesa gelificada de laranja,  4x100g",5604260261260,10800,10060,,PorSi,,"2,48€/Kg","0,99€",https://cdn.intermarche.pt/pt/Content/images/boitmal/produit/zoom/FF0DDDBA5C1B9FC0567F42E4FB4EF161.jpg,,/product/sobremesa-gelificada-de-laranja-4x100g/5604260261260
51960,"Gelatina Pronta Tropical Sem Açúcar,  360g",7622201735036,10800,10060,,Royal,,"6,08€/Kg","2,19€",https://cdn.intermarche.pt/pt/Content/images/boitmal/produit/zoom/62F7B9D4695B09CE78EDA36E7C56E2D3.jpg,,/product/gelatina-pronta-tropical-sem-acucar-360g/7622201735036
52153,"Gelatina Ananás Sem Adição de Açúcares,  4 x 100 g",5604260327881,10800,10060,,PorSi Viva Bem,,"2,73€/Kg","1,09€",https://cdn.intermarche.pt/pt/Content/images/boitmal/produit/zoom/786189AF4627511A31DB276C363F4A02.jpg,,/product/gelatina-ananas-sem-adicao-de-acucares-4-x-100-g/5604260327881
52015,"Gelatina Pronta Ananás Sem Açúcar,  360g",7622201747442,10800,10060,,Royal,,"6,08€/Kg","2,19€",https://cdn.intermarche.pt/pt/Content/images/boitmal/produit/zoom/F31B2D653A78960E5C8BECD9B44182BC.jpg,,/product/gelatina-pronta-ananas-sem-acucar-360g/7622201747442
52039,"Gelatina Pronta Frutos do Bosque Sem Açúcar,  360g",7622201747466,10800,10060,,Royal,,"6,08€/Kg","2,19€",https://cdn.intermarche.pt/pt/Content/images/boitmal/produit/zoom/1B2DEF970DD31011C1B7589C0E366974.jpg,,/product/gelatina-pronta-frutos-do-bosque-sem-acucar-360g/7622201747466
52152,"Gelatina de Morango 8kcal,  4x100g",5604260327874,10800,10060,,PorSi Viva Bem,,"2,98€/Kg","1,19€",https://cdn.intermarche.pt/pt/Content/images/boitmal/produit/zoom/73DD4BB7DEB1A85BF151B26EFB176456.jpg,,/product/gelatina-de-morango-8kcal-4x100g/5604260327874
52157,"Gelatina de Tangerina 8kcal,  4x100g",5604260327898,10800,10060,,PorSi Viva Bem,,"2,73€/Kg","1,09€",https://cdn.intermarche.pt/pt/Content/images/boitmal/produit/zoom/CCCAA41A597279534F7956BCCB9A28E3.jpg,,/product/gelatina-de-tangerina-8kcal-4x100g/5604260327898
52040,"Gelatina Pronta Limão Sem Açúcar,  360g",7622201735135,10800,10060,,Royal,,"6,08€/Kg","2,19€",https://cdn.intermarche.pt/pt/Content/images/boitmal/produit/zoom/FD2CC3FD7BB6266F63A60607571A9D2A.jpg,,/product/gelatina-pronta-limao-sem-acucar-360g/7622201735135
51959,"Gelatina Pronta Morango Sem Açúcar,  360g",7622201735012,10800,10060,,Royal,,"6,08€/Kg","2,19€",https://cdn.intermarche.pt/pt/Content/images/boitmal/produit/zoom/ED35B4FB5B13295D8AD6A2B035F28370.jpg,,/product/gelatina-pronta-morango-sem-acucar-360g/7622201735012
7226,"Puré Sobremesa de Maçã Natural, 750 g",3045320510577,11799,10060,,Andros,,"4,79€/Kg","3,59€",https://cdn.intermarche.pt/pt/Content/images/boitmal/produit/zoom/16588B7BED9F4098AEE7BD2B39D5F27F.jpg,,/product/pure-sobremesa-de-maca-natural-750-g/3045320510577
36728,Arroz carolino,5604260294343,11715,103,Embalagem de 1 kg,PorSi,,"1,25€/Kg","1,25€",https://cdn.intermarche.pt/pt/Content/images/boitmal/produit/zoom/10350363E0DE37B1698299EA7835EFEE.jpg,2024-10-04T22:59:59.999Z,/product/arroz-carolino/5604260294343
5522,Arroz carolino,5601692071429,11715,103,Embalagem de 1 kg,Bom sucesso,,"1,49€/Kg","1,49€",https://cdn.intermarche.pt/pt/Content/images/boitmal/produit/zoom/DB1736313D8501082E1A679F43901D59.jpg,2024-09-25T22:59:59.999Z,/product/arroz-carolino/5601692071429
36667,Arroz Agulha América do Sul,5604260294374,11715,103,Embalagem de 1 kg,PorSi,,"1,45€/Kg","1,45€",https://cdn.intermarche.pt/pt/Content/images/boitmal/produit/zoom/3176FBF6289F7C552A43A4A40781BEBD.jpg,,/product/arroz-agulha-america-do-sul/5604260294374
5521,"Arroz agulha, 1kg",5601692071214,11715,103,Embalagem de 1 kg,Bom sucesso,,"1,29€/Kg","1,29€",https://cdn.intermarche.pt/pt/Content/images/boitmal/produit/zoom/67549B74E1964578541F2476DCA87536.jpg,2024-09-25T22:59:59.999Z,/product/arroz-agulha-1kg/5601692071214
31215,Arroz para risotto bom sucesso,5601692071498,11715,103,Embalagem de 1 kg,Bom sucesso,,"2,44€/Kg","2,44€",https://cdn.intermarche.pt/pt/Content/images/boitmal/produit/zoom/2201CC75AAA41C406D31C32C55688C21.jpg,2024-09-25T22:59:59.999Z,/product/arroz-para-risotto-bom-sucesso/5601692071498
1427,Arroz agulha,5601255322128,11715,103,Embalagem de 1 kg,Caçarola,,"1,28€/Kg","1,28€",https://cdn.intermarche.pt/pt/Content/images/boitmal/produit/zoom/A52540C62DF57685F2A437535D54EC25.jpg,,/product/arroz-agulha/5601255322128
1434,Arroz agulha,5601260037109,11715,103,Embalagem de 1 kg,Cigala,,"1,59€/Kg","1,59€",https://cdn.intermarche.pt/pt/Content/images/boitmal/produit/zoom/9B1F36F6AAAF2732F8672B52B380B44F.jpg,,/product/arroz-agulha/5601260037109
36727,Arroz basmati,5604260294404,11715,103,Embalagem de 1 kg,PorSi,,"1,99€/Kg","1,99€",https://cdn.intermarche.pt/pt/Content/images/boitmal/produit/zoom/A202F799046FEBC287E96FCBA940C546.jpg,,/product/arroz-basmati/5604260294404
37515,Arroz agulha Europa,5604260294367,11715,103,Embalagem de 1 kg,PorSi,,"1,35€/Kg","1,35€",https://cdn.intermarche.pt/pt/Content/images/boitmal/produit/zoom/9739FA5451F66601C6848B15FEF34D85.jpg,,/product/arroz-agulha-europa/5604260294367
1484,Arroz carolino malandrinho,5601326000122,11715,103,Embalagem de 1 kg,Pato real,,"2,19€/Kg","2,19€",https://cdn.intermarche.pt/pt/Content/images/boitmal/produit/zoom/894170BBEE1DCE01EC4648E1F8CDBAFD.jpg,,/product/arroz-carolino-malandrinho/5601326000122
43406,Arroz integral,5604260310364,10456,10120,Embalagem de 1 kg,PorSi Viva Bem,,"1,48€/Kg","1,48€",https://cdn.intermarche.pt/pt/Content/images/boitmal/produit/zoom/1A54CCE5D98AD480EAE3D8242AF2F0F9.jpg,,/product/arroz-integral/5604260310364
1426,Arroz carolino,5601255312112,11715,103,Embalagem de 1kg,Caçarola,,"1,39€/Kg","1,39€",https://cdn.intermarche.pt/pt/Content/images/boitmal/produit/zoom/7F690432AAD8958D114DBA6E5A052325.jpg,,/product/arroz-carolino/5601255312112
1436,Arroz brajma,5601260038106,11715,103,Embalagem de 1 kg,Cigala,,"2,99€/Kg","2,99€",https://cdn.intermarche.pt/pt/Content/images/boitmal/produit/zoom/61072CF34FC0F6BAB0BEEADB6DBF8C24.jpg,,/product/arroz-brajma/5601260038106
1437,Arroz Carolino,5601260046101,11715,103,Embalagem de 1 kg,Saludães,,"1,89€/Kg","1,89€",https://cdn.intermarche.pt/pt/Content/images/boitmal/produit/zoom/1AF2CC85F100279586424D4415352EF6.jpg,,/product/arroz-carolino/5601260046101
1485,Arroz agulha,5601326000214,11715,103,Embalagem de 1 kg,Pato real,,"1,69€/Kg","1,69€",https://cdn.intermarche.pt/pt/Content/images/boitmal/produit/zoom/9300697F5C7AE4E3984C289F98387091.jpg,,/product/arroz-agulha/5601326000214
36574,Arroz agulha longo comum,5601432040203,11715,103,Embalagem de 1 kg,Palmeirinha,,"1,15€/Kg","1,15€",https://cdn.intermarche.pt/pt/Content/images/boitmal/produit/zoom/552F49C82E7CDFB2BF979948D3709D4A.jpg,,/product/arroz-agulha-longo-comum/5601432040203
48350,Arroz vaporizado,5604260319503,11715,103,Embalagem de 500g,PorSi,,"2,98€/Kg","1,49€",https://cdn.intermarche.pt/pt/Content/images/boitmal/produit/zoom/A69B4B8AAD626E8E2F330236969EE6A9.jpg,,/product/arroz-vaporizado/5604260319503
46854,"Arroz Thai Jasmim, 1 kg",5604260320660,11715,103,,PorSi,,"1,79€/Kg","1,79€",https://cdn.intermarche.pt/pt/Content/images/boitmal/produit/zoom/6E0F253FFC5FCF3540D8B26689ED7C2F.jpg,,/product/arroz-thai-jasmim-1-kg/5604260320660
1433,Arroz Carolino,5601260036102,11715,103,Embalagem de 1 kg,Cigala,,"1,89€/Kg","1,89€",https://cdn.intermarche.pt/pt/Content/images/boitmal/produit/zoom/2DDC2B3398B25BC364B40D12E11074B2.jpg,,/product/arroz-carolino/5601260036102
47781,Arroz basmati,5604260319497,11715,103,Embalagem de 500g,PorSi,,"3,78€/Kg","1,89€",https://cdn.intermarche.pt/pt/Content/images/boitmal/produit/zoom/B5E3BD11E06F1EA4ADB1B66F0C346639.jpg,,/product/arroz-basmati/5604260319497
22164,Arroz doce especial,5601260254056,11715,103,Embalagem de 500g,Saludães,,"1,98€/Kg","0,99€",https://cdn.intermarche.pt/pt/Content/images/boitmal/produit/zoom/878854BE9F8FAA6F9C6C65945CC1655C.jpg,,/product/arroz-doce-especial/5601260254056
1438,Arroz agulha,5601260047108,11715,103,Embalagem de 1kg,Saludães,,"1,59€/Kg","1,59€",https://cdn.intermarche.pt/pt/Content/images/boitmal/produit/zoom/A47E0478F621CD18819B801F7F6528A1.jpg,,/product/arroz-agulha/5601260047108
14269,Arroz Risotto,5604260276004,11715,103,Embalagem de 1 kg,PorSi,,"1,98€/Kg","1,98€",https://cdn.intermarche.pt/pt/Content/images/boitmal/produit/zoom/28BB09A264F7A36F654265C17A4EC69C.jpg,,/product/arroz-risotto/5604260276004
1429,Arroz estufado,5601255323125,11715,103,Embalagem de 1 kg,Caçarola,,"1,59€/Kg","1,59€",https://cdn.intermarche.pt/pt/Content/images/boitmal/produit/zoom/ED0B6D9BD767D2AF150FD69C63788B2B.jpg,,/product/arroz-estufado/5601255323125
40525,Arroz agulha,5604260294381,11715,103,Embalagem de 5kg,PorSi,,"1,40€/Kg","6,99€",https://cdn.intermarche.pt/pt/Content/images/boitmal/produit/zoom/8CBFA4340437B547AF82C07E1CFA3028.jpg,,/product/arroz-agulha/5604260294381
1428,Arroz basmati,5601255322210,11715,103,Embalagem de 1 kg,Caçarola,,"2,99€/Kg","2,99€",https://cdn.intermarche.pt/pt/Content/images/boitmal/produit/zoom/597DB0594D385F011EF164902A284637.jpg,,/product/arroz-basmati/5601255322210
2162,Arroz carolino,5604260294350,11715,103,Embalagem de 5 kg,PorSi,,"1,20€/Kg","5,99€",https://cdn.intermarche.pt/pt/Content/images/boitmal/produit/zoom/4D70CE5CABACF35C834A08C5BB7AE736.jpg,,/product/arroz-carolino/5604260294350
1599,Arroz carolino,5601537332739,11715,103,Embalagem de 1 kg,Louro,,"1,89€/Kg","1,89€",https://cdn.intermarche.pt/pt/Content/images/boitmal/produit/zoom/0512A23B625930AE39C0A5809DF31C8C.jpg,,/product/arroz-carolino/5601537332739
22458,Arroz sushi,5601255625069,11715,103,Embalagem de 1 kg,Caçarola,,"2,39€/Kg","2,39€",https://cdn.intermarche.pt/pt/Content/images/boitmal/produit/zoom/20C2F8A109878E3C7A65BBB4426D7436.jpg,,/product/arroz-sushi/5601255625069
25553,Arroz brajma pronto a comer,5601260338022,11715,103,Embalagem de 250g,Cigala,,"6,20€/Kg","1,55€",https://cdn.intermarche.pt/pt/Content/images/boitmal/produit/zoom/39F13FB8EC3A152FEEDA121B7F484CB7.jpg,,/product/arroz-brajma-pronto-a-comer/5601260338022
38991,Arroz integral extra longo,5604321002160,10456,10120,Embalagem de 1 kg,Cemporcento,,"1,69€/Kg","1,69€",https://cdn.intermarche.pt/pt/Content/images/boitmal/produit/zoom/487227DA9770C546118728A2593B2FA2.jpg,,/product/arroz-integral-extra-longo/5604321002160
46169,Arroz thai jasmim,5601260018108,11715,103,Embalagem de 1 kg,Cigala,,"2,39€/Kg","2,39€",https://cdn.intermarche.pt/pt/Content/images/boitmal/produit/zoom/7E6CA829E5A990F6AAC16711E18D780D.jpg,,/product/arroz-thai-jasmim/5601260018108
46170,Arroz agulha integral,5601260105105,11715,103,Embalagem de 1 kg,Cigala,,"1,59€/Kg","1,59€",https://cdn.intermarche.pt/pt/Content/images/boitmal/produit/zoom/F076505D90C534727988279B65286B9F.jpg,,/product/arroz-agulha-integral/5601260105105
1439,Arroz vaporizado,5601260127107,11715,103,Embalagem de 1 kg,Cigala,,"1,59€/Kg","1,59€",https://cdn.intermarche.pt/pt/Content/images/boitmal/produit/zoom/0DD33F088D804C413066136DC8BB8986.jpg,,/product/arroz-vaporizado/5601260127107
1440,Arroz extra longo integral,5601260145101,11715,103,Embalagem de 1 kg,Saludães,,"1,48€/Kg","1,48€",https://cdn.intermarche.pt/pt/Content/images/boitmal/produit/zoom/B4A996D9BC6883DC7278C3ABD4981C66.jpg,,/product/arroz-extra-longo-integral/5601260145101
1120,Massa de espirais,5601066301718,11716,103,Embalagem de 500g,Nacional,,"1,78€/Kg","0,89€",https://cdn.intermarche.pt/pt/Content/images/boitmal/produit/zoom/53CA28E35AF8AD40FCE8516799A2B51B.jpg,2024-09-25T22:59:59.999Z,/product/massa-de-espirais/5601066301718
1117,Linguini,5601066301404,11716,103,Embalagem de 500g,Nacional,,"1,88€/Kg","0,94€",https://cdn.intermarche.pt/pt/Content/images/boitmal/produit/zoom/5543DBB1F6781E2C307E0B4DE4206633.jpg,2024-09-25T22:59:59.999Z,/product/linguini/5601066301404
1114,Massa de macarrão riscado,5601066300780,11716,103,Embalagem de 500g,Nacional,,"1,78€/Kg","0,89€",https://cdn.intermarche.pt/pt/Content/images/boitmal/produit/zoom/4E586B0F43C13026DBE291FFB6AC87A9.jpg,2024-09-25T22:59:59.999Z,/product/massa-de-macarrao-riscado/5601066300780
1472,Massa de ondas,5601286256782,11716,103,Embalagem de 500g,Milaneza,,"3,14€/Kg","1,57€",https://cdn.intermarche.pt/pt/Content/images/boitmal/produit/zoom/EBEC60CF3C8D752CF3C2E06EF4538599.jpg,2024-09-25T22:59:59.999Z,/product/massa-de-ondas/5601286256782
1458,Massa de cotovelos grossos,5601286220783,11716,103,Embalagem de 500g,Milaneza,,"3,14€/Kg","1,57€",https://cdn.intermarche.pt/pt/Content/images/boitmal/produit/zoom/3227F59B4850D93351548A67BD46CA40.jpg,2024-09-25T22:59:59.999Z,/product/massa-de-cotovelos-grossos/5601286220783
1469,Massa de macarrão,5601286251787,11716,103,Embalagem de 500g,Milaneza,,"3,14€/Kg","1,57€",https://cdn.intermarche.pt/pt/Content/images/boitmal/produit/zoom/23F94F5EC15597A4AB9A1FC4C5526842.jpg,2024-09-25T22:59:59.999Z,/product/massa-de-macarrao/5601286251787
1108,Massa de cotovelinhos,5601066300087,11716,103,Embalagem de 500g,Nacional,,"1,78€/Kg","0,89€",https://cdn.intermarche.pt/pt/Content/images/boitmal/produit/zoom/3C947C343F18C9B0CC5D66D04FA630B6.jpg,2024-09-25T22:59:59.999Z,/product/massa-de-cotovelinhos/5601066300087
1118,Esparguete fino,5601066301428,11716,103,Embalagem de 500g,Nacional,,"2,52€/Kg","1,26€",https://cdn.intermarche.pt/pt/Content/images/boitmal/produit/zoom/67F0D19883C839DBA45E58C8EE2EE72B.jpg,2024-09-25T22:59:59.999Z,/product/esparguete-fino/5601066301428
1116,Massa de cotovelos,5601066301152,11716,103,Embalagem de 500g,Nacional,,"1,78€/Kg","0,89€",https://cdn.intermarche.pt/pt/Content/images/boitmal/produit/zoom/C87CE94729679E4B47574FECADC4484E.jpg,2024-09-25T22:59:59.999Z,/product/massa-de-cotovelos/5601066301152
1459,Massa de cotovelos finos,5601286221780,11716,103,Embalagem de 500g,Milaneza,,"3,14€/Kg","1,57€",https://cdn.intermarche.pt/pt/Content/images/boitmal/produit/zoom/F0E616DEBADF297ADBE1E18BFBDC454E.jpg,2024-09-25T22:59:59.999Z,/product/massa-de-cotovelos-finos/5601286221780
22999,Lírios,5601286260239,11716,103,Embalagem de 500g,Milaneza,,"3,14€/Kg","1,57€",https://cdn.intermarche.pt/pt/Content/images/boitmal/produit/zoom/790B6359413E24EC4D1277F4F17FF364.jpg,2024-09-25T22:59:59.999Z,/product/lirios/5601286260239
24921,Massas espirais tricolores,5604260281855,11716,103,Embalagem 500G,PorSi,,"1,70€/Kg","0,85€",https://cdn.intermarche.pt/pt/Content/images/boitmal/produit/zoom/FB5B0AF1262C35DE07F8D76D99137808.jpg,,/product/massas-espirais-tricolores/5604260281855
2255,Massa fettuccine,5604260267903,11716,103,Embalagem de 500g,PorSi,,"2,38€/Kg","1,19€",https://cdn.intermarche.pt/pt/Content/images/boitmal/produit/zoom/6B0484FCFA2972A14EFF03D4A586DC5B.jpg,,/product/massa-fettuccine/5604260267903
24920,Massas alimentícias laços,5604260281848,11716,103,Embalagem de 500g,PorSi,,"2,18€/Kg","1,09€",https://cdn.intermarche.pt/pt/Content/images/boitmal/produit/zoom/CDC35618E662D71F21ECBA6A843A8E07.jpg,,/product/massas-alimenticias-lacos/5604260281848
1115,Esparguete Clássica,5601066300940,11716,103,Embalagem de 500 g,Nacional,,"2,38€/Kg","1,19€",https://cdn.intermarche.pt/pt/Content/images/boitmal/produit/zoom/DB78376CF8FFABD88E18230FF0FF168D.jpg,,/product/esparguete-classica/5601066300940
41040,Spaghetti Al Bronzo,5604260304967,11716,103,Embalagem de 500 g,PorSi Select,,"1,98€/Kg","0,99€",https://cdn.intermarche.pt/pt/Content/images/boitmal/produit/zoom/93EBB82FD45D0C96493B3D592AA956CE.jpg,,/product/spaghetti-al-bronzo/5604260304967
1451,Massa esparguete,5601286201782,11716,103,Embalagem de 500g,Milaneza,,"2,38€/Kg","1,19€",https://cdn.intermarche.pt/pt/Content/images/boitmal/produit/zoom/89EEFB55B8646A1FAE623D8BE27A3C12.jpg,,/product/massa-esparguete/5601286201782
1719,Massa meada,5604260000203,11716,103,Embalagem de 500g,PorSi,,"2,70€/Kg","1,35€",https://cdn.intermarche.pt/pt/Content/images/boitmal/produit/zoom/2220547E936ED5359483D55A156E01F2.jpg,,/product/massa-meada/5604260000203
1730,Massa cuscus,5604260000319,11716,103,Embalagem de 250g,PorSi,,"2,20€/Kg","0,55€",https://cdn.intermarche.pt/pt/Content/images/boitmal/produit/zoom/C1C4CAE34EBD8AF1FF95FE34869A4C25.jpg,,/product/massa-cuscus/5604260000319
46847,Laços tricolores,5604260316205,11716,103,Embalagem de 500 g,PorSi,,"2,38€/Kg","1,19€",https://cdn.intermarche.pt/pt/Content/images/boitmal/produit/zoom/F231B7C26B70C546DDFEE19615809A82.jpg,,/product/lacos-tricolores/5604260316205
1471,Massa macarronete grande,5601286254788,11716,103,Embalagem de 500g,Milaneza,,"3,38€/Kg","1,69€",https://cdn.intermarche.pt/pt/Content/images/boitmal/produit/zoom/ECCE0C4A0B77E8669302DA27C5B102B0.jpg,,/product/massa-macarronete-grande/5601286254788
1721,Massa de macarrão grande estriado,5604260000227,11716,103,Embalagem de 500g,PorSi,,"1,78€/Kg","0,89€",https://cdn.intermarche.pt/pt/Content/images/boitmal/produit/zoom/AD9E0CE91C0D1313770789DF4728D2F2.jpg,,/product/massa-de-macarrao-grande-estriado/5604260000227
31327,Esparguete integral com aveia,5601286260444,11716,103,Embalagem de 500g,Milaneza,,"3,58€/Kg","1,79€",https://cdn.intermarche.pt/pt/Content/images/boitmal/produit/zoom/ED109D373D309526BEFD47862BA4E84B.jpg,,/product/esparguete-integral-com-aveia/5601286260444
1452,Massa talharim,5601286205780,11716,103,Embalagem de 500g,Milaneza,,"3,68€/Kg","1,84€",https://cdn.intermarche.pt/pt/Content/images/boitmal/produit/zoom/31F09B87E10DDA3B38922FB84E4949A1.jpg,,/product/massa-talharim/5601286205780
1454,Massa meada fina,5601286210104,11716,103,Embalagem de 500g,Milaneza,,"3,38€/Kg","1,69€",https://cdn.intermarche.pt/pt/Content/images/boitmal/produit/zoom/D8E1FC17145BED293486A44189F81BB0.jpg,,/product/massa-meada-fina/5601286210104
1457,Massa spaghetti tricolore,5601286218575,11716,103,Embalagem de 500 g,Milaneza,,"3,58€/Kg","1,79€",https://cdn.intermarche.pt/pt/Content/images/boitmal/produit/zoom/283AE101F1B6673BD5B31AF661477173.jpg,,/product/massa-spaghetti-tricolore/5601286218575
1460,Massa de cotovelinhos,5601286222787,11716,103,Embalagem de 500g,Milaneza,,"3,10€/Kg","1,55€",https://cdn.intermarche.pt/pt/Content/images/boitmal/produit/zoom/F76BC192D8D45CCBC8881AA2D2BAAD83.jpg,,/product/massa-de-cotovelinhos/5601286222787
1461,Massa de cotovelos grandes riscados,5601286223784,11716,103,Embalagem de 500g,Milaneza,,"3,10€/Kg","1,55€",https://cdn.intermarche.pt/pt/Content/images/boitmal/produit/zoom/BE1B03BCD6BCED25C712B88921B09E09.jpg,,/product/massa-de-cotovelos-grandes-riscados/5601286223784
1462,"Massa, estrelinhas",5601286231772,11716,103,Embalagem de 250g,Milaneza,,"3,32€/Kg","0,83€",https://cdn.intermarche.pt/pt/Content/images/boitmal/produit/zoom/E2F1A211F7D24F0BF020FA7DF88C2F67.jpg,,/product/massa-estrelinhas/5601286231772
1465,Massa de letras,5601286234773,11716,103,Embalagem de 250g,Milaneza,,"3,16€/Kg","0,79€",https://cdn.intermarche.pt/pt/Content/images/boitmal/produit/zoom/B041072B3650057DB6CDC9523E22E29B.jpg,,/product/massa-de-letras/5601286234773
1467,Massa de espirais,5601286236784,11716,103,Embalagem de 500g,Milaneza,,"3,10€/Kg","1,55€",https://cdn.intermarche.pt/pt/Content/images/boitmal/produit/zoom/75C555C38AA58E95CAD2174BF2E349D1.jpg,,/product/massa-de-espirais/5601286236784
1473,Massa linguini com tinta de choco,5601286260017,11716,103,Embalagem de 500g,Milaneza,,"5,58€/Kg","2,79€",https://cdn.intermarche.pt/pt/Content/images/boitmal/produit/zoom/2FF896A1FCB8A0BD8BAE1F8DBD62F5E8.jpg,,/product/massa-linguini-com-tinta-de-choco/5601286260017
1726,Massa pevide,5604260000272,11716,103,Embalagem de 250g,PorSi,,"2,20€/Kg","0,55€",https://cdn.intermarche.pt/pt/Content/images/boitmal/produit/zoom/A4A2080D7D2A6FF3E0E1E1CA80D0F6AC.jpg,,/product/massa-pevide/5604260000272
20054,"Massa, couscous",5601286260109,11716,103,Embalagem de 1 kg,Milaneza,,"2,85€/Kg","2,85€",https://cdn.intermarche.pt/pt/Content/images/boitmal/produit/zoom/1F3D4C4B962D49E4889C213150953625.jpg,,/product/massa-couscous/5601286260109
37726,Massa para Pizza,5604260301133,11716,103,Embalagem de 260 g,PorSi,,"3,81€/Kg","0,99€",https://cdn.intermarche.pt/pt/Content/images/boitmal/produit/zoom/9C42A54B208B726A7F1EBF386A46A6EC.jpg,,/product/massa-para-pizza/5604260301133
41386,Penne ziti rigate Al Bronzo,5604260304950,11716,103,Embalagem de 500 g,PorSi Select,,"1,98€/Kg","0,99€",https://cdn.intermarche.pt/pt/Content/images/boitmal/produit/zoom/9BCF9795050F2E1965399D786CFF6B7E.jpg,,/product/penne-ziti-rigate-al-bronzo/5604260304950
41387,Chifferini Al Bronzo,5604260304936,11716,103,Embalagem de 500 g,PorSi Select,,"1,98€/Kg","0,99€",https://cdn.intermarche.pt/pt/Content/images/boitmal/produit/zoom/8365FC763CD121CD2ACCC7559E19F1EA.jpg,,/product/chifferini-al-bronzo/5604260304936
454,Massa instantânea com sabor a camarão,8888056604067,11716,103,Embalagem de 90g,Koka,,"9,89€/Kg","0,89€",https://cdn.intermarche.pt/pt/Content/images/boitmal/produit/zoom/D2FB050AC0A3AFD73E7D3F6CF3CD2DF9.jpg,,/product/massa-instantanea-com-sabor-a-camarao/8888056604067
46846,Esparguete tricolor,5604260316212,11716,103,Embalagem de 500 g,PorSi,,"2,50€/Kg","1,25€",https://cdn.intermarche.pt/pt/Content/images/boitmal/produit/zoom/749586B517FAE3C6A50307A242FE8D5F.jpg,,/product/esparguete-tricolor/5604260316212
5405,Massa de macarrão grande,5601286252784,11716,103,Embalagem de 500g,Milaneza,,"3,38€/Kg","1,69€",https://cdn.intermarche.pt/pt/Content/images/boitmal/produit/zoom/DB37979552F13AA27DC107DA08BA1C15.jpg,,/product/massa-de-macarrao-grande/5601286252784
1104,Farinha p/ bolos fina,5601066200301,11717,103,Embalagem de 1Kg,Nacional,,"1,19€/Kg","1,19€",https://cdn.intermarche.pt/pt/Content/images/boitmal/produit/zoom/965F30777B80FEC78D369BAAC5FF5AF1.jpg,2024-09-25T22:59:59.999Z,/product/farinha-p-ou-bolos-fina/5601066200301
44903,"Farinha Preparada Pão Caseiro, 1kg",5601066200325,11717,103,,Nacional,,"1,94€/Kg","1,94€",https://cdn.intermarche.pt/pt/Content/images/boitmal/produit/zoom/08ECB9AB87C55875910F49FD10DE3510.jpg,2024-09-25T22:59:59.999Z,/product/farinha-preparada-pao-caseiro-1kg/5601066200325
14726,Farinha,8711100080060,11717,103,Embalagem de 400g,Maizena,,"4,10€/Kg","1,64€",https://cdn.intermarche.pt/pt/Content/images/boitmal/produit/zoom/B08373790D6917B03E052473E2AB175C.jpg,2024-09-25T22:59:59.999Z,/product/farinha/8711100080060
5119,Farinha p/ bolos extra fina,5601066200073,11717,103,Embalagem de 1 kg,Nacional,,"1,09€/Kg","1,09€",https://cdn.intermarche.pt/pt/Content/images/boitmal/produit/zoom/0B9B49E51908C76AC70076ED3709B8D2.jpg,2024-09-25T22:59:59.999Z,/product/farinha-p-ou-bolos-extra-fina/5601066200073
51314,"Farinha de Aveia Integral, 800g",5601066200745,11717,103,,Nacional,,"1,86€/Kg","1,49€",https://cdn.intermarche.pt/pt/Content/images/boitmal/produit/zoom/7BFC76A233F08733B13E8A5C8E5BD775.jpg,2024-09-25T22:59:59.999Z,/product/farinha-de-aveia-integral-800g/5601066200745
33118,"Farinha de Espelta Integral, 500g",5601066200592,11717,103,,Nacional,,"3,18€/Kg","1,59€",https://cdn.intermarche.pt/pt/Content/images/boitmal/produit/zoom/451F426FF799F89F90BF60CB5E72119D.jpg,2024-09-25T22:59:59.999Z,/product/farinha-de-espelta-integral-500g/5601066200592
33391,Farinha com cacau,7613036525893,11717,103,Embalagem de 250g,Pensal,,"7,76€/Kg","1,94€",https://cdn.intermarche.pt/pt/Content/images/boitmal/produit/zoom/1371F96643DB4EE5B173B8503868167E.jpg,2024-09-25T22:59:59.999Z,/product/farinha-com-cacau/7613036525893
999,Base para molho express,5601038101001,11717,103,Embalagem de 250g,Maizena,,"8,36€/Kg","2,09€",https://cdn.intermarche.pt/pt/Content/images/boitmal/produit/zoom/F22C9158930D65B4FBF9484059A48D90.jpg,2024-09-25T22:59:59.999Z,/product/base-para-molho-express/5601038101001
29089,"Farinha sem glúten, 500g",5601066200547,11717,103,,Nacional,,"4,90€/Kg","2,45€",https://cdn.intermarche.pt/pt/Content/images/boitmal/produit/zoom/8AA6B69997F49D1B5868010C40B4FFBB.jpg,2024-09-25T22:59:59.999Z,/product/farinha-sem-gluten-500g/5601066200547
51288,"Farinha de Centeio, 900g",5601066200721,11717,103,,Nacional,,"1,32€/Kg","1,19€",https://cdn.intermarche.pt/pt/Content/images/boitmal/produit/zoom/056C4573C31AA49E8265C9CCE6841C12.jpg,2024-09-25T22:59:59.999Z,/product/farinha-de-centeio-900g/5601066200721
42833,Farinha p/bolos fina 1k,5604260309856,11717,103,Embalagem de 1 kg,PorSi,,"0,79€/Kg","0,79€",https://cdn.intermarche.pt/pt/Content/images/boitmal/produit/zoom/9E814B73DFB6EB1E027C2E794E7B6A0F.jpg,,/product/farinha-p-ou-bolos-fina-1k/5604260309856
42834,Farinha para bolos super fina,5604260309863,11717,103,Embalagem de 1 kg,PorSi,,"0,75€/Kg","0,75€",https://cdn.intermarche.pt/pt/Content/images/boitmal/produit/zoom/FD3452F80BD61250432F5A370A52ED55.jpg,,/product/farinha-para-bolos-super-fina/5604260309863
1011,Farinha para bolos fina,5601043111019,11717,103,Embalagem de 1 kg,Branca de neve,,"1,39€/Kg","1,39€",https://cdn.intermarche.pt/pt/Content/images/boitmal/produit/zoom/1DCCFF4DF3445A90940BB809AEC25931.jpg,,/product/farinha-para-bolos-fina/5601043111019
14227,Farinha de milho 500g,5601043119015,11717,103,Embalagem de 500g,Espiga,,"1,98€/Kg","0,99€",https://cdn.intermarche.pt/pt/Content/images/boitmal/produit/zoom/2CECFEB697CA3E5E6800E3DF8CBF754C.jpg,,/product/farinha-de-milho-500g/5601043119015
1925,Farinha de milho,5604260052943,11717,103,Embalagem de 500g,PorSi,,"1,38€/Kg","0,69€",https://cdn.intermarche.pt/pt/Content/images/boitmal/produit/zoom/1E196BB07702C43EDB1981AF01AE6816.jpg,,/product/farinha-de-milho/5604260052943
22762,Farinha tempura,5601043115314,11717,103,Embalagem de 130g,Espiga,,"11,12€/Kg","1,39€",https://cdn.intermarche.pt/pt/Content/images/boitmal/produit/zoom/3FE0CCD54CF0D3645BC0EEF49A235C36.jpg,,/product/farinha-tempura/5601043115314
2514,Puré de batata,7613033739873,11717,103,Embalagem de 250g,Maggi,,"11,96€/Kg","2,99€",https://cdn.intermarche.pt/pt/Content/images/boitmal/produit/zoom/E520E90232B763315D1FB976D27B9A50.jpg,,/product/pure-de-batata/7613033739873
570,Puré de batata com leite,3250390006596,11717,103,Embalagem de 380g,Saint Eloi,,"7,87€/Kg","2,99€",https://cdn.intermarche.pt/pt/Content/images/boitmal/produit/zoom/44B09C132FA230D14364A6B983553697.jpg,,/product/pure-de-batata-com-leite/3250390006596
43852,Farinha trigo integral,5604260310524,10454,10120,Embalagem de 1 kg,PorSi Viva Bem,,"0,79€/Kg","0,79€",https://cdn.intermarche.pt/pt/Content/images/boitmal/produit/zoom/C27C1457CBAB6F218C7E478A2853E2F7.jpg,,/product/farinha-trigo-integral/5604260310524
1012,Farinha para bolos super fina,5601043111026,11717,103,Embalagem de 1 kg,Branca de neve,,"1,89€/Kg","1,89€",https://cdn.intermarche.pt/pt/Content/images/boitmal/produit/zoom/69E1C041AAF495A8CA3A356AFD6DE7DA.jpg,,/product/farinha-para-bolos-super-fina/5601043111026
38569,Farinha de arroz,5601043111385,11717,103,Embalagem de 500g,Espiga,,"2,58€/Kg","1,29€",https://cdn.intermarche.pt/pt/Content/images/boitmal/produit/zoom/75BD610997C68B6F54D809273CB78786.jpg,,/product/farinha-de-arroz/5601043111385
41215,Farinha de coco bio,5604260306442,11286,10119,Embalagem de 200 g,PorSi Bio,,"7,00€/Kg","1,40€",https://cdn.intermarche.pt/pt/Content/images/boitmal/produit/zoom/43A983760BFF1528885D67FFDE95D2BB.jpg,,/product/farinha-de-coco-bio/5604260306442
33126,Polvilho doce,5600741097038,11717,103,500 g,Do Brasil,,"6,18€/Kg","3,09€",https://cdn.intermarche.pt/pt/Content/images/boitmal/produit/zoom/3477895395D0B16CFA52A7D2E631194E.jpg,,/product/polvilho-doce/5600741097038
1588,Fécula de batata,5601522334151,11717,103,Embalagem de 250g,Globo,,"4,76€/Kg","1,19€",https://cdn.intermarche.pt/pt/Content/images/boitmal/produit/zoom/D91E566A9F40BB77DC0C3242C559C5FB.jpg,,/product/fecula-de-batata/5601522334151
43871,Polvilho azedo,5604260311828,11717,103,Embalagem de 500g,PorSi,,"5,18€/Kg","2,59€",https://cdn.intermarche.pt/pt/Content/images/boitmal/produit/zoom/6B6BFE91C3D6E2CDAE73BFCBA0BA4413.jpg,,/product/polvilho-azedo/5604260311828
43872,Polvilho doce,5604260311835,11717,103,Embalagem de 500g,PorSi,,"4,98€/Kg","2,49€",https://cdn.intermarche.pt/pt/Content/images/boitmal/produit/zoom/836DF35C9BB71B2BC94B5C96641AA290.jpg,,/product/polvilho-doce/5604260311835
10022,Farinha s/ glúten p/ pão,8008698004845,11717,103,Embalagem de 1 kg,Schar,,"4,99€/Kg","4,99€",https://cdn.intermarche.pt/pt/Content/images/boitmal/produit/zoom/5C2F53FB27EFE0257BC8CED47621B0C9.jpg,,/product/farinha-s-ou-gluten-p-ou-pao/8008698004845
11476,Farinha integral,5601043111323,11717,103,Embalagem de 500g,Espiga,,"2,38€/Kg","1,19€",https://cdn.intermarche.pt/pt/Content/images/boitmal/produit/zoom/AD4F0104AECA0EA79DCD6B10611714C7.jpg,,/product/farinha-integral/5601043111323
26192,Tapioca hidratada,7898994081623,11717,103,Embalagem de 500g,Daterrinha,,"6,98€/Kg","3,49€",https://cdn.intermarche.pt/pt/Content/images/boitmal/produit/zoom/A819CE7621EB924EC79A01CD7D8F3571.jpg,,/product/tapioca-hidratada/7898994081623
28270,Sêmola de trigo espiga,5601043111408,11717,103,Embalagem de 250g,Espiga,,"5,16€/Kg","1,29€",https://cdn.intermarche.pt/pt/Content/images/boitmal/produit/zoom/2613F1B96907119D324D52C84D3A17CD.jpg,,/product/semola-de-trigo-espiga/5601043111408
33125,Polvilho azedo,5600741097045,11717,103,500 g,Do Brasil,,"6,18€/Kg","3,09€",https://cdn.intermarche.pt/pt/Content/images/boitmal/produit/zoom/6D08E9241040174C1CFB389F3E238C3D.jpg,,/product/polvilho-azedo/5600741097045
39200,"Farinha de aveia, 400g",5601557050224,11717,103,,Salutem,,"2,98€/Kg","1,19€",https://cdn.intermarche.pt/pt/Content/images/boitmal/produit/zoom/5BEAEFB6D1E857B484C712AADF576F84.jpg,,/product/farinha-de-aveia-400g/5601557050224
41211,Farinha de arroz bio,5604260306428,11286,10119,Embalagem de 200 g,PorSi Bio,,"7,75€/Kg","1,55€",https://cdn.intermarche.pt/pt/Content/images/boitmal/produit/zoom/793BD6B79A2C9CD559C2486FDDF6215E.jpg,,/product/farinha-de-arroz-bio/5604260306428
48760,"Farinha de coco bio, 200g",5601557061510,11286,10119,,Salutem,,"6,95€/Kg","1,39€",https://cdn.intermarche.pt/pt/Content/images/boitmal/produit/zoom/BF1F823DC7CB693CE4B5C8F3C0AA21B9.jpg,,/product/farinha-de-coco-bio-200g/5601557061510
38920,"Farinha de linhaça castanha, 200g",5601557048467,11717,103,,Salutem,,"8,45€/Kg","1,69€",https://cdn.intermarche.pt/pt/Content/images/boitmal/produit/zoom/FDA6B781F5DB49A19DE6D9168E4E68AD.jpg,,/product/farinha-de-linhaca-castanha-200g/5601557048467
39154,"Farelo de trigo, 250g",5601557044674,11717,103,,Salutem,,"3,56€/Kg","0,89€",https://cdn.intermarche.pt/pt/Content/images/boitmal/produit/zoom/3684D8CE43414E3AF61414A4F37560F2.jpg,,/product/farelo-de-trigo-250g/5601557044674
39156,"Farinha de milho, 500g",5601557045268,11717,103,,Salutem,,"2,38€/Kg","1,19€",https://cdn.intermarche.pt/pt/Content/images/boitmal/produit/zoom/E11DEE29391AAE7498AB1E62DA9AC5FF.jpg,,/product/farinha-de-milho-500g/5601557045268
39157,"Farinha de arroz, 500g",5601557045275,11717,103,,Salutem,,"2,98€/Kg","1,49€",https://cdn.intermarche.pt/pt/Content/images/boitmal/produit/zoom/BD4B1F48CE7F32DEFB77E39AF446DCE7.jpg,,/product/farinha-de-arroz-500g/5601557045275
39321,"Farinha de trigo integral, 500g",5601557002971,11717,103,,Salutem,,"2,38€/Kg","1,19€",https://cdn.intermarche.pt/pt/Content/images/boitmal/produit/zoom/43D6F0D44834CB853F704724F0FC653D.jpg,,/product/farinha-de-trigo-integral-500g/5601557002971
39409,"Farinha de centeio, 500g",5601557045251,11717,103,,Salutem,,"2,38€/Kg","1,19€",https://cdn.intermarche.pt/pt/Content/images/boitmal/produit/zoom/FA659E47C4671FBB057D67A307FA350C.jpg,,/product/farinha-de-centeio-500g/5601557045251
1414,Azeite virgem delicado,5601252106639,11718,104,Garrafa de 750 ml,Gallo,,"9,99€/L","7,49€",https://cdn.intermarche.pt/pt/Content/images/boitmal/produit/zoom/14892E13E5F7C3707D2EB967992642D1.jpg,2024-09-25T22:59:59.999Z,/product/azeite-virgem-delicado/5601252106639
1413,Azeite Subtil,5601252106615,11718,104,Garrafa de 750 ml,Gallo,,"9,32€/L","6,99€",https://cdn.intermarche.pt/pt/Content/images/boitmal/produit/zoom/AE7B71F484D168C6B66987F1FFF6801B.jpg,2024-09-25T22:59:59.999Z,/product/azeite-subtil/5601252106615
980,Azeite virgem extra clássico,5601024134488,11718,104,Embalagem de 750 ml,Oliveira da Serra,,"10,92€/L","8,19€",https://cdn.intermarche.pt/pt/Content/images/boitmal/produit/zoom/01EF39EFE8396CC9ACA95DC25E9D3412.jpg,2024-10-04T22:59:59.999Z,/product/azeite-virgem-extra-classico/5601024134488
15962,Azeite virgem extra clássico,5601252107056,11718,104,Garrafa de 250 ml,Gallo,,"12,76€/L","3,19€",https://cdn.intermarche.pt/pt/Content/images/boitmal/produit/zoom/CAFA94A66BB654B7BFA9F27383C3910F.jpg,2024-09-25T22:59:59.999Z,/product/azeite-virgem-extra-classico/5601252107056
1415,Azeite virgem extra clássico,5601252106653,11718,104,Garrafa de 750 ml,Gallo,,"11,32€/L","8,49€",https://cdn.intermarche.pt/pt/Content/images/boitmal/produit/zoom/F2C4BC4634F83729E0730377FAB3AF0A.jpg,2024-09-25T22:59:59.999Z,/product/azeite-virgem-extra-classico/5601252106653
1417,Azeite virgem extra reserva,5601252106714,11718,104,Garrafa de 750 ml,Gallo,,"11,99€/L","8,99€",https://cdn.intermarche.pt/pt/Content/images/boitmal/produit/zoom/149BABDAB6F17E1F0D1FAF4FB1E94478.jpg,2024-09-25T22:59:59.999Z,/product/azeite-virgem-extra-reserva/5601252106714
23479,Azeite virgem extra gourmet,5601252112593,11718,104,Garrafa de 750 ml,Gallo,,"10,65€/L","7,99€",https://cdn.intermarche.pt/pt/Content/images/boitmal/produit/zoom/809941771CA6AC4D9EA16D139152DA96.jpg,2024-09-25T22:59:59.999Z,/product/azeite-virgem-extra-gourmet/5601252112593
1416,Azeite Virgem Extra Suave,5601252106677,11718,104,Garrafa de 750 ml,Gallo,,"11,32€/L","8,49€",https://cdn.intermarche.pt/pt/Content/images/boitmal/produit/zoom/77C9A62107A09EC724F333FEC2B8E2C1.jpg,2024-09-25T22:59:59.999Z,/product/azeite-virgem-extra-suave/5601252106677
1418,Azeite Subtil,5601252106899,11718,104,Garrafa de 2 l,Gallo,,"9,00€/L","17,99€",https://cdn.intermarche.pt/pt/Content/images/boitmal/produit/zoom/B0030A54E145E7ABE49080D450AAD26E.jpg,2024-09-25T22:59:59.999Z,/product/azeite-subtil/5601252106899
46203,Azeite virgem extra clássico,5601252106950,11718,104,3 litros,Gallo,,"10,66€/L","31,99€",https://cdn.intermarche.pt/pt/Content/images/boitmal/produit/zoom/A2D74D402F96E3B7D85C27C3601E0BBB.jpg,2024-09-25T22:59:59.999Z,/product/azeite-virgem-extra-classico/5601252106950
51572,Azeite virgem extra,5604260327966,11718,104,Garrafa de 750 ml,PorSi,,"8,47€/L","6,35€",https://cdn.intermarche.pt/pt/Content/images/boitmal/produit/zoom/AC740C8B03C58C895BBDE8FC6044BE3A.jpg,,/product/azeite-virgem-extra/5604260327966
51718,Azeite,5604260327911,11718,104,Garrafa de 750 ml,PorSi,,"7,32€/L","5,49€",https://cdn.intermarche.pt/pt/Content/images/boitmal/produit/zoom/4E6DA2412046B618445545B7B8D341A8.jpg,,/product/azeite/5604260327911
35162,Azeite,5604260286003,11718,104,Garrafa de 3 litros,PorSi,,"7,26€/L","21,79€",https://cdn.intermarche.pt/pt/Content/images/boitmal/produit/zoom/E7DAA211DD8E7194E86146A026817DCB.jpg,,/product/azeite/5604260286003
6006,Azeite virgem extra,5605263200324,11718,104,Garrafa de 750 ml,Ouro d'Elvas,,"11,99€/L","8,99€",https://cdn.intermarche.pt/pt/Content/images/boitmal/produit/zoom/37E5A2CB950578EABB849C106411895F.jpg,,/product/azeite-virgem-extra/5605263200324
9117,Azeite virgem extra,5601989003102,11718,104,Garrafa de 750 ml,Herdade do Esporão,,"21,32€/L","15,99€",https://cdn.intermarche.pt/pt/Content/images/boitmal/produit/zoom/B2EC6BEB63473C307BDDA77E7AD67D06.jpg,,/product/azeite-virgem-extra/5601989003102
978,Azeite,5601024134136,11718,104,Embalagem de 750 ml,Oliveira da Serra,,"7,99€/L","5,99€",https://cdn.intermarche.pt/pt/Content/images/boitmal/produit/zoom/4618FCD27F27BDBAA8CF1CDC30F2EFF5.jpg,,/product/azeite/5601024134136
51573,Azeite virgem,5604260327980,11718,104,Garrafa de 750 ml,PorSi,,"8,47€/L","6,35€",https://cdn.intermarche.pt/pt/Content/images/boitmal/produit/zoom/9A840A77BE9455BCDA776FF0863DDB23.jpg,,/product/azeite-virgem/5604260327980
1383,Azeite tradição,5601175103173,11718,104,Embalagem 3L,Oliveira da Serra,,"7,66€/L","22,99€",https://cdn.intermarche.pt/pt/Content/images/boitmal/produit/zoom/5E0D005BAEBDB53CB4A9D6251C17079C.jpg,,/product/azeite-tradicao/5601175103173
979,Azeite Virgem,5601024134471,11718,104,Embalagem de 750 ml,Oliveira da Serra,,"9,32€/L","6,99€",https://cdn.intermarche.pt/pt/Content/images/boitmal/produit/zoom/32A5EFAE1A78DF80856528FEA48BA60C.jpg,,/product/azeite-virgem/5601024134471
43341,Azeite virgem extra não filtrado,5604260311859,11718,104,Garrafa de 500 ml,PorSi Select,,"11,98€/L","5,99€",https://cdn.intermarche.pt/pt/Content/images/boitmal/produit/zoom/9BAD2F6815A20221781EEB72790AA05D.jpg,,/product/azeite-virgem-extra-nao-filtrado/5604260311859
14228,Azeite virgem extra dop moura,5604260265695,11718,104,Embalagem de 0.75L,PorSi Select,,"11,99€/L","8,99€",https://cdn.intermarche.pt/pt/Content/images/boitmal/produit/zoom/AA56F29A44C9060365F75D9E8BF902D5.jpg,,/product/azeite-virgem-extra-dop-moura/5604260265695
977,Azeite virgem extra seleção ouro,5601024124052,11718,104,Garrafa de 750 ml,Oliveira da Serra,,"15,99€/L","11,99€",https://cdn.intermarche.pt/pt/Content/images/boitmal/produit/zoom/C1949CA33BBB7B540392F14948B1D8BF.jpg,,/product/azeite-virgem-extra-selecao-ouro/5601024124052
5991,Azeite virgem extra,5605263200317,11718,104,Garrafa de 3 l,Ouro d'Elvas,,"12,00€/L","35,99€",https://cdn.intermarche.pt/pt/Content/images/boitmal/produit/zoom/A33E5DFABC4415DEFE1C8AB88A7D36C5.jpg,,/product/azeite-virgem-extra/5605263200317
972,"Azeite extra virgem, azeitonas verdes",5601024030056,11718,104,Garrafa de 750 ml,Oliveira da Serra,,"15,99€/L","11,99€",https://cdn.intermarche.pt/pt/Content/images/boitmal/produit/zoom/F81E60325884A50540DA24AAB5A050E8.jpg,,/product/azeite-extra-virgem-azeitonas-verdes/5601024030056
30072,Azeite virgem extra bio frutado,5601252115938,11292,10119,Garrafa de 750 ml,Gallo,,"18,12€/L","13,59€",https://cdn.intermarche.pt/pt/Content/images/boitmal/produit/zoom/3B47F5D51BAF212EB201B2A18EEEDC00.jpg,,/product/azeite-virgem-extra-bio-frutado/5601252115938
14189,Azeite virgem extra dop trás-os-montes,5604260266647,11718,104,Embalagem 750 ml,PorSi Select,,"11,99€/L","8,99€",https://cdn.intermarche.pt/pt/Content/images/boitmal/produit/zoom/A318A8BF94FFFDF23F51251DD8E4F5C8.jpg,,/product/azeite-virgem-extra-dop-tras-os-montes/5604260266647
973,Óleo alimentar,5601024105020,11719,104,Embalagem 1L,Fula,,"1,99€/L","1,99€",https://cdn.intermarche.pt/pt/Content/images/boitmal/produit/zoom/82D3E88293E42CC5B178C569AA9B57E6.jpg,2024-10-04T22:59:59.999Z,/product/oleo-alimentar/5601024105020
40741,"Óleo de girassol, garrafa de 3 litros",5604260302918,11719,104,,PorSi,,"1,50€/L","4,50€",https://cdn.intermarche.pt/pt/Content/images/boitmal/produit/zoom/F8F2282166953BFE9B7A3B071CD9B3CE.jpg,2024-10-04T22:59:59.999Z,/product/oleo-de-girassol-garrafa-de-3-litros/5604260302918
26617,Óleo de coco extra virgem,5603697270272,11719,104,Garrafa de 180 ml,Koala,,"13,61€/L","2,45€",https://cdn.intermarche.pt/pt/Content/images/boitmal/produit/zoom/1CF04D28B21A5CF58939B4BB71F15938.jpg,2024-09-25T22:59:59.999Z,/product/oleo-de-coco-extra-virgem/5603697270272
36505,Óleo de girassol,5604260294732,11719,104,garrafa de 1 litro,PorSi,,"1,49€/L","1,49€",https://cdn.intermarche.pt/pt/Content/images/boitmal/produit/zoom/257F9C42CAC6C3F6DAD6ED1BB404F8EE.jpg,,/product/oleo-de-girassol/5604260294732
974,Óleo alimentar,5601024105051,11719,104,Embalagem 3L,Fula,,"1,95€/L","5,85€",https://cdn.intermarche.pt/pt/Content/images/boitmal/produit/zoom/E8988831656F5EAF04A94786E82867B7.jpg,,/product/oleo-alimentar/5601024105051
23605,Óleo especial fritura,5601024335182,11719,104,Garrafa de 1 l,Fula,,"1,89€/L","1,89€",https://cdn.intermarche.pt/pt/Content/images/boitmal/produit/zoom/904C48485A06D666EC40853982F33E55.jpg,,/product/oleo-especial-fritura/5601024335182
48083,Oleo alimentar,5604260323135,11719,104,Garrafa de 1 l,PorSi,,"1,49€/L","1,49€",https://cdn.intermarche.pt/pt/Content/images/boitmal/produit/zoom/8B2EE5D82D8A9168ABD059EAAC852768.jpg,,/product/oleo-alimentar/5604260323135
22132,Óleo alimentar,5604260323159,11719,104,Garrafa de 5 l,PorSi,,"1,46€/L","7,29€",https://cdn.intermarche.pt/pt/Content/images/boitmal/produit/zoom/89C480738FD65AA5C62889B8D6CE8915.jpg,,/product/oleo-alimentar/5604260323159
26290,Óleo extra virgem de coco,5608394421019,11719,104,Garrafa de 200 ml,Origens Bio,,"17,95€/L","3,59€",https://cdn.intermarche.pt/pt/Content/images/boitmal/produit/zoom/1B084140C59B6385F6FF90E52C8B4EE2.jpg,,/product/oleo-extra-virgem-de-coco/5608394421019
19558,Vinagre balsâmico modena,5601252113583,11720,104,Garrafa de 500 ml,Gallo,,"6,38€/L","3,19€",https://cdn.intermarche.pt/pt/Content/images/boitmal/produit/zoom/0D177D349712420705E74C1ECF332232.jpg,2024-09-25T22:59:59.999Z,/product/vinagre-balsamico-modena/5601252113583
20512,"Vinagre de sidra, garrafa de 500 ml",5601070000539,11720,104,,Cristal,,"1,78€/L","0,89€",https://cdn.intermarche.pt/pt/Content/images/boitmal/produit/zoom/9D9C0ABCCB2F9B4978C4235B9D5FED76.jpg,2024-09-25T22:59:59.999Z,/product/vinagre-de-sidra-garrafa-de-500-ml/5601070000539
18842,Vinagre vinho branco 500ml,5601070000508,11720,104,Garrafa de 500 ml,Cristal,,"1,68€/L","0,84€",https://cdn.intermarche.pt/pt/Content/images/boitmal/produit/zoom/9B1BDF2A3E3E9679D43CD22EA6D9C158.jpg,2024-09-25T22:59:59.999Z,/product/vinagre-vinho-branco-500ml/5601070000508
8808,Vinagre vinho branco,5601252107094,11720,104,Garrafa 250ML,Gallo,,"5,16€/L","1,29€",https://cdn.intermarche.pt/pt/Content/images/boitmal/produit/zoom/86233C156105BC4DB5DB2B825F1FC1C0.jpg,2024-09-25T22:59:59.999Z,/product/vinagre-vinho-branco/5601252107094
1420,Vinagre balsâmico modena,5601252107131,11720,104,Garrafa de 250 ml,Gallo,,"6,76€/L","1,69€",https://cdn.intermarche.pt/pt/Content/images/boitmal/produit/zoom/CFFAABA356A1FEBBDE1686B6D03B7362.jpg,2024-09-25T22:59:59.999Z,/product/vinagre-balsamico-modena/5601252107131
39539,Vinagre de sidra biológica 5%,5607552295387,11292,10119,Garrafa de 500 ml,Cristal,,"1,98€/L","0,99€",https://cdn.intermarche.pt/pt/Content/images/boitmal/produit/zoom/B1CEECEA2256524B647A2B852DC8C733.jpg,2024-09-25T22:59:59.999Z,/product/vinagre-de-sidra-biologica-5%25/5607552295387
26476,Vinagre balsâmico de modena gourmet,5601252115105,11720,104,Garrafa de 250 ml,Gallo,,"9,24€/L","2,31€",https://cdn.intermarche.pt/pt/Content/images/boitmal/produit/zoom/13194F8798F147A6A089D1E0D94D03CC.jpg,2024-09-25T22:59:59.999Z,/product/vinagre-balsamico-de-modena-gourmet/5601252115105
15964,Vinagre balsâmico branco,5601252110803,11720,104,Garrafa de 250 ml,Gallo,,"7,96€/L","1,99€",https://cdn.intermarche.pt/pt/Content/images/boitmal/produit/zoom/A47350A404BC4DE8B5D510984F83F3CB.jpg,2024-09-25T22:59:59.999Z,/product/vinagre-balsamico-branco/5601252110803
26475,Vinagre balsâmico sidra,5601252115211,11720,104,Garrafa de 250 ml,Gallo,,"7,96€/L","1,99€",https://cdn.intermarche.pt/pt/Content/images/boitmal/produit/zoom/C88E39F6F7D009CCC3A6C8AE0ADDADDE.jpg,2024-09-25T22:59:59.999Z,/product/vinagre-balsamico-sidra/5601252115211
5387,"Vinagre vinho tinto, garrafa 250ml",5601252107117,11720,104,,Gallo,,"5,16€/L","1,29€",https://cdn.intermarche.pt/pt/Content/images/boitmal/produit/zoom/2B8A6AE870DD9F36A6772B08A6EA5658.jpg,2024-09-25T22:59:59.999Z,/product/vinagre-vinho-tinto-garrafa-250ml/5601252107117
8809,Vinagre Sidra,5601252107179,11720,104,Garrafa 250ML,Gallo,,"6,76€/L","1,69€",https://cdn.intermarche.pt/pt/Content/images/boitmal/produit/zoom/C1ADE85D25D865E2E9E71BB1A8066671.jpg,2024-09-25T22:59:59.999Z,/product/vinagre-sidra/5601252107179
18841,"Vinagre de vinho tinto, garrafa de 500 ml",5601070000140,11720,104,,Cristal,,"1,74€/L","0,87€",https://cdn.intermarche.pt/pt/Content/images/boitmal/produit/zoom/820B9B96763D488F8769DF898A95AD3D.jpg,2024-09-25T22:59:59.999Z,/product/vinagre-de-vinho-tinto-garrafa-de-500-ml/5601070000140
26478,Vinagre balsâmico rosé,5601252115143,11720,104,Garrafa de 250 ml,Gallo,,"7,96€/L","1,99€",https://cdn.intermarche.pt/pt/Content/images/boitmal/produit/zoom/791DE2E9E5C878BB270841042892CEC6.jpg,2024-09-25T22:59:59.999Z,/product/vinagre-balsamico-rose/5601252115143
36921,Vinagre de sidra,5604260296453,11720,104,500 ml,PorSi,,"0,70€/L","0,35€",https://cdn.intermarche.pt/pt/Content/images/boitmal/produit/zoom/45480E16CD86426590D937BD66699766.jpg,,/product/vinagre-de-sidra/5604260296453
2004,Vinagre balsâmico,5604260095483,11720,104,Embalagem de 250 ml,PorSi,,"5,16€/L","1,29€",https://cdn.intermarche.pt/pt/Content/images/boitmal/produit/zoom/719E26430944A4AA34B395BA630E24BD.jpg,,/product/vinagre-balsamico/5604260095483
2184,Vinagre de vinho branco,5604260263967,11720,104,Garrafa de 1 l,PorSi,,"0,59€/L","0,59€",https://cdn.intermarche.pt/pt/Content/images/boitmal/produit/zoom/AFF4824E98F7C19A958842702442B997.jpg,,/product/vinagre-de-vinho-branco/5604260263967
1792,Vinagre de vinho tinto,5604260010424,11720,104,Garrafa de 500 ml,PorSi,,"0,98€/L","0,49€",https://cdn.intermarche.pt/pt/Content/images/boitmal/produit/zoom/E0953B15C0E07D7B1DF1F3870EC254A8.jpg,,/product/vinagre-de-vinho-tinto/5604260010424
1793,Vinagre vinho branco,5604260010431,11720,104,Garrafa de 500 ml,PorSi,,"0,98€/L","0,49€",https://cdn.intermarche.pt/pt/Content/images/boitmal/produit/zoom/5CF13E06AE9DB0CC1A559061B1655DCF.jpg,,/product/vinagre-vinho-branco/5604260010431
31425,"Vinagre de maçã, garrafa de 500 ml",5604321020492,11720,104,,Cemporcento,,"3,98€/L","1,99€",https://cdn.intermarche.pt/pt/Content/images/boitmal/produit/zoom/E9A8B37FB79C6582CC733632EFB31DE6.jpg,,/product/vinagre-de-maca-garrafa-de-500-ml/5604321020492
1552,"Vinagre balsâmico, spray",5601517181104,11720,104,Garrafa de 250 ml,Paladin,,"7,96€/L","1,99€",https://cdn.intermarche.pt/pt/Content/images/boitmal/produit/zoom/45E1C27CE51B4948E7636A8A9A4FA5EF.jpg,,/product/vinagre-balsamico-spray/5601517181104
43333,Bio vinagre vinho branco,5604260308729,11292,10119,Garrafa de 500 ml,PorSi Bio,,"1,78€/L","0,89€",https://cdn.intermarche.pt/pt/Content/images/boitmal/produit/zoom/9F0D2DC6C25473499C02737F373A810D.jpg,,/product/bio-vinagre-vinho-branco/5604260308729
36632,Vinagre gourmet tinto,5601070002656,11720,104,Garrafa de 250 ml,Cristal,,"3,96€/L","0,99€",https://cdn.intermarche.pt/pt/Content/images/boitmal/produit/zoom/91A214C1DEF539FD51D0BBCBE3B3638C.jpg,,/product/vinagre-gourmet-tinto/5601070002656
5811,Vinagre de vinho tinto envelhecido,5604260056934,11720,104,Garrafa de 250 ml,PorSi,,"5,56€/L","1,39€",https://cdn.intermarche.pt/pt/Content/images/boitmal/produit/zoom/FF3829F41E6C664AFE655210990ECFE6.jpg,,/product/vinagre-de-vinho-tinto-envelhecido/5604260056934
20509,Vinagre vinho branco 250ml,5601070000041,11720,104,Garrafa de 250 ml,Cristal,,"3,96€/L","0,99€",https://cdn.intermarche.pt/pt/Content/images/boitmal/produit/zoom/063A2CDB2835EC7F5F87C68C3279429D.jpg,,/product/vinagre-vinho-branco-250ml/5601070000041
34580,Vinagre balsâmico de modena gourmet,5601070002755,11720,104,Garrafa de 250 ml,Cristal,,"17,96€/L","4,49€",https://cdn.intermarche.pt/pt/Content/images/boitmal/produit/zoom/F7DFA6D89871633C3ADF61FE903373E3.jpg,,/product/vinagre-balsamico-de-modena-gourmet/5601070002755
2185,Vinagre de fruta,5604260263998,11720,104,Embalagem de 500 ml,PorSi,,"0,98€/L","0,49€",https://cdn.intermarche.pt/pt/Content/images/boitmal/produit/zoom/E6EB3FDE2B7E28323D07458AE0EA26C4.jpg,,/product/vinagre-de-fruta/5604260263998
43499,Vinagre balsâmico bio,5604260308736,11292,10119,Garrafa de 250 ml,PorSi Bio,,"9,16€/L","2,29€",https://cdn.intermarche.pt/pt/Content/images/boitmal/produit/zoom/D59FA257A12C0983492B30C26BD50CBF.jpg,,/product/vinagre-balsamico-bio/5604260308736
47070,Vinagre marmelos portugueses 5% gourmet,5607552295868,11720,104,Garrafa de 250 ml,Cristal,,"11,96€/L","2,99€",https://cdn.intermarche.pt/pt/Content/images/boitmal/produit/zoom/F459023DE86D46F253DE00541724E692.jpg,,/product/vinagre-marmelos-portugueses-5%25-gourmet/5607552295868
47996,Vinagre sidra de maçã bio 5% gourmet,5607552295332,11720,104,Garrafa de 250 ml,Cristal,,"11,16€/L","2,79€",https://cdn.intermarche.pt/pt/Content/images/boitmal/produit/zoom/4593E518DE22CFD72AF72B5942A9A12D.jpg,,/product/vinagre-sidra-de-maca-bio-5%25-gourmet/5607552295332
372,Molho Big Burguer,8711200532391,11721,105,Embalagem de 260g,Calvé,,"7,46€/Kg","1,94€",https://cdn.intermarche.pt/pt/Content/images/boitmal/produit/zoom/A750CF91D157F1A24339167BD14309C2.jpg,2024-09-25T22:59:59.999Z,/product/molho-big-burguer/8711200532391
828,Molho de soja,5000157073006,11721,105,Garrafa de 150 ml,Heinz,,"17,60€/L","2,64€",https://cdn.intermarche.pt/pt/Content/images/boitmal/produit/zoom/07CA95A6056AF3D3F6F02C6C71A8DC3C.jpg,2024-09-25T22:59:59.999Z,/product/molho-de-soja/5000157073006
386,Molho Mad Chips,8712100479298,11721,105,Embalagem de 260g,Calvé,,"7,46€/Kg","1,94€",https://cdn.intermarche.pt/pt/Content/images/boitmal/produit/zoom/2AC7B1BC6056929199259BC3C52D7157.jpg,2024-09-25T22:59:59.999Z,/product/molho-mad-chips/8712100479298
53024,"Molho Agridoce, 280g",8720182589569,11721,105,,Calvé,,"6,93€/Kg","1,94€",https://cdn.intermarche.pt/pt/Content/images/boitmal/produit/zoom/7ADC1EF520237C467C08598D71586602.jpg,2024-09-25T22:59:59.999Z,/product/molho-agridoce-280g/8720182589569
49302,Molho Hot Chicken,8720182379092,11721,105,Embalagem de 266g,Calvé,,"7,29€/Kg","1,94€",https://cdn.intermarche.pt/pt/Content/images/boitmal/produit/zoom/C7A938CE7B8824AD204E1FC31D6DF9E4.jpg,2024-09-25T22:59:59.999Z,/product/molho-hot-chicken/8720182379092
49984,"Molho teriyaki bbq com mel, 250 ml",8715035310308,11721,105,,Kikkoman,,"14,20€/L","3,55€",https://cdn.intermarche.pt/pt/Content/images/boitmal/produit/zoom/32CC166B971F2E60507064D4C6C70958.jpg,2024-09-25T22:59:59.999Z,/product/molho-teriyaki-bbq-com-mel-250-ml/8715035310308
49985,"Molho teriyaki alho torrado, 250 ml",8715035270305,11721,105,,Kikkoman,,"14,60€/L","3,65€",https://cdn.intermarche.pt/pt/Content/images/boitmal/produit/zoom/438DF712DD147A72C13A26103EED7D02.jpg,2024-09-25T22:59:59.999Z,/product/molho-teriyaki-alho-torrado-250-ml/8715035270305
49986,Molho de soja doce,8715035220300,11721,105,Garrafa de 250 ml,Kikkoman,,"12,60€/L","3,15€",https://cdn.intermarche.pt/pt/Content/images/boitmal/produit/zoom/8A307B6180295A59D182CCAD59BFADAA.jpg,2024-09-25T22:59:59.999Z,/product/molho-de-soja-doce/8715035220300
46326,Molho tomate com manjericão,5604260314041,11721,105,frasco de 420 g,PorSi,,"4,02€/Kg","1,69€",https://cdn.intermarche.pt/pt/Content/images/boitmal/produit/zoom/D4D678FA407A415CD8971A55E18A66B8.jpg,,/product/molho-tomate-com-manjericao/5604260314041
1337,Piri piri,5601165100786,11721,105,Garrafa de 50 ml,Calvé,,"51,80€/L","2,59€",https://cdn.intermarche.pt/pt/Content/images/boitmal/produit/zoom/008C8E9F15AC26570DA04227E6BC4B56.jpg,,/product/piri-piri/5601165100786
1558,"Piripiri sacana, extra forte",5601517311419,11721,105,Garrafa de 80 ml,Paladin,,"24,88€/L","1,99€",https://cdn.intermarche.pt/pt/Content/images/boitmal/produit/zoom/CEFDAA1DD4836275B6F55392B06CF7D8.jpg,,/product/piripiri-sacana-extra-forte/5601517311419
43743,Molho p/batatas fritas,5604260310265,11721,105,Embalagem de 287g,PorSi,,"5,54€/Kg","1,59€",https://cdn.intermarche.pt/pt/Content/images/boitmal/produit/zoom/0621D40FC2277122FC30E4D012BB2CB2.jpg,,/product/molho-p-ou-batatas-fritas/5604260310265
43861,Molho vinagrete com vinagre balsâmico de modena e mel,5604260310241,11721,105,Embalagem de 280g,PorSi,,"4,61€/Kg","1,29€",https://cdn.intermarche.pt/pt/Content/images/boitmal/produit/zoom/E4B1403082E3C20996CD5AF835B554A9.jpg,,/product/molho-vinagrete-com-vinagre-balsamico-de-modena-e-mel/5604260310241
46279,Molho bolonhesa,5604260314027,11721,105,frasco de 420 g,PorSi,,"4,50€/Kg","1,89€",https://cdn.intermarche.pt/pt/Content/images/boitmal/produit/zoom/F0D5F214D198F86410394A8E67ADD26B.jpg,,/product/molho-bolonhesa/5604260314027
47787,Molho vegan sabor a maionese,5604260322954,11721,105,Embalagem de 270 g,PorSi Viva Bem,,"5,52€/Kg","1,49€",https://cdn.intermarche.pt/pt/Content/images/boitmal/produit/zoom/30703E7BD7916CBD62C9A82847ED3FE3.jpg,,/product/molho-vegan-sabor-a-maionese/5604260322954
48192,Molho tomate com azeitonas,5604260319428,11721,105,Frasco de 420g,PorSi,,"4,02€/Kg","1,69€",https://cdn.intermarche.pt/pt/Content/images/boitmal/produit/zoom/E5823D2A698204A8373CC0F4C34BD274.jpg,,/product/molho-tomate-com-azeitonas/5604260319428
2335,Molho de soja,5604260274000,11721,105,Embalagem de 200 ml,PorSi,,"4,45€/L","0,89€",https://cdn.intermarche.pt/pt/Content/images/boitmal/produit/zoom/604BB20A2922CB2F333415774092B868.jpg,,/product/molho-de-soja/5604260274000
43866,Molho barbecue,5604260310555,11721,105,Garrafa de 285 ml,PorSi,,"4,74€/L","1,35€",https://cdn.intermarche.pt/pt/Content/images/boitmal/produit/zoom/201A174F029CAD9F5E0CCF55799F4C3B.jpg,,/product/molho-barbecue/5604260310555
42576,Molho bechamel,5604260304615,11721,105,Embalagem de 200g,PorSi,,"4,25€/Kg","0,85€",https://cdn.intermarche.pt/pt/Content/images/boitmal/produit/zoom/E18A8FCBDAEC93751AFBF1CA823312C2.jpg,,/product/molho-bechamel/5604260304615
43863,Molho de alho,5604260310289,11721,105,Embalagem de 287g,PorSi,,"5,05€/Kg","1,45€",https://cdn.intermarche.pt/pt/Content/images/boitmal/produit/zoom/E39AB14D88072D4C2C40115DE58B44CE.jpg,,/product/molho-de-alho/5604260310289
51574,Vinagrete natural,5604260302123,11721,105,275 ml,PorSi,,"4,87€/L","1,34€",https://cdn.intermarche.pt/pt/Content/images/boitmal/produit/zoom/2EF2066739C6F3D7E62D072C17991B10.jpg,,/product/vinagrete-natural/5604260302123
1331,Molho de alho,5601165006255,11721,105,Embalagem de 260g,Calvé,,"11,50€/Kg","2,99€",https://cdn.intermarche.pt/pt/Content/images/boitmal/produit/zoom/089B1CAB7287353404366CB7226AD30F.jpg,,/product/molho-de-alho/5601165006255
43875,Creme à base de vinagre balsâmico de modena,5604260313082,11721,105,Garrafa de 250 ml,PorSi Select,,"6,76€/L","1,69€",https://cdn.intermarche.pt/pt/Content/images/boitmal/produit/zoom/3F700E309B4336894E622FC9ED22B42C.jpg,,/product/creme-a-base-de-vinagre-balsamico-de-modena/5604260313082
46328,Molho napolitano,5604260314058,11721,105,frasco de 420 g,PorSi,,"4,02€/Kg","1,69€",https://cdn.intermarche.pt/pt/Content/images/boitmal/produit/zoom/D141C8B734E747391BA201C87BB24CB5.jpg,,/product/molho-napolitano/5604260314058
43873,Molho piripiri,5604260311866,11721,105,Garrafa de 180 ml,PorSi,,"1,89€/L","0,34€",https://cdn.intermarche.pt/pt/Content/images/boitmal/produit/zoom/6A304EC7F349ACAB44A54B896E4299EE.jpg,,/product/molho-piripiri/5604260311866
2288,Molho 4 pimentas,5604260270279,11721,105,Embalagem de 120 ml,PorSi,,"8,25€/L","0,99€",https://cdn.intermarche.pt/pt/Content/images/boitmal/produit/zoom/620186A4966E9396BEDEB2D3B37982A2.jpg,,/product/molho-4-pimentas/5604260270279
46327,Molho para pizza,5604260314034,11721,105,frasco de 420 g,PorSi,,"4,02€/Kg","1,69€",https://cdn.intermarche.pt/pt/Content/images/boitmal/produit/zoom/CFBEE794B65CE7E18388862CD2957766.jpg,,/product/molho-para-pizza/5604260314034
42174,Molho iogurte,5604260305872,11721,105,Garrafa de 285 ml,PorSi,,"5,23€/L","1,49€",https://cdn.intermarche.pt/pt/Content/images/boitmal/produit/zoom/07DE36137753EDAACF0183495B6C9015.jpg,,/product/molho-iogurte/5604260305872
43744,Molho cesar,5604260310272,11721,105,Embalagem de 288g,PorSi,,"5,17€/Kg","1,49€",https://cdn.intermarche.pt/pt/Content/images/boitmal/produit/zoom/8DD3EC9719BD69E3EA2848851D07A720.jpg,,/product/molho-cesar/5604260310272
33127,Molho pesto ponti 135 grs,8001010033721,11721,105,Embalagem de 140g,Ponti,,"25,11€/Kg","3,39€",https://cdn.intermarche.pt/pt/Content/images/boitmal/produit/zoom/F4B4042E9E40B9E398D32759CA139CC2.jpg,,/product/molho-pesto-ponti-135-grs/8001010033721
47038,Molho p/ saltear agridoce blue dragon,5010338200039,11721,105,Embalagem de 120g,Blue Dragon,,"19,08€/Kg","2,29€",https://cdn.intermarche.pt/pt/Content/images/boitmal/produit/zoom/5E1C2823F4532D72396C5C9CA0DC0C44.jpg,,/product/molho-p-ou-saltear-agridoce-blue-dragon/5010338200039
34318,Molho inglês,5604260278886,11721,105,Garrafa de 200 ml,PorSi,,"4,45€/L","0,89€",https://cdn.intermarche.pt/pt/Content/images/boitmal/produit/zoom/6C0A0062E1621686AEDBD758D34B0DDE.jpg,,/product/molho-ingles/5604260278886
43383,Molho piri-piri extra forte,5604260311873,11721,105,Garrafa de 90 ml,PorSi Select,,"9,89€/L","0,89€",https://cdn.intermarche.pt/pt/Content/images/boitmal/produit/zoom/FD3EC61BD1E07A83A6B696FDB67D8815.jpg,,/product/molho-piri-piri-extra-forte/5604260311873
1502,Molho piri piri,5601378970701,11721,105,Embalagem de 100g,Maçarico,,"12,90€/Kg","1,29€",https://cdn.intermarche.pt/pt/Content/images/boitmal/produit/zoom/5632B0F1E36B185E0470AEB86098E114.jpg,,/product/molho-piri-piri/5601378970701
2287,Molho de cocktail,5604260270262,11721,105,Garrafa de 120 ml,PorSi,,"8,25€/L","0,99€",https://cdn.intermarche.pt/pt/Content/images/boitmal/produit/zoom/B03EB47463B44F2E4A84CCE64A1E7802.jpg,,/product/molho-de-cocktail/5604260270262
31496,"Molho guacamole, 200g",8410076420763,11721,105,,Old El Paso,,"15,33€/Kg","2,99€",https://cdn.intermarche.pt/pt/Content/images/boitmal/produit/zoom/CF1502C095D2AB6B89DF5B10F97A9703.jpg,,/product/molho-guacamole-200g/8410076420763
42144,Vinagrete com ervas aromáticas,5604260302130,11721,105,Embalagem de 275g,PorSi,,"5,05€/Kg","1,39€",https://cdn.intermarche.pt/pt/Content/images/boitmal/produit/zoom/A4D328B7A704A7680516B2D30AD61A0D.jpg,,/product/vinagrete-com-ervas-aromaticas/5604260302130
52994,"Molho Tomate e Manjericão, 350g",5601019005977,11721,105,,Guloso,,"13,57€/Kg","4,75€",https://cdn.intermarche.pt/pt/Content/images/boitmal/produit/zoom/4D66C88670773A45D5167B5E30F2B94F.jpg,,/product/molho-tomate-e-manjericao-350g/5601019005977
300,Molho picante,0011210000889,11721,105,Garrafa de 60 ml,Tabasco,,"54,83€/L","3,29€",https://cdn.intermarche.pt/pt/Content/images/boitmal/produit/zoom/5ABEEBB580D00ACED93482A5C5D5A8F5.jpg,,/product/molho-picante/0011210000889
41574,Molho para Francesinha,5604260304929,11721,105,Frasco com 314 g,PorSi,,"3,79€/Kg","1,19€",https://cdn.intermarche.pt/pt/Content/images/boitmal/produit/zoom/CF6E9E7BC0B943E62E9F24462CD785FB.jpg,,/product/molho-para-francesinha/5604260304929
1293,Pack de 3 embalagens de polpa de tomate,5601151398104,11757,105,Embalagem de 630g,Compal,,"2,37€/Kg","1,49€",https://cdn.intermarche.pt/pt/Content/images/boitmal/produit/zoom/2F7BD591A6A78BA4615EC03A19AC4973.jpg,2024-09-25T22:59:59.999Z,/product/pack-de-3-embalagens-de-polpa-de-tomate/5601151398104
1270,Polpa de tomate com cebola e alho,5601151023150,11757,105,Embalagem de 500g,Compal,,"2,78€/Kg","1,39€",https://cdn.intermarche.pt/pt/Content/images/boitmal/produit/zoom/D455823659AE027A7D3A2F64537EA4D9.jpg,2024-09-25T22:59:59.999Z,/product/polpa-de-tomate-com-cebola-e-alho/5601151023150
1305,Polpa de tomate em garrafa,5601151862155,11757,105,Embalagem de 500g,Compal,,"2,48€/Kg","1,24€",https://cdn.intermarche.pt/pt/Content/images/boitmal/produit/zoom/AAB3292CC676B25102611CA57B6FA818.jpg,2024-09-25T22:59:59.999Z,/product/polpa-de-tomate-em-garrafa/5601151862155
2059,Polpa de cebola e alho,5604260303861,11757,105,Embalagem de 500 g,PorSi,,"2,98€/Kg","1,49€",https://cdn.intermarche.pt/pt/Content/images/boitmal/produit/zoom/41444F01158BD1D91B444EE63E3C35F0.jpg,2024-10-04T22:59:59.999Z,/product/polpa-de-cebola-e-alho/5604260303861
1310,Compal da horta concentrado tomate,5601151979969,11757,105,Embalagem de 140g,Compal,,"7,07€/Kg","0,99€",https://cdn.intermarche.pt/pt/Content/images/boitmal/produit/zoom/9A5812864404A787E39139B51FC70102.jpg,2024-09-25T22:59:59.999Z,/product/compal-da-horta-concentrado-tomate/5601151979969
1272,Tomate triturado,5601151060254,11757,105,Embalagem de 500g,Compal,,"2,78€/Kg","1,39€",https://cdn.intermarche.pt/pt/Content/images/boitmal/produit/zoom/8578E2260B46D071F7AECDA37452145B.jpg,2024-09-25T22:59:59.999Z,/product/tomate-triturado/5601151060254
1307,Polpa de tomate em garrafa,5601151962152,11757,105,Embalagem de 1 kg,Compal,,"2,10€/Kg","2,10€",https://cdn.intermarche.pt/pt/Content/images/boitmal/produit/zoom/188D8B739A75F9183E13BB6E462F65B0.jpg,2024-09-25T22:59:59.999Z,/product/polpa-de-tomate-em-garrafa/5601151962152
43796,Massa de pimentão,5604260302772,11757,105,Embalagem de 380g,PorSi,,"3,92€/Kg","1,49€",https://cdn.intermarche.pt/pt/Content/images/boitmal/produit/zoom/EB0E3680D122BF16BFFC7452A9BAA497.jpg,,/product/massa-de-pimentao/5604260302772
44252,Tomate frito,5601019012890,11757,105,Embalagem de 210g,Guloso,,"5,67€/Kg","1,19€",https://cdn.intermarche.pt/pt/Content/images/boitmal/produit/zoom/E41584C9A847A707E247659FC6AA37C2.jpg,,/product/tomate-frito/5601019012890
958,Polpa de Tomate,5601019012401,11757,105,Embalagem de 500g,Guloso,,"2,98€/Kg","1,49€",https://cdn.intermarche.pt/pt/Content/images/boitmal/produit/zoom/20EBC153FCFDA3F6B93B2650D6C60B2B.jpg,,/product/polpa-de-tomate/5601019012401
2172,Massa de alho,5604260261369,11757,105,Embalagem 950G,PorSi,,"3,15€/Kg","2,99€",https://cdn.intermarche.pt/pt/Content/images/boitmal/produit/zoom/593B94D67589DB392D4E23CF22FB7DC3.jpg,,/product/massa-de-alho/5604260261369
38555,Polpa de Tomate com Manjericão e Oregãos,5601019012807,11757,105,Embalagem de 500g,Guloso,,"3,98€/Kg","1,99€",https://cdn.intermarche.pt/pt/Content/images/boitmal/produit/zoom/91BED76549C4236F11A5CB6F37BF70E1.jpg,,/product/polpa-de-tomate-com-manjericao-e-oregaos/5601019012807
959,Polpa de Tomate,5601019012418,11757,105,Embalagem de 1 kg,Guloso,,"2,39€/Kg","2,39€",https://cdn.intermarche.pt/pt/Content/images/boitmal/produit/zoom/3B354CF768C18B28FB1B1316955F339F.jpg,,/product/polpa-de-tomate/5601019012418
42149,Tomate triturado,5604260303830,11757,105,Embalagem de 500 g,PorSi,,"2,18€/Kg","1,09€",https://cdn.intermarche.pt/pt/Content/images/boitmal/produit/zoom/8D5FE479993532426630C2D76551CD53.jpg,,/product/tomate-triturado/5604260303830
48098,Tempero alho cebola picado,5604260321223,11757,105,Embalagem de 40g,PorSi Select,,"29,75€/Kg","1,19€",https://cdn.intermarche.pt/pt/Content/images/boitmal/produit/zoom/1FA4ACC584D2D92A0B8D6FD078322628.jpg,,/product/tempero-alho-cebola-picado/5604260321223
52164,Polpa de Tomate Tetra,5604260328505,11757,105,Embalagem de 1050g,PorSi,,"1,90€/Kg","1,99€",https://cdn.intermarche.pt/pt/Content/images/boitmal/produit/zoom/B885A3783A807252D878F62CA97B7A9D.jpg,,/product/polpa-de-tomate-tetra/5604260328505
1949,Massa de pimentão,5604260056958,11757,105,Embalagem 200G,PorSi,,"4,25€/Kg","0,85€",https://cdn.intermarche.pt/pt/Content/images/boitmal/produit/zoom/AA7FFE91CD75A2FB21B35A4BBF6B6410.jpg,,/product/massa-de-pimentao/5604260056958
1948,Massa de alho,5604260056941,11757,105,Embalagem de 200g,PorSi,,"4,25€/Kg","0,85€",https://cdn.intermarche.pt/pt/Content/images/boitmal/produit/zoom/A5D1FAA114F16033BD0F905B4C1B56D9.jpg,,/product/massa-de-alho/5604260056941
1950,Tempero p/frangos,5604260056965,11757,105,Embalagem de 200g,PorSi,,"4,25€/Kg","0,85€",https://cdn.intermarche.pt/pt/Content/images/boitmal/produit/zoom/301626436D263C9AF4BDABB0A4195441.jpg,,/product/tempero-p-ou-frangos/5604260056965
1951,Vinha de alhos,5604260056972,11757,105,Embalagem de 200 g,PorSi,,"4,25€/Kg","0,85€",https://cdn.intermarche.pt/pt/Content/images/boitmal/produit/zoom/C34FBE2720172D5D8BB2FE5CD2A6BA9E.jpg,,/product/vinha-de-alhos/5604260056972
16505,Tomate seco,8001010085454,11757,105,Embalagem de 280g,Ponti,,"13,54€/Kg","3,79€",https://cdn.intermarche.pt/pt/Content/images/boitmal/produit/zoom/BA9034A1B5945315F55BBE105BB75174.jpg,,/product/tomate-seco/8001010085454
41311,Tomate em Pedaços com Cebola e Alho,5601019012876,11757,105,Embalagem de 390g,Guloso,,"6,13€/Kg","2,39€",https://cdn.intermarche.pt/pt/Content/images/boitmal/produit/zoom/DA7DA36A1DB3F59161A395B0EC5223E9.jpg,,/product/tomate-em-pedacos-com-cebola-e-alho/5601019012876
48097,Tempero alho e pimentão doce,5604260321216,11757,105,Embalagem de 40g,PorSi Select,,"27,25€/Kg","1,09€",https://cdn.intermarche.pt/pt/Content/images/boitmal/produit/zoom/3B1C1492DCB9D8187915E8DC58D4EF35.jpg,,/product/tempero-alho-e-pimentao-doce/5604260321216
34760,Suculento no forno ervas,7613036912709,11757,105,Embalagem de 40g,Maggi,,"42,50€/Kg","1,19€",https://cdn.intermarche.pt/pt/Content/images/boitmal/produit/zoom/88EF0AA003FE9AC71C19B5F2C7E3D14A.jpg,,/product/suculento-no-forno-ervas/7613036912709
962,Passata de Manjericão e Oregãos,5601019012517,11757,105,Embalagem de 210g,Guloso,,"4,71€/Kg","0,99€",https://cdn.intermarche.pt/pt/Content/images/boitmal/produit/zoom/EE291078DA7B0DBA3843A375150D086A.jpg,,/product/passata-de-manjericao-e-oregaos/5601019012517
2171,Massa de pimentão,5604260261352,11757,105,Embalagem de 950g,PorSi,,"3,67€/Kg","3,49€",https://cdn.intermarche.pt/pt/Content/images/boitmal/produit/zoom/88CF0206F15ADAB5A02163F09F93B367.jpg,,/product/massa-de-pimentao/5604260261352
43797,Massa de alho,5604260303953,11757,105,Embalagem de 380g,PorSi,,"3,92€/Kg","1,49€",https://cdn.intermarche.pt/pt/Content/images/boitmal/produit/zoom/C63C61E4694A46B0D0DFDA1135AA08D2.jpg,,/product/massa-de-alho/5604260303953
2173,Tempero p/frangos,5604260261376,11757,105,Embalagem de 950g,PorSi,,"3,67€/Kg","3,49€",https://cdn.intermarche.pt/pt/Content/images/boitmal/produit/zoom/18087B045EB305B185BF442EE080BB83.jpg,,/product/tempero-p-ou-frangos/5604260261376
22554,Pimentão doce,5601063052538,11757,105,Embalagem de 75g,Margão,,"37,20€/Kg","2,79€",https://cdn.intermarche.pt/pt/Content/images/boitmal/produit/zoom/3B32A9AAE6667DFF4C4EFAB19EF12E96.jpg,,/product/pimentao-doce/5601063052538
30568,"Polpa de Tomate, 3 x 210g",5601019012180,11757,105,,Guloso,,"3,95€/Kg","2,49€",https://cdn.intermarche.pt/pt/Content/images/boitmal/produit/zoom/9F9DDF3934C6195F877922FAC5502599.jpg,,/product/polpa-de-tomate-3-x-210g/5601019012180
36431,Sumo de limão,5601070004513,11757,105,garrafa de 500 ml,Cristal,,"7,58€/L","3,79€",https://cdn.intermarche.pt/pt/Content/images/boitmal/produit/zoom/EE98C951AD4CD17A469FE8D3C16D6E64.jpg,,/product/sumo-de-limao/5601070004513
46208,"Tempero em pó galinha, 135g",8710522724262,11757,105,,Knorr,,"31,78€/Kg","4,29€",https://cdn.intermarche.pt/pt/Content/images/boitmal/produit/zoom/80FC3E6D5208F1CE79EF67284D4565D3.jpg,,/product/tempero-em-po-galinha-135g/8710522724262
50386,"Molho Suculento Frango no Forno com Alho e Cebola em Saqueta, 30g",8445290290014,11757,105,,Maggi,,"39,67€/Kg","1,19€",https://cdn.intermarche.pt/pt/Content/images/boitmal/produit/zoom/0CA9D0BA31C0E8C3087456EA0E4676B5.jpg,,/product/molho-suculento-frango-no-forno-com-alho-e-cebola-em-saqueta-30g/8445290290014
28561,Polpa tomate biológico,5601019012746,11292,10119,Embalagem de 500g,Guloso,,"7,18€/Kg","3,59€",https://cdn.intermarche.pt/pt/Content/images/boitmal/produit/zoom/CFA4E349C1AF2DDBB70C492F765F31C1.jpg,,/product/polpa-tomate-biologico/5601019012746
33656,Tomate seco,8001010052562,11757,105,Embalagem de 100 g,Ponti,,"39,90€/Kg","3,99€",https://cdn.intermarche.pt/pt/Content/images/boitmal/produit/zoom/08305C19D874034F40EDB482F4551671.jpg,,/product/tomate-seco/8001010052562
52756,Cozinha à Portuguesa,5601063061295,11757,105,Pack de 5 Unidades 212g,Margão,,"47,12€/Kg","9,99€",https://cdn.intermarche.pt/pt/Content/images/boitmal/produit/zoom/AB3461AEC31848B4BC163B94448D8990.jpg,,/product/cozinha-a-portuguesa/5601063061295
53117,"Mix Salicórnia para Massas, 50g",5600692769725,11757,105,,Qampo,,"79,80€/Kg","3,99€",https://cdn.intermarche.pt/pt/Content/images/boitmal/produit/zoom/49399953964ECD3D1B9F3FF97300FA3A.jpg,,/product/mix-salicornia-para-massas-50g/5600692769725
51250,"Molho Suculento Entrecosto no Forno com Pimentão Doce, Alho e Mel, 30g",8445290287229,11757,105,,Maggi,,"39,67€/Kg","1,19€",https://cdn.intermarche.pt/pt/Content/images/boitmal/produit/zoom/456CDF14FAC2BD6198BF856B10BED187.jpg,,/product/molho-suculento-entrecosto-no-forno-com-pimentao-doce-alho-e-mel-30g/8445290287229
2174,Vinha de alhos,5604260261383,11757,105,Embalagem de 950 g,PorSi,,"3,15€/Kg","2,99€",https://cdn.intermarche.pt/pt/Content/images/boitmal/produit/zoom/E649F01AA15438D312E36A95830C389B.jpg,,/product/vinha-de-alhos/5604260261383
17665,Maionese XXL,8712100745591,11722,105,Embalagem de 753 g,Calvé,,"4,90€/Kg","3,69€",https://cdn.intermarche.pt/pt/Content/images/boitmal/produit/zoom/69DD5C01FA6303DE3BD821864A539AC3.jpg,2024-09-25T22:59:59.999Z,/product/maionese-xxl/8712100745591
36186,Ketchup top down,8715700017006,11722,105,570 g,Heinz,,"5,68€/Kg","3,24€",https://cdn.intermarche.pt/pt/Content/images/boitmal/produit/zoom/2F0051DF72DD89785E2C6DCA29709EEB.jpg,2024-09-25T22:59:59.999Z,/product/ketchup-top-down/8715700017006
405,Ketchup,8712566410910,11722,105,Embalagem de 280g,Calvé,,"6,57€/Kg","1,84€",https://cdn.intermarche.pt/pt/Content/images/boitmal/produit/zoom/D7E099A6ABAECF4C5D06260734A2C975.jpg,2024-09-25T22:59:59.999Z,/product/ketchup/8712566410910
40925,Maionese,8710522652138,11722,105,Embalagem de 240g,Calvé,,"6,63€/Kg","1,59€",https://cdn.intermarche.pt/pt/Content/images/boitmal/produit/zoom/BAE5DB5E204D247526D3D3D4E5D5A52E.jpg,2024-09-25T22:59:59.999Z,/product/maionese/8710522652138
44234,Mostarda,8710522854815,11722,105,Embalagem de 257g,Calvé,,"6,54€/Kg","1,68€",https://cdn.intermarche.pt/pt/Content/images/boitmal/produit/zoom/7979D994594677C477DA08ADD5A2E9CB.jpg,2024-09-25T22:59:59.999Z,/product/mostarda/8710522854815
14372,Ketchup XXL,8712100599392,11722,105,Embalagem de 550g,Calvé,,"5,44€/Kg","2,99€",https://cdn.intermarche.pt/pt/Content/images/boitmal/produit/zoom/4544D7A761DF83B5B8BF2C6EF0FF53D9.jpg,2024-09-25T22:59:59.999Z,/product/ketchup-xxl/8712100599392
22338,Maionese top down,8715700422084,11722,105,Garrafa de 400 ml,Heinz,,"6,15€/L","2,46€",https://cdn.intermarche.pt/pt/Content/images/boitmal/produit/zoom/C7D9780039707961F74CCE9BB4A3738B.jpg,2024-09-25T22:59:59.999Z,/product/maionese-top-down/8715700422084
2753,Maionese de cebola e alho,8410066113484,11722,105,Garrafa de 400 ml,Heinz,,"7,23€/L","2,89€",https://cdn.intermarche.pt/pt/Content/images/boitmal/produit/zoom/68C65A058BDDFE62B63D709DD1CEF540.jpg,2024-09-25T22:59:59.999Z,/product/maionese-de-cebola-e-alho/8410066113484
36188,Ketchup squeeze,0000087157635,11722,105,342 g,Heinz,,"7,11€/Kg","2,43€",https://cdn.intermarche.pt/pt/Content/images/boitmal/produit/zoom/EE52B25D49D994FEB41D538040399913.jpg,2024-09-25T22:59:59.999Z,/product/ketchup-squeeze/0000087157635
25068,Ketchup menos sal e açucares,8715700423852,11722,105,Embalagem de 560g,Heinz,,"5,79€/Kg","3,24€",https://cdn.intermarche.pt/pt/Content/images/boitmal/produit/zoom/3C41C8F6C6A3C98B2482AE883777B51B.jpg,2024-09-25T22:59:59.999Z,/product/ketchup-menos-sal-e-acucares/8715700423852
51853,Maionese Magra,8720182470133,11722,105,Embalagem de 447g,Calvé,,"5,35€/Kg","2,39€",https://cdn.intermarche.pt/pt/Content/images/boitmal/produit/zoom/F238D4F3C63052657005AE85F2676D79.jpg,2024-09-25T22:59:59.999Z,/product/maionese-magra/8720182470133
36272,Maionese,5604260300723,11722,105,Embalagem de 414 g,PorSi,,"3,99€/Kg","1,65€",https://cdn.intermarche.pt/pt/Content/images/boitmal/produit/zoom/8FCA627AE2DB4595C7AF33E2C707EA97.jpg,,/product/maionese/5604260300723
1981,Mostarda top down,5604260062751,11722,105,Embalagem de 250 g,PorSi,,"4,36€/Kg","1,09€",https://cdn.intermarche.pt/pt/Content/images/boitmal/produit/zoom/3133033FDCEAEB0C70E320F679EC471A.jpg,,/product/mostarda-top-down/5604260062751
1982,Mostarda Top Down,5604260062768,11722,105,500 g,PorSi,,"3,78€/Kg","1,89€",https://cdn.intermarche.pt/pt/Content/images/boitmal/produit/zoom/3BA2AEB5ABA6EFF7C8D615A5D5F6A2DF.jpg,,/product/mostarda-top-down/5604260062768
36480,Ketchup,5604260296972,11722,105,Embalagem de 300 g,PorSi,,"2,90€/Kg","0,87€",https://cdn.intermarche.pt/pt/Content/images/boitmal/produit/zoom/A0C035AA3FC07CB46FFF0F008EFBA191.jpg,,/product/ketchup/5604260296972
40535,Maionese,5604260300709,11722,105,Embalagem de 414 g,PorSi,,"4,30€/Kg","1,78€",https://cdn.intermarche.pt/pt/Content/images/boitmal/produit/zoom/290F33B0E8845EF825D490C738C8E0CE.jpg,,/product/maionese/5604260300709
42188,Mostarda a'lancienne,5604260309078,11722,105,190 g,PorSi Select,,"6,26€/Kg","1,19€",https://cdn.intermarche.pt/pt/Content/images/boitmal/produit/zoom/CBC5801107E6A9C7ACF9C20A8513EE7B.jpg,,/product/mostarda-a'lancienne/5604260309078
43865,Ketchup light,5604260310531,11722,105,Embalagem de 540g,PorSi,,"2,76€/Kg","1,49€",https://cdn.intermarche.pt/pt/Content/images/boitmal/produit/zoom/15D3C944A47A7A94376E5AF6468DE1A1.jpg,,/product/ketchup-light/5604260310531
485,Mostarda dijon,3036810201280,11722,105,Embalagem de 220g,Maille,,"18,14€/Kg","3,99€",https://cdn.intermarche.pt/pt/Content/images/boitmal/produit/zoom/54F468F339DF4ED703D2259DA36B459B.jpg,,/product/mostarda-dijon/3036810201280
36271,Maionese,5604260300716,11722,105,Embalagem de 260 g,PorSi,,"5,19€/Kg","1,35€",https://cdn.intermarche.pt/pt/Content/images/boitmal/produit/zoom/F062FB33115F6EE8DA9E5327C39B8A9F.jpg,,/product/maionese/5604260300716
12519,"Maionese, frasco",8712100417054,11722,105,Embalagem de 420g,Hellmann's,,"10,07€/Kg","4,19€",https://cdn.intermarche.pt/pt/Content/images/boitmal/produit/zoom/252D905CA391CC38A3FB504ED230564C.jpg,,/product/maionese-frasco/8712100417054
42577,Maionese light,5604260305865,11722,105,Embalagem de 414g,PorSi,,"3,36€/Kg","1,39€",https://cdn.intermarche.pt/pt/Content/images/boitmal/produit/zoom/1F12D79119F42F0647AD696C16BACAB8.jpg,,/product/maionese-light/5604260305865
42243,Mostarda de Dijon,5604260309061,11722,105,190 g,PorSi Select,,"6,26€/Kg","1,19€",https://cdn.intermarche.pt/pt/Content/images/boitmal/produit/zoom/ECBC5DEF66AAFE14111B9169310D9643.jpg,,/product/mostarda-de-dijon/5604260309061
22395,Mionese top down,8712100745614,11722,105,Embalagem de 410g,Hellmann's,,"11,87€/Kg","4,89€",https://cdn.intermarche.pt/pt/Content/images/boitmal/produit/zoom/C642A36EEC291CE47645FCCBF50ED41C.jpg,,/product/mionese-top-down/8712100745614
2245,Molho de maionese com alho e ervas,5604260267378,11722,105,Garrafa de 120 ml,PorSi,,"8,25€/L","0,99€",https://cdn.intermarche.pt/pt/Content/images/boitmal/produit/zoom/349ED94BA36B8E03B915778A8CB27943.jpg,,/product/molho-de-maionese-com-alho-e-ervas/5604260267378
46804,Mostarda com mel,5604260316632,11722,105,215 g,PorSi Select,,"7,86€/Kg","1,69€",https://cdn.intermarche.pt/pt/Content/images/boitmal/produit/zoom/2491A8A2C7B88DE91A4FB233258CDE68.jpg,,/product/mostarda-com-mel/5604260316632
41216,Maionese light,5604260305858,11722,105,Frasco de 414 g,PorSi,,"4,08€/Kg","1,69€",https://cdn.intermarche.pt/pt/Content/images/boitmal/produit/zoom/1B50C8FE4EC8F8A7289C26C36946391F.jpg,,/product/maionese-light/5604260305858
12521,Maionese magra em frasco,8712100417474,11722,105,Embalagem de 460g,Hellmann's,,"10,41€/Kg","4,79€",https://cdn.intermarche.pt/pt/Content/images/boitmal/produit/zoom/A7BCD2CD890AA2348D9DB42E7F0D2DB6.jpg,,/product/maionese-magra-em-frasco/8712100417474
1969,Mostardeiro,5604260304592,11722,105,Embalagem de 200g,PorSi,,"4,45€/Kg","0,89€",https://cdn.intermarche.pt/pt/Content/images/boitmal/produit/zoom/9B17F488D272C9AD5F7128D0B5DC79EB.jpg,,/product/mostardeiro/5604260304592
1243,Mostarda em frasco,5601149023896,11722,105,Embalagem de 190g,Savora,,"13,11€/Kg","2,49€",https://cdn.intermarche.pt/pt/Content/images/boitmal/produit/zoom/ED2A085BDB517B937A33056DFE171ACE.jpg,,/product/mostarda-em-frasco/5601149023896
37517,Maionese,5604260300693,11722,105,Embalagem de 207 g,PorSi,,"6,23€/Kg","1,29€",https://cdn.intermarche.pt/pt/Content/images/boitmal/produit/zoom/D26E858ED04E598A4EAF13EAB871AF3E.jpg,,/product/maionese/5604260300693
486,Mostarda ancienne,3036810207589,11722,105,Embalagem de 210g,Maille,,"19,00€/Kg","3,99€",https://cdn.intermarche.pt/pt/Content/images/boitmal/produit/zoom/3F5A694D469A59658267DB07BC3AF0F4.jpg,,/product/mostarda-ancienne/3036810207589
52968,"Maionese, 675 ml",5601517351002,11722,105,,Paladin,,"5,32€/L","3,59€",https://cdn.intermarche.pt/pt/Content/images/boitmal/produit/zoom/F356AFD8961231543542505B62CD3669.jpg,,/product/maionese-675-ml/5601517351002
53241,"Ketchup, 675 ml",5601517360691,11722,105,,Paladin,,"5,32€/Kg","3,59€",https://cdn.intermarche.pt/pt/Content/images/boitmal/produit/zoom/1ECBBF4776A6AD1B27C6FD49CCB2F638.jpg,,/product/ketchup-675-ml/5601517360691
36481,Ketchup,5604260296989,11722,105,Embalagem de 560 g,PorSi,,"2,05€/Kg","1,15€",https://cdn.intermarche.pt/pt/Content/images/boitmal/produit/zoom/B985B9241301B4BB395681230AF507D0.jpg,,/product/ketchup/5604260296989
43860,Molho mostarda e mel,5604260310234,11722,105,Embalagem de 285g,PorSi,,"4,18€/Kg","1,19€",https://cdn.intermarche.pt/pt/Content/images/boitmal/produit/zoom/A0B70BD8C5ADB81E6D372B3C45146344.jpg,,/product/molho-mostarda-e-mel/5604260310234
40641,Canela em pau,5604260300235,11723,105,Saqueta de 30 g,PorSi,,"29,67€/Kg","0,89€",https://cdn.intermarche.pt/pt/Content/images/boitmal/produit/zoom/7116D6ED31DC6A831297FCAD8782D1F5.jpg,,/product/canela-em-pau/5604260300235
33970,Orégãos em folha,5604260286294,11723,105,Embalagem de 10g,PorSi,,"49,00€/Kg","0,49€",https://cdn.intermarche.pt/pt/Content/images/boitmal/produit/zoom/A658A65EA3031A56B553E8E6B7B9BE3A.jpg,,/product/oregaos-em-folha/5604260286294
36782,Pimenta branca moída,5604260286218,11723,105,Frasco de 45 g,PorSi,,"22,00€/Kg","0,99€",https://cdn.intermarche.pt/pt/Content/images/boitmal/produit/zoom/5E4F47E7F840A4E9916FC1EF64788DD6.jpg,,/product/pimenta-branca-moida/5604260286218
36847,Pimentão doce saqueta,5604260286065,11723,105,Embalagem de 250 g,PorSi,,"7,96€/Kg","1,99€",https://cdn.intermarche.pt/pt/Content/images/boitmal/produit/zoom/638433CB50B9A6916714B3A8023B3289.jpg,,/product/pimentao-doce-saqueta/5604260286065
40536,"Pimentão doce saqueta, 50 g",5604260300259,11723,105,,PorSi,,"11,60€/Kg","0,58€",https://cdn.intermarche.pt/pt/Content/images/boitmal/produit/zoom/AB7BA265E78C77AFA16821F39717B58F.jpg,,/product/pimentao-doce-saqueta-50-g/5604260300259
40610,Ervas aromáticas,5604260300334,11723,105,Saqueta de 20 g,PorSi,,"44,50€/Kg","0,89€",https://cdn.intermarche.pt/pt/Content/images/boitmal/produit/zoom/682E9E54BDE43181E9CF74E001514D94.jpg,,/product/ervas-aromaticas/5604260300334
40614,Paprika,5604260300310,11723,105,Saqueta com 50 g,PorSi,,"15,00€/Kg","0,75€",https://cdn.intermarche.pt/pt/Content/images/boitmal/produit/zoom/6FB38DA6113A74C194F58AEA9721A030.jpg,,/product/paprika/5604260300310
40617,Piri-piri moído,5604260300419,11723,105,Saqueta com 40 g,PorSi,,"11,75€/Kg","0,47€",https://cdn.intermarche.pt/pt/Content/images/boitmal/produit/zoom/E17F9CE7E2A85001D6EDFFC2901F0829.jpg,,/product/piri-piri-moido/5604260300419
40611,Louro em folhas,5604260300341,11723,105,Saqueta com 8 g,PorSi,,"73,75€/Kg","0,59€",https://cdn.intermarche.pt/pt/Content/images/boitmal/produit/zoom/6853D1E1F884C1FB198FB7054294C2EB.jpg,,/product/louro-em-folhas/5604260300341
40478,Alho moído,5604260300273,11723,105,Saqueta de 50 g,PorSi,,"13,80€/Kg","0,69€",https://cdn.intermarche.pt/pt/Content/images/boitmal/produit/zoom/91FB2E27E02771EFAF6A217C85E2FAFB.jpg,,/product/alho-moido/5604260300273
40472,Alho moído,5604260286072,11723,105,Saqueta de 250 g,PorSi,,"11,16€/Kg","2,79€",https://cdn.intermarche.pt/pt/Content/images/boitmal/produit/zoom/4A600F65FAC8B9D97283EC2B546D1015.jpg,,/product/alho-moido/5604260286072
40612,Orégãos em folhas,5604260300303,11723,105,Saqueta com 10 g,PorSi,,"49,00€/Kg","0,49€",https://cdn.intermarche.pt/pt/Content/images/boitmal/produit/zoom/8AB594659F24D899CAED1095F5BD63A0.jpg,,/product/oregaos-em-folhas/5604260300303
40616,Pimenta preta moída,5604260300297,11723,105,Saqueta com 50 g,PorSi,,"15,80€/Kg","0,79€",https://cdn.intermarche.pt/pt/Content/images/boitmal/produit/zoom/C48A69E4C752BE5894F129653B2CB53E.jpg,,/product/pimenta-preta-moida/5604260300297
1797,Canela moída em frasco,5604260286157,11723,105,Embalagem de 35 g,PorSi,,"15,71€/Kg","0,55€",https://cdn.intermarche.pt/pt/Content/images/boitmal/produit/zoom/6F41F164610550DE02F412EA7642DB0C.jpg,,/product/canela-moida-em-frasco/5604260286157
1072,"Pimenta preta, com moinho, no  frasco",5601063000881,11723,105,Embalagem de 35g,Margão,,"114,00€/Kg","3,99€",https://cdn.intermarche.pt/pt/Content/images/boitmal/produit/zoom/A3BAB691B5ACCB15830C8C86CA874878.jpg,,/product/pimenta-preta-com-moinho-no-frasco/5601063000881
1128,"Alho em pó, frasco",5601068902647,11723,105,Embalagem de 55g,Margão,,"54,36€/Kg","2,99€",https://cdn.intermarche.pt/pt/Content/images/boitmal/produit/zoom/76296439DB3BB5AA7AD903B7D97A9CC8.jpg,,/product/alho-em-po-frasco/5601068902647
43370,Noz moscada moída,5604260303069,11723,105,Embalagem de 30g,PorSi,,"33,00€/Kg","0,99€",https://cdn.intermarche.pt/pt/Content/images/boitmal/produit/zoom/43B0E9E4C7755317FADD70E647B0C14E.jpg,,/product/noz-moscada-moida/5604260303069
47786,Manjericão em folhas,5604260321209,11723,105,Embalagem de 40g,PorSi,,"22,25€/Kg","0,89€",https://cdn.intermarche.pt/pt/Content/images/boitmal/produit/zoom/F45F6054A5DFE4ECA04731ECA3B26755.jpg,,/product/manjericao-em-folhas/5604260321209
36846,Canela moída saqueta,5604260286041,11723,105,Embalagem de 250 g,PorSi,,"9,96€/Kg","2,49€",https://cdn.intermarche.pt/pt/Content/images/boitmal/produit/zoom/F4CE878BB9589935503D3E0BA32A3639.jpg,,/product/canela-moida-saqueta/5604260286041
40474,Canela moída,5604260300198,11723,105,Saqueta de 100 g,PorSi,,"10,90€/Kg","1,09€",https://cdn.intermarche.pt/pt/Content/images/boitmal/produit/zoom/A19A45B8848D255008D619B108D5A257.jpg,,/product/canela-moida/5604260300198
43564,Cominhos moídos,5604260303083,11723,105,Embalagem de 35g,PorSi,,"25,43€/Kg","0,89€",https://cdn.intermarche.pt/pt/Content/images/boitmal/produit/zoom/C971E8693129F365350F9EDC0260013E.jpg,,/product/cominhos-moidos/5604260303083
1058,Cominhos moídos em pacote,5601063000669,11723,105,Embalagem de 50g,Margão,,"35,80€/Kg","1,79€",https://cdn.intermarche.pt/pt/Content/images/boitmal/produit/zoom/378D4D734E8207EA838B3F164F38ED3D.jpg,,/product/cominhos-moidos-em-pacote/5601063000669
40483,Pimenta preta grão,5604260300433,11723,105,Saqueta de 50 g,PorSi,,"19,80€/Kg","0,99€",https://cdn.intermarche.pt/pt/Content/images/boitmal/produit/zoom/DA218939B4A6414B1A3EF4D942D8AA91.jpg,,/product/pimenta-preta-grao/5604260300433
40488,Gengibre moído,5604260286201,11723,105,Frasco de 35 g,PorSi,,"28,29€/Kg","0,99€",https://cdn.intermarche.pt/pt/Content/images/boitmal/produit/zoom/1B3C9AC7BE4CABF6AE9686854DCFE47E.jpg,,/product/gengibre-moido/5604260286201
40582,Pimentão doce saqueta,5604260286058,11723,105,Embalagem de 1 kg,PorSi,,"6,49€/Kg","6,49€",https://cdn.intermarche.pt/pt/Content/images/boitmal/produit/zoom/7DEB45C8C66AECDFDF8F16711B9986F2.jpg,,/product/pimentao-doce-saqueta/5604260286058
43351,Bio pimentão doce moído,5604260307524,11292,10119,Embalagem de 40g,PorSi Bio,,"32,25€/Kg","1,29€",https://cdn.intermarche.pt/pt/Content/images/boitmal/produit/zoom/AE287BA48A24BB14ECA89580DB73FD01.jpg,,/product/bio-pimentao-doce-moido/5604260307524
43563,Tomilho em folhas,5604260303076,11723,105,Embalagem de 18g,PorSi,,"43,89€/Kg","0,79€",https://cdn.intermarche.pt/pt/Content/images/boitmal/produit/zoom/A9BE5D7DBC56161A2A9A74C7FF96163A.jpg,,/product/tomilho-em-folhas/5604260303076
1798,Caril frasco,5604260286140,11723,105,Embalagem 35G,PorSi,,"16,86€/Kg","0,59€",https://cdn.intermarche.pt/pt/Content/images/boitmal/produit/zoom/6B85605641AFAC86CE0E52759C2431E4.jpg,,/product/caril-frasco/5604260286140
22557,Caril madras forte,5601068906119,11723,105,Embalagem de 45g,Margão,,"66,44€/Kg","2,99€",https://cdn.intermarche.pt/pt/Content/images/boitmal/produit/zoom/69727B18CF783A58252BC66006E2888C.jpg,,/product/caril-madras-forte/5601068906119
40479,Salsa folhas,5604260300365,11723,105,Saqueta de 12 g,PorSi,,"39,17€/Kg","0,47€",https://cdn.intermarche.pt/pt/Content/images/boitmal/produit/zoom/EB59709E5A1FD9295141B3C781D0E0AB.jpg,,/product/salsa-folhas/5604260300365
40487,Açafrão das índias,5604260286171,11723,105,Frasco de 40 g,PorSi,,"14,75€/Kg","0,59€",https://cdn.intermarche.pt/pt/Content/images/boitmal/produit/zoom/B9F6FF50B74AC928C758C55226CB89F8.jpg,,/product/acafrao-das-indias/5604260286171
42581,Alecrim em folhas,5604260303687,11723,105,Embalagem de 25g,PorSi,,"39,60€/Kg","0,99€",https://cdn.intermarche.pt/pt/Content/images/boitmal/produit/zoom/D9952E2B6DACD79871CFD198C824B35A.jpg,,/product/alecrim-em-folhas/5604260303687
36778,Moinho 5 pimentas em grão,5604260286287,11723,105,Frasco com 40 g,PorSi,,"42,25€/Kg","1,69€",https://cdn.intermarche.pt/pt/Content/images/boitmal/produit/zoom/CB4BDC41F4794D0400EE1EE21DF2E88A.jpg,,/product/moinho-5-pimentas-em-grao/5604260286287
36779,Moinho pimenta preta em grão,5604260286270,11723,105,Frasco com 45 g,PorSi,,"37,56€/Kg","1,69€",https://cdn.intermarche.pt/pt/Content/images/boitmal/produit/zoom/915B3974EE39C52A939033D68A023A83.jpg,,/product/moinho-pimenta-preta-em-grao/5604260286270
43314,"Knorr 1, 2, 3...sabor! - Esparguete à Bolonhesa",8710604741835,11723,105,Embalagem de 38g,Knorr,,"41,84€/Kg","1,59€",https://cdn.intermarche.pt/pt/Content/images/boitmal/produit/zoom/1AD8F86949CA6A3C2AA0433AFAB790E1.jpg,,/product/knorr-1-2-3...sabor!-esparguete-a-bolonhesa/8710604741835
43342,Erva doce em grão,5604260302468,11723,105,Embalagem de 30g,PorSi,,"26,33€/Kg","0,79€",https://cdn.intermarche.pt/pt/Content/images/boitmal/produit/zoom/D1551D8292AAF9C4917A5861D608A7C8.jpg,,/product/erva-doce-em-grao/5604260302468
43375,Bio coentros moídos,5604260307432,11292,10119,Embalagem de 35g,PorSi Bio,,"34,00€/Kg","1,19€",https://cdn.intermarche.pt/pt/Content/images/boitmal/produit/zoom/464EAC5D394F1A29CC1D53B1CBD501D7.jpg,,/product/bio-coentros-moidos/5604260307432
43989,Orégãos em folhas,5604260286089,11723,105,Embalagem de 100g,PorSi,,"19,90€/Kg","1,99€",https://cdn.intermarche.pt/pt/Content/images/boitmal/produit/zoom/AF9ECF95F9F11141FDCDCCE7C0CCE5DC.jpg,,/product/oregaos-em-folhas/5604260286089
1081,Canela moída,5601063001345,11723,105,Embalagem de 39g,Margão,,"68,97€/Kg","2,69€",https://cdn.intermarche.pt/pt/Content/images/boitmal/produit/zoom/F7197BAE0158DF38711A9B0E7D9A4F20.jpg,,/product/canela-moida/5601063001345
1092,Anis estrelado,5601063011023,11723,105,Embalagem de 30g,Margão,,"133,00€/Kg","3,99€",https://cdn.intermarche.pt/pt/Content/images/boitmal/produit/zoom/B59545928A29913D1B6C0BE99B4CA106.jpg,,/product/anis-estrelado/5601063011023
1010,Caldo de galinha 24 cubos,5601038300091,11724,105,Embalagem de 240g,Knorr,,"10,38€/Kg","2,49€",https://cdn.intermarche.pt/pt/Content/images/boitmal/produit/zoom/4EAB67797AD4AB1D62B7E64BA0380D8B.jpg,,/product/caldo-de-galinha-24-cubos/5601038300091
40503,Caldo de marisco,5604260286447,11724,105,8 cubos,PorSi,,"8,13€/Kg","0,65€",https://cdn.intermarche.pt/pt/Content/images/boitmal/produit/zoom/930295D7DCDA2E8DA8345927B961BD27.jpg,,/product/caldo-de-marisco/5604260286447
1009,Caldo de galinha 8 cubos,5601038300077,11724,105,Embalagem de 80g,Knorr,,"28,63€/Kg","2,29€",https://cdn.intermarche.pt/pt/Content/images/boitmal/produit/zoom/D3644371C96943E641B6137A53588BE4.jpg,,/product/caldo-de-galinha-8-cubos/5601038300077
36913,8 Caldos de legumes,5604260286423,11724,105,Embalagem de 80 g,PorSi,,"8,63€/Kg","0,69€",https://cdn.intermarche.pt/pt/Content/images/boitmal/produit/zoom/FA20FE767A332E84046C2408BD8DAD15.jpg,,/product/8-caldos-de-legumes/5604260286423
433,Caldo p/ arroz  8 cubos,8722700086703,11724,105,Embalagem de 80g,Knorr,,"28,63€/Kg","2,29€",https://cdn.intermarche.pt/pt/Content/images/boitmal/produit/zoom/FF32635033F7FF74D39FC663DCC13FD6.jpg,,/product/caldo-p-ou-arroz-8-cubos/8722700086703
36912,12 Caldos de carne,5604260286393,11724,105,Embalagem de 127 g,PorSi,,"7,80€/Kg","0,99€",https://cdn.intermarche.pt/pt/Content/images/boitmal/produit/zoom/571B050C218CB0E9CE198AE25EE469EF.jpg,,/product/12-caldos-de-carne/5604260286393
997,Caldo de marisco 8 cubos,5601038009031,11724,105,Embalagem de 80g,Knorr,,"28,63€/Kg","2,29€",https://cdn.intermarche.pt/pt/Content/images/boitmal/produit/zoom/7EB49A106F03BC7951E5777A06AA1A09.jpg,,/product/caldo-de-marisco-8-cubos/5601038009031
996,Caldo de legumes 8 cubos,5601038005064,11724,105,Embalagem de 80g,Knorr,,"28,63€/Kg","2,29€",https://cdn.intermarche.pt/pt/Content/images/boitmal/produit/zoom/3606EB29BAB8193115549EA3C4464D95.jpg,,/product/caldo-de-legumes-8-cubos/5601038005064
14370,Molho cervejeira 8 cubos,8712100544132,11724,105,Embalagem de 70g,Knorr,,"31,81€/Kg","2,29€",https://cdn.intermarche.pt/pt/Content/images/boitmal/produit/zoom/99ABD2CC2FF171ED837495A26082E0AD.jpg,,/product/molho-cervejeira-8-cubos/8712100544132
36278,Caldo vitalie de carne,8717163793879,11724,105,Embalagem com 8 cubos,Knorr,,"31,13€/Kg","2,49€",https://cdn.intermarche.pt/pt/Content/images/boitmal/produit/zoom/444A6C7EAB6E7E4A4AECF40CE4C7F020.jpg,,/product/caldo-vitalie-de-carne/8717163793879
40504,Caldo de peixe,5604260286430,11724,105,8 cubos,PorSi,,"8,13€/Kg","0,65€",https://cdn.intermarche.pt/pt/Content/images/boitmal/produit/zoom/65413F22215DA756981E495DADDA5274.jpg,,/product/caldo-de-peixe/5604260286430
14473,Caldo carne 16 cubos,5601038001301,11724,105,Embalagem de 160g,Knorr,,"23,69€/Kg","3,79€",https://cdn.intermarche.pt/pt/Content/images/boitmal/produit/zoom/47278687788F816E34A61FB575E035EF.jpg,,/product/caldo-carne-16-cubos/5601038001301
14474,Caldo de galinha 16 cubos,5601038300084,11724,105,Embalagem de 160g,Knorr,,"23,69€/Kg","3,79€",https://cdn.intermarche.pt/pt/Content/images/boitmal/produit/zoom/B8FC6A464BA0F797BC45891501D0B036.jpg,,/product/caldo-de-galinha-16-cubos/5601038300084
994,Caldo de carne 24 cubos,5601038001400,11724,105,Embalagem de 240g,Knorr,,"10,38€/Kg","2,49€",https://cdn.intermarche.pt/pt/Content/images/boitmal/produit/zoom/68A4423296DD6413C068AA54F117A922.jpg,,/product/caldo-de-carne-24-cubos/5601038001400
53200,"Caldo Natura de Legumes, 4 x 28g",8722700263081,11724,105,,Knorr,,"16,52€/Kg","1,85€",https://cdn.intermarche.pt/pt/Content/images/boitmal/produit/zoom/1387C23926C431B6051D9CE2FC35A1ED.jpg,,/product/caldo-natura-de-legumes-4-x-28g/8722700263081
17477,Tempero alho & coentros - 8 cubos,8712100740435,11724,105,Embalagem de 70g,Knorr,,"34,58€/Kg","2,49€",https://cdn.intermarche.pt/pt/Content/images/boitmal/produit/zoom/10AEE20BE87AB9AFFD23A38D903ED927.jpg,,/product/tempero-alho-&-coentros-8-cubos/8712100740435
28202,"Caldo p/arroz, 24 cubos",8714100816165,11724,105,Embalagem de 240g,Knorr,,"10,38€/Kg","2,49€",https://cdn.intermarche.pt/pt/Content/images/boitmal/produit/zoom/24DF7D7A71C92600628C17CFFB852FB7.jpg,,/product/caldo-p-ou-arroz-24-cubos/8714100816165
52552,"Caldo de Peixe com Azeite Virgem Extra, 8 unidades",8720182626004,11724,105,,Knorr,,"31,13€/Kg","2,49€",https://cdn.intermarche.pt/pt/Content/images/boitmal/produit/zoom/F68FD2ADC0D48A7B895146A96025B51C.jpg,,/product/caldo-de-peixe-com-azeite-virgem-extra-8-unidades/8720182626004
6918,Caldo p/ bifes 8 cubos,8722700160809,11724,105,Embalagem de 80g,Knorr,,"28,63€/Kg","2,29€",https://cdn.intermarche.pt/pt/Content/images/boitmal/produit/zoom/B8899B0E110F0BD5E5915A686C9DC00D.jpg,,/product/caldo-p-ou-bifes-8-cubos/8722700160809
993,Caldo carne 8 cubos,5601038001202,11724,105,Embalagem de 80g,Knorr,,"28,63€/Kg","2,29€",https://cdn.intermarche.pt/pt/Content/images/boitmal/produit/zoom/615B13560D2513E3E81B8309C877006D.jpg,,/product/caldo-carne-8-cubos/5601038001202
36277,Caldo vitalie de galinha -30% de sal,8717163793862,11724,105,Embalagem com 8 cubos,Knorr,,"28,63€/Kg","2,29€",https://cdn.intermarche.pt/pt/Content/images/boitmal/produit/zoom/2CF475A4330E7B37027DEE814A81E09A.jpg,,/product/caldo-vitalie-de-galinha-30%25-de-sal/8717163793862
44688,Caldo sem sal galinha,8710522940914,11724,105,Embalagem de 72g,Knorr,,"33,19€/Kg","2,39€",https://cdn.intermarche.pt/pt/Content/images/boitmal/produit/zoom/31DB75D3B265A76C6F5D88EE0677C95C.jpg,,/product/caldo-sem-sal-galinha/8710522940914
51397,Caldo de Galinha com Azeite Virgem Extra Gallo 8 Cubos,8720182466181,11724,105,Embalagem de 80g,Knorr,,"31,13€/Kg","2,49€",https://cdn.intermarche.pt/pt/Content/images/boitmal/produit/zoom/E27205000FC371AE31641445CF45386C.jpg,,/product/caldo-de-galinha-com-azeite-virgem-extra-gallo-8-cubos/8720182466181
51928,Caldo de Cogumelos 6 Cubos,8720182516602,11724,105,Embalagem de 60g,Knorr,,"30,67€/Kg","1,84€",https://cdn.intermarche.pt/pt/Content/images/boitmal/produit/zoom/FDDAAD4DFD85338E5CDD0D50826E76E9.jpg,,/product/caldo-de-cogumelos-6-cubos/8720182516602
53201,"Caldo Natura de Galinha, 4 x 28g",8722700263951,11724,105,,Knorr,,"16,52€/Kg","1,85€",https://cdn.intermarche.pt/pt/Content/images/boitmal/produit/zoom/C44C71F673042B8702982DA004384E92.jpg,,/product/caldo-natura-de-galinha-4-x-28g/8722700263951
6916,Caldo p/ massas 8 cubos,8722700086697,11724,105,Embalagem de 80g,Knorr,,"28,63€/Kg","2,29€",https://cdn.intermarche.pt/pt/Content/images/boitmal/produit/zoom/2932F8736333D666D4B967623BFC0F24.jpg,,/product/caldo-p-ou-massas-8-cubos/8722700086697
40505,Caldo de galinha,5604260286386,11724,105,12 cubos,PorSi,,"7,80€/Kg","0,99€",https://cdn.intermarche.pt/pt/Content/images/boitmal/produit/zoom/5FCFC713E5C3015CCCA6BB9B89494ADE.jpg,,/product/caldo-de-galinha/5604260286386
47034,Caldo galinha receita económica,8714100827666,11724,105,Embalagem de 160g,Knorr,,"12,44€/Kg","1,99€",https://cdn.intermarche.pt/pt/Content/images/boitmal/produit/zoom/FCC811FE39A8A28856B8E3C623E0CC0C.jpg,,/product/caldo-galinha-receita-economica/8714100827666
17462,"Tempero alho, louro & pimentão - 8 cubos",8712100740664,11724,105,Embalagem de 70g,Knorr,,"34,58€/Kg","2,49€",https://cdn.intermarche.pt/pt/Content/images/boitmal/produit/zoom/DE865FB1EE0A96125D069CCDA96BD9A7.jpg,,/product/tempero-alho-louro-&-pimentao-8-cubos/8712100740664
995,Caldo de peixe 8 cubos,5601038002209,11724,105,Embalagem de 80g,Knorr,,"28,63€/Kg","2,29€",https://cdn.intermarche.pt/pt/Content/images/boitmal/produit/zoom/8336804FE27BBD6E8A58F2AFE1B9F4A7.jpg,,/product/caldo-de-peixe-8-cubos/5601038002209
40490,Sal cristal,5604260292967,11725,105,embalagem de 1 kg,PorSi,,"0,25€/Kg","0,25€",https://cdn.intermarche.pt/pt/Content/images/boitmal/produit/zoom/B0A2D20905846BB6FA89618D465D3E2B.jpg,2024-10-04T22:59:59.999Z,/product/sal-cristal/5604260292967
28566,Sal Himalaias Fino,5608394421668,11292,10119,1 Embalagem 500G,Origens Bio,,"2,78€/Kg","1,39€",https://cdn.intermarche.pt/pt/Content/images/boitmal/produit/zoom/A3E2018A03F5EBD66224DE8507AE186C.jpg,2024-09-25T22:59:59.999Z,/product/sal-himalaias-fino/5608394421668
1346,"Sal marinho, grosso. iodado",5601170164254,11725,105,Embalagem de 1 kg,Vatel,,"0,99€/Kg","0,99€",https://cdn.intermarche.pt/pt/Content/images/boitmal/produit/zoom/74A44B486EFEF003EC305251E06BB0D8.jpg,,/product/sal-marinho-grosso.-iodado/5601170164254
36920,Sal de mesa,5604260292974,11725,105,Embalagem de 250 g,PorSi,,"1,00€/Kg","0,25€",https://cdn.intermarche.pt/pt/Content/images/boitmal/produit/zoom/B70A9ED83A97EB0BF8DA3CD855CDDE89.jpg,,/product/sal-de-mesa/5604260292974
32614,Moinho sal rosa dos himalaias,5601066633369,11725,105,Embalagem de 90g,Margão,,"49,89€/Kg","4,49€",https://cdn.intermarche.pt/pt/Content/images/boitmal/produit/zoom/16115805F8DB10AE712B998E5A1A12B7.jpg,,/product/moinho-sal-rosa-dos-himalaias/5601066633369
1345,Sal marinho grosso,5601170163356,11725,105,Embalagem de 1 kg,Vatel,,"0,49€/Kg","0,49€",https://cdn.intermarche.pt/pt/Content/images/boitmal/produit/zoom/1AB4AD2BCF4E018FBB2BDA1FDE824EAD.jpg,,/product/sal-marinho-grosso/5601170163356
1344,"Sal de mesa para saleiro, fino",5601170162083,11725,105,Embalagem de 250 g,Vatel,,"1,96€/Kg","0,49€",https://cdn.intermarche.pt/pt/Content/images/boitmal/produit/zoom/A6B0E163D8E6894188BC13495582F149.jpg,,/product/sal-de-mesa-para-saleiro-fino/5601170162083
1347,Flôr de sal,5601170167743,11725,105,Embalagem de 180g,Vatel,,"11,06€/Kg","1,99€",https://cdn.intermarche.pt/pt/Content/images/boitmal/produit/zoom/AF7623683F1368091D8FED517B6D218E.jpg,,/product/flor-de-sal/5601170167743
16724,Sal marinho tradicional 1k,5601170167750,11725,105,Embalagem de 1 kg,Vatel,,"0,99€/Kg","0,99€",https://cdn.intermarche.pt/pt/Content/images/boitmal/produit/zoom/EA8756E91ACDEDE0CB23DE4C6A28333B.jpg,,/product/sal-marinho-tradicional-1k/5601170167750
25211,Sal fino equilíbrio 50%,5601170163592,11725,105,Embalagem de 250g,Vatel,,"7,96€/Kg","1,99€",https://cdn.intermarche.pt/pt/Content/images/boitmal/produit/zoom/33C8ECED3394AB648685B766C0DDE5D1.jpg,,/product/sal-fino-equilibrio-50%25/5601170163592
37901,Sal grosso -33% sódio,5601170167927,11725,105,Embalagem de 750 g,Vatel,,"3,32€/Kg","2,49€",https://cdn.intermarche.pt/pt/Content/images/boitmal/produit/zoom/8F179E97D9D77F9864FA02DEDA283043.jpg,,/product/sal-grosso-33%25-sodio/5601170167927
40068,"Sal tradicional de castro marim, 1 kg",5604321028122,11725,105,,Cemporcento,,"0,99€/Kg","0,99€",https://cdn.intermarche.pt/pt/Content/images/boitmal/produit/zoom/7BCDEF02C93D49FA91659CC070BDF7E4.jpg,,/product/sal-tradicional-de-castro-marim-1-kg/5604321028122
37743,Sal grosso tradicional,5605799151220,11725,105,Embalagem de 1 kg,Marnoto,,"0,89€/Kg","0,89€",https://cdn.intermarche.pt/pt/Content/images/boitmal/produit/zoom/829144BE6CD0209FAB7576D43C44599F.jpg,,/product/sal-grosso-tradicional/5605799151220
38387,Flor de sal marnoto,5605799250534,11725,105,Embalagem de 250g,Marnoto,,"7,16€/Kg","1,79€",https://cdn.intermarche.pt/pt/Content/images/boitmal/produit/zoom/25C0F1408E571C420589FB8D73EF3E81.jpg,,/product/flor-de-sal-marnoto/5605799250534
33398,Moinho sal branco mediterrâneo,5601066633345,11725,105,Embalagem de 90g,Margão,,"49,89€/Kg","4,49€",https://cdn.intermarche.pt/pt/Content/images/boitmal/produit/zoom/481F6D8ECE334D6E9F7803D1D723D039.jpg,,/product/moinho-sal-branco-mediterraneo/5601066633345
39342,Sal marinho salutem 1000g,5601557011683,11725,105,Embalagem de 1 kg,Salutem,,"0,99€/Kg","0,99€",https://cdn.intermarche.pt/pt/Content/images/boitmal/produit/zoom/5092911FD6F3B486F1FD7D2D1819D30E.jpg,,/product/sal-marinho-salutem-1000g/5601557011683
39406,Sal fino dos himalaias,5601170167897,11725,105,Embalagem de 500g,Vatel,,"4,38€/Kg","2,19€",https://cdn.intermarche.pt/pt/Content/images/boitmal/produit/zoom/3A5E93BE7D81979900D961F37B26EDD6.jpg,,/product/sal-fino-dos-himalaias/5601170167897
42623,Feijão preto,5604260301829,10242,10039,Embalagem de 500g,PorSi,,"1,98€/Kg","0,99€",https://cdn.intermarche.pt/pt/Content/images/boitmal/produit/zoom/A8D753952B93F7502283BF7ECF51B0B0.jpg,,/product/feijao-preto/5604260301829
42580,Feijão branco,5604260301676,10242,10039,Embalagem de 500g,PorSi,,"1,98€/Kg","0,99€",https://cdn.intermarche.pt/pt/Content/images/boitmal/produit/zoom/DC469937CE886A7D1FCFAE925CF4A80C.jpg,,/product/feijao-branco/5604260301676
42575,Feijão manteiga,5604260303694,10242,10039,Embalagem de 500g,PorSi,,"2,30€/Kg","1,15€",https://cdn.intermarche.pt/pt/Content/images/boitmal/produit/zoom/247FB8C55D7B956DB5136C14F5A222DF.jpg,,/product/feijao-manteiga/5604260303694
43857,Feijão encarnado,5604260301720,10242,10039,Embalagem 500G,PorSi,,"1,98€/Kg","0,99€",https://cdn.intermarche.pt/pt/Content/images/boitmal/produit/zoom/4488F19B9184E7D98C866D0141223A31.jpg,,/product/feijao-encarnado/5604260301720
42622,Feijao frade,5604260301768,10242,10039,Embalagem de 500g,PorSi,,"1,98€/Kg","0,99€",https://cdn.intermarche.pt/pt/Content/images/boitmal/produit/zoom/45741BB85A1217E06A4AB2450209027E.jpg,,/product/feijao-frade/5604260301768
1784,Feijão catarino,5604260301690,10242,10039,Embalagem 500G,PorSi,,"1,98€/Kg","0,99€",https://cdn.intermarche.pt/pt/Content/images/boitmal/produit/zoom/5F032A7EB2DC11A0366EC60363F7FC8C.jpg,,/product/feijao-catarino/5604260301690
5390,Feijão vermelho,5601255110145,10242,10039,Embalagem de 500 g,Caçarola,,"3,94€/Kg","1,97€",https://cdn.intermarche.pt/pt/Content/images/boitmal/produit/zoom/8F90909D5DBF33F56D61ACD9CC17AC41.jpg,,/product/feijao-vermelho/5601255110145
53178,"Feijão Preto, 1 kg",8410687201621,10242,10039,,Do Brasil,,"3,59€/Kg","3,59€",https://cdn.intermarche.pt/pt/Content/images/boitmal/produit/zoom/76B8A41D5F485CE90B34FAB3529D4DB2.jpg,,/product/feijao-preto-1-kg/8410687201621
5393,Feijão preto,5601255110176,10242,10039,Embalagem de 500 g,Caçarola,,"3,98€/Kg","1,99€",https://cdn.intermarche.pt/pt/Content/images/boitmal/produit/zoom/A8E9EA2042AEEFCAFBC3D35B5BCBFD09.jpg,,/product/feijao-preto/5601255110176
40513,Grão de bico,5604260301843,10243,10039,embalagem de 500 g,PorSi,,"1,98€/Kg","0,99€",https://cdn.intermarche.pt/pt/Content/images/boitmal/produit/zoom/A8DA4F1B9FD999751EBF22DB70A9B68E.jpg,,/product/grao-de-bico/5604260301843
41222,Quinoa branca,5604260307944,10456,10120,Embalagem de 200 g,PorSi Viva Bem,,"5,95€/Kg","1,19€",https://cdn.intermarche.pt/pt/Content/images/boitmal/produit/zoom/2B34A4676E735265944389F32CC75275.jpg,,/product/quinoa-branca/5604260307944
20025,Bagas de Cranberry Desidratadas,5604321027293,11817,10039,Embalagem de 125 g,Cemporcento,,"19,15€/Kg","2,49€",https://cdn.intermarche.pt/pt/Content/images/boitmal/produit/zoom/2F018AA07146FC879BDCDE356A297571.jpg,,/product/bagas-de-cranberry-desidratadas/5604321027293
48759,"Sementes de chia, 200g",5601557065334,11817,10039,,Salutem,,"13,45€/Kg","2,69€",https://cdn.intermarche.pt/pt/Content/images/boitmal/produit/zoom/D77E87E0B4FC8E63308A93E102C6FC5E.jpg,,/product/sementes-de-chia-200g/5601557065334
48761,"Mistura de sementes, 200g",5601557065327,11817,10039,,Salutem,,"7,95€/Kg","1,59€",https://cdn.intermarche.pt/pt/Content/images/boitmal/produit/zoom/4069399F6AC656604C08DE26A372D580.jpg,,/product/mistura-de-sementes-200g/5601557065327
20026,Bagas de Goji Desidratadas,5604321027156,11817,10039,Embalagem de 125 g,Cemporcento,,"21,46€/Kg","2,79€",https://cdn.intermarche.pt/pt/Content/images/boitmal/produit/zoom/0D99EB2B34F30C14AF38A072AFFA069C.jpg,,/product/bagas-de-goji-desidratadas/5604321027156
31410,"Sementes de papoila, 200g",5604321028061,11817,10039,,Cemporcento,,"9,45€/Kg","1,89€",https://cdn.intermarche.pt/pt/Content/images/boitmal/produit/zoom/AFDABE3B5F4379A52AEFF483F7D61E94.jpg,,/product/sementes-de-papoila-200g/5604321028061
48626,"Arandos, 150g",5601557065211,11817,10039,,Salutem,,"19,93€/Kg","2,99€",https://cdn.intermarche.pt/pt/Content/images/boitmal/produit/zoom/CB7501C4E3A322F0B938EA1810F670BC.jpg,,/product/arandos-150g/5601557065211
51262,"Quinoa vermelha, 250g",5601557058275,11817,10039,,Salutem,,"7,16€/Kg","1,79€",https://cdn.intermarche.pt/pt/Content/images/boitmal/produit/zoom/E9DD3D10D61B5451D2E1FB8BDE4B5FA7.jpg,,/product/quinoa-vermelha-250g/5601557058275
39177,Semente sesamo salutem,5601557047323,11817,10039,Embalagem de 150g,Salutem,,"9,93€/Kg","1,49€",https://cdn.intermarche.pt/pt/Content/images/boitmal/produit/zoom/CC42CFF4766C27F4161B0EDD2D2D65E8.jpg,,/product/semente-sesamo-salutem/5601557047323
50389,Cápsulas Café Sical Extra Creme Int. 7,8445290351401,10273,10043,Embalagem de 30 unidades,Nescafé,,"8,99€/Unidade","8,99€",https://cdn.intermarche.pt/pt/Content/images/boitmal/produit/zoom/D965C0B28E0B826E88C1C747AF626B8F.jpg,2024-10-04T22:59:59.999Z,/product/capsulas-cafe-sical-extra-creme-int.-7/8445290351401
48551,Cápsulas Café Buondi Int. 8,7613287300393,10273,10043,Embalagem de 209g,Nescafé,,"43,01€/Kg","8,99€",https://cdn.intermarche.pt/pt/Content/images/boitmal/produit/zoom/3C2972EF213A813C45BFB5F845259020.jpg,2024-10-04T22:59:59.999Z,/product/capsulas-cafe-buondi-int.-8/7613287300393
35542,Café em cápsulas dolce gusto ristreto intenso,7613036867405,10273,10043,Embalagem de 210g,Nescafé,,"47,57€/Kg","9,99€",https://cdn.intermarche.pt/pt/Content/images/boitmal/produit/zoom/267E125B7795F042AD3E2E89E4989A32.jpg,2024-10-04T22:59:59.999Z,/product/cafe-em-capsulas-dolce-gusto-ristreto-intenso/7613036867405
17892,Café xl qalidus cápsulas,5601082039800,10273,10043,Embalagem de 220g,Delta Q,,"68,14€/Kg","14,99€",https://cdn.intermarche.pt/pt/Content/images/boitmal/produit/zoom/366FA5D4E032D6F1950F570ABB5EB801.jpg,2024-10-04T22:59:59.999Z,/product/cafe-xl-qalidus-capsulas/5601082039800
49093,Cápsulas de Café Grand Qalidus,5601082049656,10273,10043,Embalagem com 80 cápsulas,Delta Q,,"56,80€/Kg","24,99€",https://cdn.intermarche.pt/pt/Content/images/boitmal/produit/zoom/8DEE7FD145D59AAEDF41BEFA511386BD.jpg,2024-10-04T22:59:59.999Z,/product/capsulas-de-cafe-grand-qalidus/5601082049656
46768,Café Qalidus XXL,5601082046068,10273,10043,Embalagem com 60 cápsulas,Delta Q,,"381,64€/Kg","20,99€",https://cdn.intermarche.pt/pt/Content/images/boitmal/produit/zoom/2FDABFD124B07CB91B7546AA7A8E4A79.jpg,2024-10-04T22:59:59.999Z,/product/cafe-qalidus-xxl/5601082046068
41447,Café mythiq,5601082047812,10273,10043,Embalagem com 40 cápsulas,Delta Q,,"14,99€/Unidade","14,99€",https://cdn.intermarche.pt/pt/Content/images/boitmal/produit/zoom/8B9EC0DC169048AF93D5FDC86ECCEBB0.jpg,2024-10-04T22:59:59.999Z,/product/cafe-mythiq/5601082047812
46499,Café em cápsulas Dolce Gusto Intenso,7613287399045,10273,10043,64 cápsulas,Nescafé,,"17,49€/Unidade","17,49€",https://cdn.intermarche.pt/pt/Content/images/boitmal/produit/zoom/29C93A54BC4D58288DD5756662274BB2.jpg,2024-09-25T22:59:59.999Z,/product/cafe-em-capsulas-dolce-gusto-intenso/7613287399045
47106,Café Espresso Buondi Intenso,7613287613806,10273,10043,16 cápsulas,Nescafé,,"7,22€/Kg","8,99€",https://cdn.intermarche.pt/pt/Content/images/boitmal/produit/zoom/E40A3E7241DABB11EAC194DA9AD5C029.jpg,2024-10-04T22:59:59.999Z,/product/cafe-espresso-buondi-intenso/7613287613806
50574,Cápsulas Café Aromático Int. 8,5604260323678,10273,10043,16 cápsulas,PorSi,,"3,99€/Unidade","3,99€",https://cdn.intermarche.pt/pt/Content/images/boitmal/produit/zoom/9FB4681CB324AB7FECBF00A15B030C53.jpg,,/product/capsulas-cafe-aromatico-int.-8/5604260323678
50576,Cápsulas Café Extra Forte Int. 12,5604260323692,10273,10043,16 cápsulas,PorSi,,"3,99€/Unidade","3,99€",https://cdn.intermarche.pt/pt/Content/images/boitmal/produit/zoom/E73E980DC4C71EF4A05B136B96AFA822.jpg,,/product/capsulas-cafe-extra-forte-int.-12/5604260323692
17893,Café xl qharacter cápsulas,5601082039817,10273,10043,40 Cápsulas,Delta Q,,"68,14€/Kg","14,99€",https://cdn.intermarche.pt/pt/Content/images/boitmal/produit/zoom/AE88A9B98D43407F51BB06087F668DC5.jpg,2024-10-04T22:59:59.999Z,/product/cafe-xl-qharacter-capsulas/5601082039817
36863,Café caramelo macchiato by dolce gusto,7613037564426,10273,10043,12 cápsulas,Starbucks,,"34,30€/Kg","4,39€",https://cdn.intermarche.pt/pt/Content/images/boitmal/produit/zoom/1A8A635C9230DA67B5959F1B62C5FEEB.jpg,2024-09-25T22:59:59.999Z,/product/cafe-caramelo-macchiato-by-dolce-gusto/7613037564426
42084,Café Qharacter XXL,5601082045160,10273,10043,Embalagem com 60 cápsulas,Delta Q,,"381,64€/Kg","20,99€",https://cdn.intermarche.pt/pt/Content/images/boitmal/produit/zoom/853D58184E9753F7F325FC07D8B7016C.jpg,2024-10-04T22:59:59.999Z,/product/cafe-qharacter-xxl/5601082045160
22886,Café em Cápsulas Várias Intensidades,5601082040905,10273,10043,40 Cápsulas,Delta Q,,"68,45€/Kg","14,99€",https://cdn.intermarche.pt/pt/Content/images/boitmal/produit/zoom/2A0B747997ADACA3A0413EC232C6ECEB.jpg,2024-10-04T22:59:59.999Z,/product/cafe-em-capsulas-varias-intensidades/5601082040905
41819,Café XL Deqafeinatus intensidade 1,5601082047737,10273,10043,40 cápsulas,Delta Q,,"14,99€/Unidade","14,99€",https://cdn.intermarche.pt/pt/Content/images/boitmal/produit/zoom/705993EC4BA1EBFC96981215A35D276B.jpg,2024-10-04T22:59:59.999Z,/product/cafe-xl-deqafeinatus-intensidade-1/5601082047737
50577,Cápsulas Café Intenso Int. 9,5604260323708,10273,10043,16 cápsulas,PorSi,,"3,99€/Unidade","3,99€",https://cdn.intermarche.pt/pt/Content/images/boitmal/produit/zoom/9FCA559EC901E79FE2F9D179D87C8010.jpg,,/product/capsulas-cafe-intenso-int.-9/5604260323708
1149,Pastilhas de Café Platinum,5601082035024,10273,10043,Embalagem de 110g,Delta,,"29,38€/Kg","3,29€",https://cdn.intermarche.pt/pt/Content/images/boitmal/produit/zoom/A417A3AA61BED026F458D112C5859552.jpg,2024-09-25T22:59:59.999Z,/product/pastilhas-de-cafe-platinum/5601082035024
1150,Pastilhas café lote chávena,5601082035062,10273,10043,Embalagem de 110g,Delta,,"26,70€/Kg","2,99€",https://cdn.intermarche.pt/pt/Content/images/boitmal/produit/zoom/CCE7CD8C1D78756835CBA095C82F61D1.jpg,2024-09-25T22:59:59.999Z,/product/pastilhas-cafe-lote-chavena/5601082035062
50575,Cápsulas Café Descafeinado Int. 7,5604260323685,10273,10043,16 cápsulas,PorSi,,"3,99€/Unidade","3,99€",https://cdn.intermarche.pt/pt/Content/images/boitmal/produit/zoom/19B4B8E516706D04E0604C435AB5A196.jpg,,/product/capsulas-cafe-descafeinado-int.-7/5604260323685
50578,Cápsulas Café Ristretto Int. 10,5604260323715,10273,10043,16 cápsulas,PorSi,,"3,99€/Unidade","3,99€",https://cdn.intermarche.pt/pt/Content/images/boitmal/produit/zoom/2BC84B240A3436EA3084B9111552C5D1.jpg,,/product/capsulas-cafe-ristretto-int.-10/5604260323715
50579,Cápsulas Café Etiópia Int. 6,5604260323722,10273,10043,16 cápsulas,PorSi,,"3,99€/Unidade","3,99€",https://cdn.intermarche.pt/pt/Content/images/boitmal/produit/zoom/B480034D81D1D51F1B3812F985047458.jpg,,/product/capsulas-cafe-etiopia-int.-6/5604260323722
49460,Café Buondi Intensidade 8,7613287300362,10273,10043,16 cápsulas,Nescafé,,"60,51€/Kg","5,99€",https://cdn.intermarche.pt/pt/Content/images/boitmal/produit/zoom/80D095BD8937186A634C0603F93E6D9A.jpg,,/product/cafe-buondi-intensidade-8/7613287300362
47678,Café Splendido,5604260319572,10273,10043,16 cápsulas,PorSi,,"35,94€/Kg","3,45€",https://cdn.intermarche.pt/pt/Content/images/boitmal/produit/zoom/BA3A69DD6B7FC1307C458A6F1470E79E.jpg,,/product/cafe-splendido/5604260319572
50377,Dolce gusto sical espresso cafés,8445290351357,10273,10043,Embalagem de 16 unidades,Nescafé,,"5,99€/Unidade","5,99€",https://cdn.intermarche.pt/pt/Content/images/boitmal/produit/zoom/59ABD0BE756D706CBAA91B3DBDD3A34A.jpg,,/product/dolce-gusto-sical-espresso-cafes/8445290351357
53215,"Café Cápsulas Dolce Gusto Buondi, 48 unidades",7613287300423,10273,10043,,Nescafé,,"13,99€/Unidade","13,99€",https://cdn.intermarche.pt/pt/Content/images/boitmal/produit/zoom/8D8B92EE92A77C536C79B5FADFE86C51.jpg,,/product/cafe-capsulas-dolce-gusto-buondi-48-unidades/7613287300423
1141,Cápsulas de café qharacter,5601082026930,10273,10043,Embalagem de 60g,Delta Q,,"70,73€/Kg","3,89€",https://cdn.intermarche.pt/pt/Content/images/boitmal/produit/zoom/1A71F3C4A9EBBD2C86D1F4FAB26D9C96.jpg,,/product/capsulas-de-cafe-qharacter/5601082026930
16933,Café em cápsulas fortíssimo,5604260277292,10273,10043,Embalagem de 55g,PorSi,,"34,36€/Kg","1,89€",https://cdn.intermarche.pt/pt/Content/images/boitmal/produit/zoom/D2685B35A81DF08A80F802272D6D4C46.jpg,,/product/cafe-em-capsulas-fortissimo/5604260277292
47934,Café Espresso Vellutato intensidade 7,5604260319565,10273,10043,16 cápsulas,PorSi,,"35,94€/Kg","3,45€",https://cdn.intermarche.pt/pt/Content/images/boitmal/produit/zoom/55CCF612142A42C8831C49805F97F920.jpg,,/product/cafe-espresso-vellutato-intensidade-7/5604260319565
46805,Nespresso extreme 10 capsulas,7613287514455,10273,10043,Embalagem de 56g,Buondi,,"71,25€/Kg","3,99€",https://cdn.intermarche.pt/pt/Content/images/boitmal/produit/zoom/9339D9B3ED045C53B3FC11EA40E3EB03.jpg,,/product/nespresso-extreme-10-capsulas/7613287514455
46930,Café Clássico,5604260319541,10273,10043,10 cápsulas,PorSi,,"29,83€/Kg","1,79€",https://cdn.intermarche.pt/pt/Content/images/boitmal/produit/zoom/F37D6A4A162E6694E58205442D460710.jpg,,/product/cafe-classico/5604260319541
28609,Café em cápsulas ristreto,5604260282951,10273,10043,Embalagem de 55g,PorSi,,"34,36€/Kg","1,89€",https://cdn.intermarche.pt/pt/Content/images/boitmal/produit/zoom/98A2B27B97561600F2789C49300E14CC.jpg,,/product/cafe-em-capsulas-ristreto/5604260282951
2281,Café em Cápsulas veneza,5604260270118,10273,10043,10 Unidades,PorSi,,"34,36€/Kg","1,89€",https://cdn.intermarche.pt/pt/Content/images/boitmal/produit/zoom/D116B291766A226D4C93852C6F88B818.jpg,,/product/cafe-em-capsulas-veneza/5604260270118
1146,Café em cápsulas deqafeitatus,5601082027029,10273,10043,Embalagem de 55 g,Delta Q,,"70,73€/Kg","3,89€",https://cdn.intermarche.pt/pt/Content/images/boitmal/produit/zoom/28C52B3A2B5D6D42C3DE921BCC460F79.jpg,,/product/cafe-em-capsulas-deqafeitatus/5601082027029
47933,Café espresso descafeinado intensidade 6,5604260319558,10273,10043,16 cápsulas,PorSi,,"35,94€/Kg","3,45€",https://cdn.intermarche.pt/pt/Content/images/boitmal/produit/zoom/B8D4D6C7D6734C126E687F8A2E04B243.jpg,,/product/cafe-espresso-descafeinado-intensidade-6/5604260319558
48088,Café baunilha,5604260322862,10273,10043,10 cápsulas,PorSi Select,,"1,99€/Unidade","1,99€",https://cdn.intermarche.pt/pt/Content/images/boitmal/produit/zoom/A3EA8A87F9B3293A39291C6A61054384.jpg,,/product/cafe-baunilha/5604260322862
49967,Descafeinado,8445290094995,10273,10043,10 cápsulas,Buondi,,"7,25€/Kg","3,99€",https://cdn.intermarche.pt/pt/Content/images/boitmal/produit/zoom/1DC297A696A9FE1D9427A921FE3DC122.jpg,,/product/descafeinado/8445290094995
36498,Café em cápsulas dolce gusto barista,7613036830119,10273,10043,Embalagem de 30 Cápsulas,Nescafé,,"47,57€/Kg","9,99€",https://cdn.intermarche.pt/pt/Content/images/boitmal/produit/zoom/8337972527E31E54B905C8FB22152420.jpg,,/product/cafe-em-capsulas-dolce-gusto-barista/7613036830119
38154,Café incorporado,7630054495090,10273,10043,10 cápsulas,Buondi,,"7,25€/Kg","3,99€",https://cdn.intermarche.pt/pt/Content/images/boitmal/produit/zoom/6C3BDD97B157EDB44704BBAE2E1D1B94.jpg,,/product/cafe-incorporado/7630054495090
48089,Café caramelo,5604260322879,10273,10043,10 cápsulas,PorSi Select,,"1,99€/Unidade","1,99€",https://cdn.intermarche.pt/pt/Content/images/boitmal/produit/zoom/5EB9744E1AA2698C44342EE3F6BAB754.jpg,,/product/cafe-caramelo/5604260322879
1135,Café torrado lote chávena máquina,5601082022758,11058,10043,Embalagem de 250g,Delta,,"15,56€/Kg","3,89€",https://cdn.intermarche.pt/pt/Content/images/boitmal/produit/zoom/CD7C2612036EC6C8F8AE6969B5FDE5AD.jpg,2024-09-25T22:59:59.999Z,/product/cafe-torrado-lote-chavena-maquina/5601082022758
43357,Café moagem fina bio,5604260311675,11058,10043,Embalagem de 250g,PorSi Bio,,"10,36€/Kg","2,59€",https://cdn.intermarche.pt/pt/Content/images/boitmal/produit/zoom/24375F6E479944D29A44B353C57E6DA4.jpg,,/product/cafe-moagem-fina-bio/5604260311675
1136,Café torrado lote chávena saco,5601082022765,11058,10043,Embalagem de 250g,Delta,,"16,36€/Kg","4,09€",https://cdn.intermarche.pt/pt/Content/images/boitmal/produit/zoom/0AEF7D0EDAE9B582F5CDCC0D6F5BEB93.jpg,2024-09-25T22:59:59.999Z,/product/cafe-torrado-lote-chavena-saco/5601082022765
1223,Café lote bocage grão,5601132102010,11058,10043,Embalagem de 1 kg,Nicola,,"13,99€/Kg","13,99€",https://cdn.intermarche.pt/pt/Content/images/boitmal/produit/zoom/3227F06BBED646DD357CFEF2E851CA62.jpg,2024-09-25T22:59:59.999Z,/product/cafe-lote-bocage-grao/5601132102010
17896,Café moagem universal portugal,5601082053523,11058,10043,Embalagem de 220g,Delta,,"15,86€/Kg","3,49€",https://cdn.intermarche.pt/pt/Content/images/boitmal/produit/zoom/550F7F2DF6E74FCA3A77E943FC22A56F.jpg,,/product/cafe-moagem-universal-portugal/5601082053523
26061,Café moagem universal angola,5601082041735,11058,10043,Embalagem de 220g,Delta,,"15,86€/Kg","3,49€",https://cdn.intermarche.pt/pt/Content/images/boitmal/produit/zoom/1C642C260D3CFB58C5169AA62CAB8A78.jpg,,/product/cafe-moagem-universal-angola/5601082041735
26062,Café moagem universal timor,5601082041742,11058,10043,Embalagem de 220g,Delta,,"20,41€/Kg","4,49€",https://cdn.intermarche.pt/pt/Content/images/boitmal/produit/zoom/ADF6DAB3E877271F201912BF13D8C4E0.jpg,,/product/cafe-moagem-universal-timor/5601082041742
41820,Café torrado em grão,5604260304271,11058,10043,Embalagem de 1 kg,PorSi,,"7,69€/Kg","7,69€",https://cdn.intermarche.pt/pt/Content/images/boitmal/produit/zoom/C7A8696B1196CAA5129548257FFB28A3.jpg,,/product/cafe-torrado-em-grao/5604260304271
42236,Café lote normal moagem grossa,5604260304288,11058,10043,Embalagem de 250 g,PorSi,,"9,00€/Kg","2,25€",https://cdn.intermarche.pt/pt/Content/images/boitmal/produit/zoom/361A07B27E372AB66E32300DC053C535.jpg,,/product/cafe-lote-normal-moagem-grossa/5604260304288
19539,Café 5 estrelas moído tradição,7613035610156,11058,10043,Embalagem de 250g,Sical,,"15,96€/Kg","3,99€",https://cdn.intermarche.pt/pt/Content/images/boitmal/produit/zoom/05F298B6158A264F26FCA1105F30811A.jpg,,/product/cafe-5-estrelas-moido-tradicao/7613035610156
32610,Buondi extreme cafe moido 12x200g,7613036550338,11058,10043,Embalagem de 200g,Buondi,,"15,65€/Kg","3,13€",https://cdn.intermarche.pt/pt/Content/images/boitmal/produit/zoom/FEECD25A62D241EF29290C5104BF6142.jpg,,/product/buondi-extreme-cafe-moido-12x200g/7613036550338
1137,Café em grão,5601082022772,11058,10043,Embalagem de 1 kg,Delta,,"15,99€/Kg","15,99€",https://cdn.intermarche.pt/pt/Content/images/boitmal/produit/zoom/1A29F3AC0726E8DF8EBFAD72C38FB835.jpg,,/product/cafe-em-grao/5601082022772
1215,Café torrado 5 estrelas moagem normal,5601126039032,11058,10043,Embalagem de 250g,Sical,,"17,16€/Kg","4,29€",https://cdn.intermarche.pt/pt/Content/images/boitmal/produit/zoom/53250BE594F88BF87B80694DFC3412C1.jpg,,/product/cafe-torrado-5-estrelas-moagem-normal/5601126039032
26063,Café moagem universal brasil,5601082041711,11058,10043,Embalagem de 220g,Delta,,"20,41€/Kg","4,49€",https://cdn.intermarche.pt/pt/Content/images/boitmal/produit/zoom/A0317A79C7D706D279E5085A69D392C6.jpg,,/product/cafe-moagem-universal-brasil/5601082041711
42578,Café descafeinado,5604260304301,11058,10043,Embalagem de 250g,PorSi,,"8,76€/Kg","2,19€",https://cdn.intermarche.pt/pt/Content/images/boitmal/produit/zoom/5C0A671CF03CC331EF2AB5FA7639AE45.jpg,,/product/cafe-descafeinado/5604260304301
43358,Café moagem grossa bio,5604260311682,11058,10043,Embalagem de 250g,PorSi Bio,,"11,96€/Kg","2,99€",https://cdn.intermarche.pt/pt/Content/images/boitmal/produit/zoom/5B1CBCCD5A0DF267336B1A501DCB0BA9.jpg,,/product/cafe-moagem-grossa-bio/5604260311682
15797,Café moagem normal: intenso,7613034750419,11058,10043,Embalagem de 220g,Buondi,,"20,41€/Kg","4,49€",https://cdn.intermarche.pt/pt/Content/images/boitmal/produit/zoom/9C13C80E504CB58316C5B56E2336173D.jpg,,/product/cafe-moagem-normal:-intenso/7613034750419
40878,"Delta decaf. mu cx 3,520 kg - café torrado moído descafeinado",5601082046549,11058,10043,Embalagem de 220g,Delta,,"24,95€/Kg","5,49€",https://cdn.intermarche.pt/pt/Content/images/boitmal/produit/zoom/9D057294F1E3330F11C76999BE9DE398.jpg,,/product/delta-decaf.-mu-cx-3520-kg-cafe-torrado-moido-descafeinado/5601082046549
43502,"Café Moagem Universal Honduras, 220g",5604260309764,11058,10043,,PorSi,,"13,59€/Kg","2,99€",https://cdn.intermarche.pt/pt/Content/images/boitmal/produit/zoom/7272E80B2B94CFD49FFD5B86623DA8C4.jpg,,/product/cafe-moagem-universal-honduras-220g/5604260309764
1218,Café 5 estrelas grão,5601126039148,11058,10043,Embalagem de 1 kg,Sical,,"15,99€/Kg","15,99€",https://cdn.intermarche.pt/pt/Content/images/boitmal/produit/zoom/6A2BA41BEBC17E5544346A0E014389C4.jpg,,/product/cafe-5-estrelas-grao/5601126039148
1139,"Café em grão, lote superior",5601082023496,11058,10043,Embalagem de 1 kg,Delta,,"18,99€/Kg","18,99€",https://cdn.intermarche.pt/pt/Content/images/boitmal/produit/zoom/BCBF3FFF994A2BB60F5BC4FEC263ED3E.jpg,,/product/cafe-em-grao-lote-superior/5601082023496
1216,Café em grão 5 estrelas,5601126039049,11058,10043,Embalagem de 250g,Sical,,"17,16€/Kg","4,29€",https://cdn.intermarche.pt/pt/Content/images/boitmal/produit/zoom/C7CD6EEE660CA6F90751B2AA9094C58C.jpg,,/product/cafe-em-grao-5-estrelas/5601126039049
46152,Café moído torrado aroma bellissimo,5601082049946,11058,10043,Embalagem de 200g,Belissimo,,"18,95€/Kg","3,79€",https://cdn.intermarche.pt/pt/Content/images/boitmal/produit/zoom/75AC58DF1E2F97101B73F3E3D8545513.jpg,,/product/cafe-moido-torrado-aroma-bellissimo/5601082049946
46153,Café moído torrado aroma originale,5601082049939,11058,10043,Embalagem de 200g,Belissimo,,"18,95€/Kg","3,79€",https://cdn.intermarche.pt/pt/Content/images/boitmal/produit/zoom/DCD7EFF47748EB9D85D37E0EFF05F879.jpg,,/product/cafe-moido-torrado-aroma-originale/5601082049939
51365,Buondi cafés,8445290618603,11058,10043,Embalagem de 200g,Buondi,,"22,45€/Kg","4,49€",https://cdn.intermarche.pt/pt/Content/images/boitmal/produit/zoom/4CC4509C7873873AF64518BF137E9FF6.jpg,,/product/buondi-cafes/8445290618603
1217,Café torrado 5 estrelas moagem grossa,5601126039056,11058,10043,Embalagem de 250g,Sical,,"17,16€/Kg","4,29€",https://cdn.intermarche.pt/pt/Content/images/boitmal/produit/zoom/45DAD35B4E214AED1BADB1E9B19B2BCE.jpg,,/product/cafe-torrado-5-estrelas-moagem-grossa/5601126039056
14629,Café moagem normal: original,7613034750433,11058,10043,Embalagem de 220g,Buondi,,"20,41€/Kg","4,49€",https://cdn.intermarche.pt/pt/Content/images/boitmal/produit/zoom/BA101DA897E67F31EBB715E69813F473.jpg,,/product/cafe-moagem-normal:-original/7613034750433
44978,Café torrado em grão,5604260304264,11058,10043,250 g,PorSi,,"9,00€/Kg","2,25€",https://cdn.intermarche.pt/pt/Content/images/boitmal/produit/zoom/1E16568E67DA2CC0F022221A09F5CCCA.jpg,,/product/cafe-torrado-em-grao/5604260304264
46935,"Café torrado moído masaka, 220g",7613037051575,11058,10043,,Sical,,"21,77€/Kg","4,79€",https://cdn.intermarche.pt/pt/Content/images/boitmal/produit/zoom/40483AB6589A7BBEA237879C4578E72B.jpg,,/product/cafe-torrado-moido-masaka-220g/7613037051575
50601,Café Moagem Universal Ritual,5601082053561,11058,10043,Embalagem de 220g,Delta,,"16,77€/Kg","3,69€",https://cdn.intermarche.pt/pt/Content/images/boitmal/produit/zoom/E01A2CE0ACBD1FF31BFEBD57BF4F2AE8.jpg,,/product/cafe-moagem-universal-ritual/5601082053561
53151,"Café Torrado e Moído Tradicional, 250g",7896089012637,11058,10043,,Pilão,,"17,96€/Kg","4,49€",https://cdn.intermarche.pt/pt/Content/images/boitmal/produit/zoom/345B8ACDEF504E04897D74CD1E9F4DD9.jpg,,/product/cafe-torrado-e-moido-tradicional-250g/7896089012637
43501,"Café Moagem Universal do Brasil, 220g",5604260309757,11058,10043,,PorSi,,"13,59€/Kg","2,99€",https://cdn.intermarche.pt/pt/Content/images/boitmal/produit/zoom/1797698044F63DA8110BBF5893CA9D76.jpg,,/product/cafe-moagem-universal-do-brasil-220g/5604260309757
15997,Café solúvel clássico,5601001003769,10271,10043,Embalagem de 200g,Nescafé,,"33,70€/Kg","6,74€",https://cdn.intermarche.pt/pt/Content/images/boitmal/produit/zoom/DD7727DB415CF8C2EED3E262EA39C260.jpg,2024-09-25T22:59:59.999Z,/product/cafe-soluvel-classico/5601001003769
32542,Café solúvel + cereais,5609060007087,10271,10043,Embalagem de 200 g,Delta,,"17,45€/Kg","3,49€",https://cdn.intermarche.pt/pt/Content/images/boitmal/produit/zoom/71017D6AD31C4FAB5A8BF8D255A8BF79.jpg,2024-09-25T22:59:59.999Z,/product/cafe-soluvel-+-cereais/5609060007087
52044,"Café Solúvel Gold Refill, 150g",8445290674128,10271,10043,,Nescafé,,"39,67€/Kg","5,95€",https://cdn.intermarche.pt/pt/Content/images/boitmal/produit/zoom/11DCFD0D51DE18082202223890FB46B6.jpg,2024-09-25T22:59:59.999Z,/product/cafe-soluvel-gold-refill-150g/8445290674128
52043,"Cafe Solúvel Classico Refill, 150g",8445290681416,10271,10043,,Nescafé,,"27,93€/Kg","4,19€",https://cdn.intermarche.pt/pt/Content/images/boitmal/produit/zoom/71759BAD7FCC8E73F25C61D6A4E86F51.jpg,2024-09-25T22:59:59.999Z,/product/cafe-soluvel-classico-refill-150g/8445290681416
40672,Café solúvel intenso,5609060095992,10271,10043,Embalagem de 100g,Delta,,"47,90€/Kg","4,79€",https://cdn.intermarche.pt/pt/Content/images/boitmal/produit/zoom/7A1F952E00FD0E204E53DBCD3FAC4315.jpg,,/product/cafe-soluvel-intenso/5609060095992
2190,Café solúvel c/ cafeína,5604260264650,10271,10043,Embalagem de 100g,PorSi,,"20,90€/Kg","2,09€",https://cdn.intermarche.pt/pt/Content/images/boitmal/produit/zoom/93BFE46618BB57E2181EC2AD5423236E.jpg,,/product/cafe-soluvel-c-ou-cafeina/5604260264650
40673,Café solúvel creme,5609060095695,10271,10043,Embalagem de 80 g,Delta,,"56,13€/Kg","4,49€",https://cdn.intermarche.pt/pt/Content/images/boitmal/produit/zoom/E86B51132FFE0A62D8E5E423B75B1EF3.jpg,,/product/cafe-soluvel-creme/5609060095695
1134,Café com cafeina solúvel,5601082005324,10271,10043,Embalagem de 20g,Delta,,"89,50€/Kg","1,79€",https://cdn.intermarche.pt/pt/Content/images/boitmal/produit/zoom/A1B99E99D419E998690DA5572372FC60.jpg,,/product/cafe-com-cafeina-soluvel/5601082005324
15800,Cappuccino intenso,7613035078369,10271,10043,Embalagem de 130g,Nescafé,,"31,92€/Kg","3,99€",https://cdn.intermarche.pt/pt/Content/images/boitmal/produit/zoom/4A8D0C0803F0151C7B0ED9ADA911E25B.jpg,,/product/cappuccino-intenso/7613035078369
18501,Cafe soluvel c/c 200g,5609060006615,10271,10043,Embalagem de 200g,Delta,,"44,45€/Kg","8,89€",https://cdn.intermarche.pt/pt/Content/images/boitmal/produit/zoom/6CFBA67E640620138B0905FB9C2B24DE.jpg,,/product/cafe-soluvel-c-ou-c-200g/5609060006615
942,Café solúvel gold,5601001324109,10271,10043,Embalagem de 100g,Nescafé,,"69,90€/Kg","6,99€",https://cdn.intermarche.pt/pt/Content/images/boitmal/produit/zoom/D2208D6FAF47450CD5F51F6C5577F9FD.jpg,,/product/cafe-soluvel-gold/5601001324109
940,Café solúvel nescafé,5601001322402,10271,10043,Embalagem de 20g,Nescafé,,"99,50€/Kg","1,99€",https://cdn.intermarche.pt/pt/Content/images/boitmal/produit/zoom/0F212944843A52390E68B12CB14B3980.jpg,,/product/cafe-soluvel-nescafe/5601001322402
941,Café solúvel,5601001322808,10271,10043,Embalagem de 100g,Nescafé,,"49,90€/Kg","4,99€",https://cdn.intermarche.pt/pt/Content/images/boitmal/produit/zoom/60C0C99B7DDDE569E73B19209673ED55.jpg,,/product/cafe-soluvel/5601001322808
2189,Café solúvel gold,5604260264643,10271,10043,Embalagem 100G,PorSi Select,,"28,90€/Kg","2,89€",https://cdn.intermarche.pt/pt/Content/images/boitmal/produit/zoom/960598E96347BE0458DA957738EEDF19.jpg,,/product/cafe-soluvel-gold/5604260264643
2198,Cappucinno,5604260264742,10271,10043,Embalagem de 125 g,PorSi,,"17,52€/Kg","2,19€",https://cdn.intermarche.pt/pt/Content/images/boitmal/produit/zoom/350674A66C0F40AF84864AC3C3C4645D.jpg,,/product/cappucinno/5604260264742
2415,Café solúvel c/ cafeína,5609060006608,10271,10043,Embalagem de 100g,Delta,,"47,90€/Kg","4,79€",https://cdn.intermarche.pt/pt/Content/images/boitmal/produit/zoom/4E36A2E9AF2A6A6888AB89D7619B5CC5.jpg,,/product/cafe-soluvel-c-ou-cafeina/5609060006608
14373,Café solúvel creme,7613034584236,10271,10043,Embalagem de 100g,Nescafé,,"49,90€/Kg","4,99€",https://cdn.intermarche.pt/pt/Content/images/boitmal/produit/zoom/48199761533FB8DB6A796A993ABA4535.jpg,,/product/cafe-soluvel-creme/7613034584236
35616,Descafeinado,7613037043914,10271,10043,Embalagem de 100 g,Nestlé,,"52,90€/Kg","5,29€",https://cdn.intermarche.pt/pt/Content/images/boitmal/produit/zoom/0A2B761D74FBF68CCC420D8C812D4DA5.jpg,,/product/descafeinado/7613037043914
4971,Café solúvel sem cafeína,5601001326103,10271,10043,Embalagem de 20g,Nescafé,,"104,50€/Kg","2,09€",https://cdn.intermarche.pt/pt/Content/images/boitmal/produit/zoom/E66270B97DA870DD88669993A342194B.jpg,,/product/cafe-soluvel-sem-cafeina/5601001326103
48711,Delta solúvel intenso,5609060339256,10271,10043,Embalagem de 200g,Delta,,"44,45€/Kg","8,89€",https://cdn.intermarche.pt/pt/Content/images/boitmal/produit/zoom/1CE3F6AE0B9ACC7B0F95BDBF6D6E0D0F.jpg,,/product/delta-soluvel-intenso/5609060339256
2188,Café solúvel descafeinado,5604260264636,10271,10043,Embalagem de 100G,PorSi,,"25,50€/Kg","2,55€",https://cdn.intermarche.pt/pt/Content/images/boitmal/produit/zoom/9A0E48C6702B1511F5026865DA39B60B.jpg,,/product/cafe-soluvel-descafeinado/5604260264636
43113,Cappuccino Café Solúvel Descafeinado,3033710075652,10271,10043,Embalagem de 125g | 10 Saquetas,Nescafé,,"31,92€/Kg","3,99€",https://cdn.intermarche.pt/pt/Content/images/boitmal/produit/zoom/A407516AA35D086D9FC17DFA6C03BA04.jpg,,/product/cappuccino-cafe-soluvel-descafeinado/3033710075652
17152,Café c/ cafeína intenso,7613035082229,10271,10043,Embalagem de 100g,Nescafé,,"49,90€/Kg","4,99€",https://cdn.intermarche.pt/pt/Content/images/boitmal/produit/zoom/2C90AC924E53016C85F7A70B361C8807.jpg,,/product/cafe-c-ou-cafeina-intenso/7613035082229
2756,Café solúvel viena,8410100021942,10271,10043,Embalagem de 140g,Nescafé,,"28,50€/Kg","3,99€",https://cdn.intermarche.pt/pt/Content/images/boitmal/produit/zoom/6A816D4EEB30009F5881BAC222D23B47.jpg,,/product/cafe-soluvel-viena/8410100021942
33563,Cevada solúvel,5609060007070,11057,10043,Embalagem de 200 g,Delta,,"11,45€/Kg","2,29€",https://cdn.intermarche.pt/pt/Content/images/boitmal/produit/zoom/FCB4ACE0A99B76EEACA4812C330BEF0D.jpg,2024-09-25T22:59:59.999Z,/product/cevada-soluvel/5609060007070
939,Mistura solúvel tofina despertar,5601001315107,11057,10043,Embalagem de 200g,Nestlé,,"14,20€/Kg","2,84€",https://cdn.intermarche.pt/pt/Content/images/boitmal/produit/zoom/5CE6D55625AEDC805A15D1C134965D0D.jpg,2024-10-04T22:59:59.999Z,/product/mistura-soluvel-tofina-despertar/5601001315107
944,Mistura solúvel mokambo,5601001339301,11057,10043,Embalagem de 200g,Nestlé,,"19,95€/Kg","3,99€",https://cdn.intermarche.pt/pt/Content/images/boitmal/produit/zoom/A8F3A8EB08BBF4181F15A95334F151A2.jpg,2024-10-04T22:59:59.999Z,/product/mistura-soluvel-mokambo/5601001339301
19664,Bebida de cereais e café mokambo intenso,7613035655782,11057,10043,Embalagem de 180g,Nestlé,,"22,80€/Kg","3,99€",https://cdn.intermarche.pt/pt/Content/images/boitmal/produit/zoom/A3CA615261CEC919CFE62FBBDABF420F.jpg,2024-10-04T22:59:59.999Z,/product/bebida-de-cereais-e-cafe-mokambo-intenso/7613035655782
30891,Bebida solúvel cereais+fibra frasco 200g,5609060099617,11057,10043,Embalagem de 200g,Delta,,"13,45€/Kg","2,69€",https://cdn.intermarche.pt/pt/Content/images/boitmal/produit/zoom/066169C9425FEC23D97E914EC9202A97.jpg,2024-09-25T22:59:59.999Z,/product/bebida-soluvel-cereais+fibra-frasco-200g/5609060099617
40931,Delta chicória + cafe soluvel lata,5609060024107,11057,10043,Embalagem de 250g,Delta,,"19,96€/Kg","4,99€",https://cdn.intermarche.pt/pt/Content/images/boitmal/produit/zoom/3FBC45AAD6AE3A0B5231F7606AA5F408.jpg,2024-09-25T22:59:59.999Z,/product/delta-chicoria-+-cafe-soluvel-lata/5609060024107
53098,"Mistura Solúvel Cevada, Chicória e Centeio sem Café, 200g",5609060439758,11057,10043,,Delta,,"12,20€/Kg","2,44€",https://cdn.intermarche.pt/pt/Content/images/boitmal/produit/zoom/FC3487925D87EA1F223F192FD51689C5.jpg,2024-09-25T22:59:59.999Z,/product/mistura-soluvel-cevada-chicoria-e-centeio-sem-cafe-200g/5609060439758
53099,"Mistura Solúvel Cereais, Chicória e Café, 200g",5609060439833,11057,10043,,Delta,,"14,45€/Kg","2,89€",https://cdn.intermarche.pt/pt/Content/images/boitmal/produit/zoom/6C77AA8D9D25539DF30A6CEB74FA144B.jpg,2024-09-25T22:59:59.999Z,/product/mistura-soluvel-cereais-chicoria-e-cafe-200g/5609060439833
2196,Cevada solúvel,5604260264728,11057,10043,Embalagem de 200g,PorSi,,"9,95€/Kg","1,99€",https://cdn.intermarche.pt/pt/Content/images/boitmal/produit/zoom/CE56848CDD24C77DB85E537A10E5B743.jpg,,/product/cevada-soluvel/5604260264728
2195,Mistura solúvel c/ 20% café granulado,5604260264711,11057,10043,Embalagem de 200g,PorSi,,"13,45€/Kg","2,69€",https://cdn.intermarche.pt/pt/Content/images/boitmal/produit/zoom/6C008819C86CFE3F15EC38EB9FD1782B.jpg,,/product/mistura-soluvel-c-ou-20%25-cafe-granulado/5604260264711
947,Mistura solúvel brasa,5601001355905,11057,10043,Embalagem de 200g,Nestlé,,"18,95€/Kg","3,79€",https://cdn.intermarche.pt/pt/Content/images/boitmal/produit/zoom/6981E67BBCF9FFC80CE2C5DE99454533.jpg,,/product/mistura-soluvel-brasa/5601001355905
42196,Cevada torrada moída,5604260304325,11057,10043,Embalagem de 250 g,PorSi,,"3,96€/Kg","0,99€",https://cdn.intermarche.pt/pt/Content/images/boitmal/produit/zoom/77FCA2DF5F2D802B47A9860AA89D1128.jpg,,/product/cevada-torrada-moida/5604260304325
945,Mistura solúvel bolero,5601001346408,11057,10043,Embalagem de 200g,Nestlé,,"19,95€/Kg","3,99€",https://cdn.intermarche.pt/pt/Content/images/boitmal/produit/zoom/59FE98B6D56B1A58C87362C66E80589F.jpg,,/product/mistura-soluvel-bolero/5601001346408
2194,Mistura solúvel c/ 20% café pó,5604260264704,11057,10043,Embalagem de 200g,PorSi,,"14,45€/Kg","2,89€",https://cdn.intermarche.pt/pt/Content/images/boitmal/produit/zoom/BCDBEC0971F39C467B5BCF320385DF71.jpg,,/product/mistura-soluvel-c-ou-20%25-cafe-po/5604260264704
42197,Mistura com 20% café torrada moída,5604260304318,11057,10043,Embalagem de 250g,PorSi,,"7,56€/Kg","1,89€",https://cdn.intermarche.pt/pt/Content/images/boitmal/produit/zoom/258F601BA7F05DFC01E90A74AF63EB04.jpg,,/product/mistura-com-20%25-cafe-torrada-moida/5604260304318
2193,Mistura sol sem café granulado,5604260264698,11057,10043,Embalagem de 200g,PorSi,,"18,95€/Kg","3,79€",https://cdn.intermarche.pt/pt/Content/images/boitmal/produit/zoom/B95D83A4DFDAD93B2BF60D97294E1013.jpg,,/product/mistura-sol-sem-cafe-granulado/5604260264698
33824,Ricore,7613033332913,11057,10043,Embalagem de 260g,Nestlé,,"34,58€/Kg","8,99€",https://cdn.intermarche.pt/pt/Content/images/boitmal/produit/zoom/12FE6E3B957B081BFA0A8B731D2DE9B3.jpg,,/product/ricore/7613033332913
438,20 saquetas infusão de cidreira,8722700140139,11736,10043,Embalagem de 20g,Lipton,,"74,50€/Kg","1,49€",https://cdn.intermarche.pt/pt/Content/images/boitmal/produit/zoom/5BD4BD05824B7246D1659F44FE1CD00E.jpg,2024-09-25T22:59:59.999Z,/product/20-saquetas-infusao-de-cidreira/8722700140139
1328,10 saquetas infusão de cidreira,5601165005760,11736,10043,Embalagem de 20g,Lipton,,"37,00€/Kg","0,74€",https://cdn.intermarche.pt/pt/Content/images/boitmal/produit/zoom/CD0E912EDCBC0F88CCB88A275A3DBF8A.jpg,2024-09-25T22:59:59.999Z,/product/10-saquetas-infusao-de-cidreira/5601165005760
543,20 saquetas chá digestão fácil,3228881083241,11736,10043,Embalagem de 30g,Lipton,,"69,67€/Kg","2,09€",https://cdn.intermarche.pt/pt/Content/images/boitmal/produit/zoom/28A1713A439B692F2535F37C60AAED17.jpg,2024-09-25T22:59:59.999Z,/product/20-saquetas-cha-digestao-facil/3228881083241
544,20 saquetas chá noite tranquila,3228881083326,11736,10043,Embalagem de 30g,Lipton,,"69,67€/Kg","2,09€",https://cdn.intermarche.pt/pt/Content/images/boitmal/produit/zoom/4B6373E8CCC5E41A695E3EDADC8DBB53.jpg,2024-09-25T22:59:59.999Z,/product/20-saquetas-cha-noite-tranquila/3228881083326
34090,"Infusão silhueta com cavalinha, 20 saquetas",8711200407583,11736,10043,,Lipton,,"74,64€/Kg","2,09€",https://cdn.intermarche.pt/pt/Content/images/boitmal/produit/zoom/49B8184A6EEA3E1D1885476EF1714AFE.jpg,2024-09-25T22:59:59.999Z,/product/infusao-silhueta-com-cavalinha-20-saquetas/8711200407583
51322,Lipton manga groselha preta 20sq,8720608014231,11736,10043,Embalagem de 34g,Lipton,,"61,47€/Kg","2,09€",https://cdn.intermarche.pt/pt/Content/images/boitmal/produit/zoom/8FA90EBEC8C9808F29B3E1D85843C0CD.jpg,2024-09-25T22:59:59.999Z,/product/lipton-manga-groselha-preta-20sq/8720608014231
399,20 saquetas infusão de cidreira e mel,8712566365135,11736,10043,Embalagem de 30g,Lipton,,"69,67€/Kg","2,09€",https://cdn.intermarche.pt/pt/Content/images/boitmal/produit/zoom/03D11659F543198FA8E5E1FD052E5149.jpg,2024-09-25T22:59:59.999Z,/product/20-saquetas-infusao-de-cidreira-e-mel/8712566365135
44748,Time to relax 20 saquetas,8714100384503,11736,10043,Embalagem de 30g,Lipton,,"70,00€/Kg","2,10€",https://cdn.intermarche.pt/pt/Content/images/boitmal/produit/zoom/6968ADC058B4CA221D03A9EE8C52AD90.jpg,2024-09-25T22:59:59.999Z,/product/time-to-relax-20-saquetas/8714100384503
51321,Lipton framboesa sabugueiro 20sq,8720608014064,11736,10043,Embalagem de 32g,Lipton,,"65,31€/Kg","2,09€",https://cdn.intermarche.pt/pt/Content/images/boitmal/produit/zoom/B40F480597C04DB34DABE63D02081A65.jpg,2024-09-25T22:59:59.999Z,/product/lipton-framboesa-sabugueiro-20sq/8720608014064
2103,Infusão cidreira,5604260227433,11736,10043,Embalagem de 40g,PorSi,,"24,75€/Kg","0,99€",https://cdn.intermarche.pt/pt/Content/images/boitmal/produit/zoom/74D9702E9D3406215A6E69385AA98FE7.jpg,,/product/infusao-cidreira/5604260227433
18555,Infusão cavalinha,5604321023028,11736,10043,Embalagem de 10 unidades,Cemporcento,,"60,77€/Kg","0,79€",https://cdn.intermarche.pt/pt/Content/images/boitmal/produit/zoom/E552F6C5DB941BF6617D6C29AFE808E4.jpg,,/product/infusao-cavalinha/5604321023028
18564,Infusão cidreira,5604321012046,11736,10043,Embalagem de 10 unidades,Cemporcento,,"68,46€/Kg","0,89€",https://cdn.intermarche.pt/pt/Content/images/boitmal/produit/zoom/D5DDC2104EA30F298C31F91B0AC460D0.jpg,,/product/infusao-cidreira/5604321012046
18619,Chá de frutos vermelhos,5014328054756,11736,10043,Embalagem de 30g,Tetley,,"90,31€/Kg","2,89€",https://cdn.intermarche.pt/pt/Content/images/boitmal/produit/zoom/C5BC5DEA999699289F39F909DAD82BA7.jpg,,/product/cha-de-frutos-vermelhos/5014328054756
2100,Infusão de camomila,5604260227402,11736,10043,Embalagem de 33.7 g,PorSi,,"20,91€/Kg","0,69€",https://cdn.intermarche.pt/pt/Content/images/boitmal/produit/zoom/6C7B44F1EAA869EF4400C118498F1971.jpg,,/product/infusao-de-camomila/5604260227402
2101,Infusão de tília,5604260227419,11736,10043,Embalagem de 30g,PorSi,,"23,00€/Kg","0,69€",https://cdn.intermarche.pt/pt/Content/images/boitmal/produit/zoom/C5D726054F68D86287B2EC86190C3F84.jpg,,/product/infusao-de-tilia/5604260227419
2413,Infusão de cidreira,5608543000201,11736,10043,Embalagem de 10g,Tetley,,"124,00€/Kg","1,24€",https://cdn.intermarche.pt/pt/Content/images/boitmal/produit/zoom/B509E21C38FEEA977A773FECDA02428B.jpg,,/product/infusao-de-cidreira/5608543000201
39092,"Chá de infusão nº 30 cavalinha, 15g",5601557138151,11736,10043,,Salutem,,"72,67€/Kg","1,09€",https://cdn.intermarche.pt/pt/Content/images/boitmal/produit/zoom/F0F26F10F23DFEA553951E3F25E7FB8F.jpg,,/product/cha-de-infusao-nº-30-cavalinha-15g/5601557138151
43325,Bio infusão camomila 10x1.1g,5604260309504,11289,10119,Embalagem de 11g,PorSi Bio,,"71,82€/Kg","0,79€",https://cdn.intermarche.pt/pt/Content/images/boitmal/produit/zoom/02157BDABC619973253D101BB852653F.jpg,,/product/bio-infusao-camomila-10x1.1g/5604260309504
43326,Bio infusão chá verde 10x1.5g,5604260309535,11289,10119,Embalagem de 15g,PorSi Bio,,"52,67€/Kg","0,79€",https://cdn.intermarche.pt/pt/Content/images/boitmal/produit/zoom/5BF4884AFD3B9A07CD2DB17DB0DAEEB5.jpg,,/product/bio-infusao-cha-verde-10x1.5g/5604260309535
43344,Infusão Após Refeição,5604260309450,11736,10043,Embalagem de 10x15g,PorSi Viva Bem,,"52,67€/Kg","0,79€",https://cdn.intermarche.pt/pt/Content/images/boitmal/produit/zoom/474938280042F98F780D0EB4242305D5.jpg,,/product/infusao-apos-refeicao/5604260309450
43347,Bio infusão de menta 10x1.5g,5604260309528,11289,10119,Embalagem de 15g,PorSi Bio,,"52,67€/Kg","0,79€",https://cdn.intermarche.pt/pt/Content/images/boitmal/produit/zoom/4D26BF8CF7BDE098AF78A3F75BE698A7.jpg,,/product/bio-infusao-de-menta-10x1.5g/5604260309528
43353,Infusão noite 10x1.5g,5604260309474,11736,10043,Embalagem de 15g,PorSi Viva Bem,,"46,00€/Kg","0,69€",https://cdn.intermarche.pt/pt/Content/images/boitmal/produit/zoom/D68A5ABCA695F250A155FEEEEC3DFF16.jpg,,/product/infusao-noite-10x1.5g/5604260309474
34321,Chá preto 25 saquetas,5604260227389,11736,10043,Embalagem de 44g,PorSi,,"20,23€/Kg","0,89€",https://cdn.intermarche.pt/pt/Content/images/boitmal/produit/zoom/60EF9BCB3785E83CC5AAD59955134898.jpg,,/product/cha-preto-25-saquetas/5604260227389
31429,Cem porcento-chá infusão sem barriga,5604321025336,11736,10043,Embalagem de 13g,Cemporcento,,"68,46€/Kg","0,89€",https://cdn.intermarche.pt/pt/Content/images/boitmal/produit/zoom/CDC98FB0179D0BAAD964B2A6D9D22C5F.jpg,,/product/cem-porcento-cha-infusao-sem-barriga/5604321025336
2099,Chá verde,5604260227396,11736,10043,Embalagem de 37.5 g,PorSi,,"26,76€/Kg","0,99€",https://cdn.intermarche.pt/pt/Content/images/boitmal/produit/zoom/10F02D8B35A271D79B6A442353B9A328.jpg,,/product/cha-verde/5604260227396
2102,Chá verde menta,5604260227426,11736,10043,Embalagem de 43.7 g,PorSi,,"23,02€/Kg","0,99€",https://cdn.intermarche.pt/pt/Content/images/boitmal/produit/zoom/2250671646276869048A51D39A79C95C.jpg,,/product/cha-verde-menta/5604260227426
2406,Chá preto,5608543000102,11736,10043,Embalagem de 30g,Tetley,,"66,33€/Kg","1,99€",https://cdn.intermarche.pt/pt/Content/images/boitmal/produit/zoom/B2CA31FF335EAFD397F63994E5AF9EBC.jpg,,/product/cha-preto/5608543000102
2409,Infusão de camomila,5608543000157,11736,10043,Embalagem de 10g,Tetley,,"124,00€/Kg","1,24€",https://cdn.intermarche.pt/pt/Content/images/boitmal/produit/zoom/C995769A7E3ACBF1E8869F2AEDA95DF9.jpg,,/product/infusao-de-camomila/5608543000157
2403,"Chá de mel, limão e ginseng",5608543000072,11736,10043,Embalagem de 20g,Tetley,,"64,50€/Kg","1,29€",https://cdn.intermarche.pt/pt/Content/images/boitmal/produit/zoom/DB68353C4D0E30C880FEA97D075943EF.jpg,,/product/cha-de-mel-limao-e-ginseng/5608543000072
2407,Chá verde,5608543000133,11736,10043,Embalagem de 20g,Tetley,,"71,67€/Kg","1,29€",https://cdn.intermarche.pt/pt/Content/images/boitmal/produit/zoom/8E02DD9BA1324B098CBEC62350029218.jpg,,/product/cha-verde/5608543000133
542,20 saquetas chá verde pure,3228881076236,11736,10043,Embalagem de 30g,Lipton,,"53,00€/Kg","1,59€",https://cdn.intermarche.pt/pt/Content/images/boitmal/produit/zoom/97F9FF6EFDB9C2050DE296FFAE4DC86D.jpg,,/product/20-saquetas-cha-verde-pure/3228881076236
2104,Infusão lúcia lima,5604260227440,11736,10043,Embalagem de 35 g,PorSi,,"28,29€/Kg","0,99€",https://cdn.intermarche.pt/pt/Content/images/boitmal/produit/zoom/39FBD56F72E8BB9C32E75729E686559E.jpg,,/product/infusao-lucia-lima/5604260227440
865,Infusão de frutos vermelhos,5014328028740,11736,10043,Embalagem de 20g,Tetley,,"99,38€/Kg","1,59€",https://cdn.intermarche.pt/pt/Content/images/boitmal/produit/zoom/781EBB6A7EF96D7BE9937F977C0554CF.jpg,,/product/infusao-de-frutos-vermelhos/5014328028740
2450,20 saquetas chá de limão,7310390855160,11736,10043,Embalagem de 40g,Lipton,,"81,67€/Kg","2,94€",https://cdn.intermarche.pt/pt/Content/images/boitmal/produit/zoom/EE45EF4BD942C014234181D00D407200.jpg,,/product/20-saquetas-cha-de-limao/7310390855160
44747,Chá verde 20 saquetas,8722700210641,11736,10043,Embalagem de 32g,Lipton,,"79,38€/Kg","2,54€",https://cdn.intermarche.pt/pt/Content/images/boitmal/produit/zoom/3FC04E3C0FD4695229F93C7F233CA5A0.jpg,,/product/cha-verde-20-saquetas/8722700210641
18561,Infusão nº 6 sem barriga,5604321012114,11736,10043,Embalagem de 10 unidades,Cemporcento,,"65,38€/Kg","0,85€",https://cdn.intermarche.pt/pt/Content/images/boitmal/produit/zoom/E4EA690FB1559E254A4A24C9979D4B38.jpg,,/product/infusao-nº-6-sem-barriga/5604321012114
2405,Chá preto,5608543000096,11736,10043,Embalagem de 20g,Tetley,,"66,00€/Kg","0,99€",https://cdn.intermarche.pt/pt/Content/images/boitmal/produit/zoom/B40D664132094CEE9391DB8865EC11A2.jpg,,/product/cha-preto/5608543000096
871,Infusão de cidreira,5014328080892,11736,10043,"Embalagem de 20 unidades, 30 g",Tetley,,"73,00€/Kg","2,19€",https://cdn.intermarche.pt/pt/Content/images/boitmal/produit/zoom/6A10216F1C303558132F04FBD5C4B7ED.jpg,,/product/infusao-de-cidreira/5014328080892
1329,10 saquetas infusão de camomila,5601165005784,11736,10043,Embalagem de 10g,Lipton,,"114,00€/Kg","1,14€",https://cdn.intermarche.pt/pt/Content/images/boitmal/produit/zoom/A93E2F58112E5B71BDD1CA6E84C85DD5.jpg,,/product/10-saquetas-infusao-de-camomila/5601165005784
16602,20 saquetas infusão limão gengibre,8712100399473,11736,10043,Embalagem de 40g,Lipton,,"79,75€/Kg","3,19€",https://cdn.intermarche.pt/pt/Content/images/boitmal/produit/zoom/65BA9801AEBFAAB1BDA82D648B8778B3.jpg,,/product/20-saquetas-infusao-limao-gengibre/8712100399473
12237,Achocolatado em pó extra chocolate,7613034725936,11745,10043,Embalagem de 390g,Nesquik,,"12,18€/Kg","4,75€",https://cdn.intermarche.pt/pt/Content/images/boitmal/produit/zoom/BB833C246FA0F7BBDDFD7107AA28A5C9.jpg,2024-09-25T22:59:59.999Z,/product/achocolatado-em-po-extra-chocolate/7613034725936
16691,Chocolate quente 90 segundos,8410740902151,11745,10043,Embalagem de 350g,Lacasa,,"9,40€/Kg","3,29€",https://cdn.intermarche.pt/pt/Content/images/boitmal/produit/zoom/26ACFBC20C7B23919D9A7B1CA8667287.jpg,2024-10-04T22:59:59.999Z,/product/chocolate-quente-90-segundos/8410740902151
44809,Achocolatado em saco,7613035593756,11745,10043,Embalagem de 1 kg,Nesquik,,"7,99€/Kg","7,99€",https://cdn.intermarche.pt/pt/Content/images/boitmal/produit/zoom/7A82F6A4FFDD5A747845650B2714ACA6.jpg,,/product/achocolatado-em-saco/7613035593756
44741,Achocolatado intenso 40% cacau,7613287093233,11745,10043,Embalagem de 330g,Nestlé,,"22,70€/Kg","7,49€",https://cdn.intermarche.pt/pt/Content/images/boitmal/produit/zoom/FBF1F147E378F893E0B2EC8F13CECEE4.jpg,,/product/achocolatado-intenso-40%25-cacau/7613287093233
10037,Achocolatado energy,8410014030320,11745,10043,Embalagem de 750g,Cola cao,,"9,32€/Kg","6,99€",https://cdn.intermarche.pt/pt/Content/images/boitmal/produit/zoom/FF4B4A30515766E47F6B82A1A058ED06.jpg,,/product/achocolatado-energy/8410014030320
2454,Achocolatado em pó,7612100054963,11745,10043,Embalagem de 400g,Ovomaltine,,"17,48€/Kg","6,99€",https://cdn.intermarche.pt/pt/Content/images/boitmal/produit/zoom/C41CD38030E9D016D2078B6296A83635.jpg,,/product/achocolatado-em-po/7612100054963
53232,"Achocolatado em Pó, 600g",8445290759207,11745,10043,,Nesquik,,"11,15€/Kg","6,69€",https://cdn.intermarche.pt/pt/Content/images/boitmal/produit/zoom/1E8F61743B1B3F44416834AAF4EBE584.jpg,,/product/achocolatado-em-po-600g/8445290759207
52021,"Achocolatado 0% Açucar, 320g",8445290634887,11745,10043,,Nesquik,,"20,28€/Kg","6,49€",https://cdn.intermarche.pt/pt/Content/images/boitmal/produit/zoom/80C5A8D121F6958A2DC4A384FEA55BC8.jpg,,/product/achocolatado-0%25-acucar-320g/8445290634887
1677,Açúcar granulado embalado em papel,5602711001311,10292,10047,Embalagem de 1 kg,Rar,,"1,59€/Kg","1,59€",https://cdn.intermarche.pt/pt/Content/images/boitmal/produit/zoom/F8294E745C95C50AD875621A802EA691.jpg,2024-10-04T22:59:59.999Z,/product/acucar-granulado-embalado-em-papel/5602711001311
2097,Açucar granulado,5604260227181,10292,10047,Embalagem de 1 kg,PorSi,,"1,39€/Kg","1,39€",https://cdn.intermarche.pt/pt/Content/images/boitmal/produit/zoom/29BB0BA27119440735472700B02D7E72.jpg,,/product/acucar-granulado/5604260227181
25534,Açúcar amarelo,5604260282661,10292,10047,Embalagem de 1 kg,PorSi,,"1,59€/Kg","1,59€",https://cdn.intermarche.pt/pt/Content/images/boitmal/produit/zoom/A901F84147A3D12B8FD0644A2736DC64.jpg,,/product/acucar-amarelo/5604260282661
34727,"Açúcar mascavado escuro, 500g",5602711107501,10292,10047,,Rar,,"3,98€/Kg","1,99€",https://cdn.intermarche.pt/pt/Content/images/boitmal/produit/zoom/ADEFD1C58B19FD74B05B253A47CDCB93.jpg,,/product/acucar-mascavado-escuro-500g/5602711107501
1734,Açúcar em saquetas,5604260000487,10292,10047,Embalagem 1K,PorSi,,"2,85€/Kg","2,85€",https://cdn.intermarche.pt/pt/Content/images/boitmal/produit/zoom/31049817F2500F25E853D10610D358E5.jpg,,/product/acucar-em-saquetas/5604260000487
43812,Adoçante em pó stevia,5604260309610,10292,10047,Embalagem de 17g,PorSi Viva Bem,,"81,76€/Kg","1,39€",https://cdn.intermarche.pt/pt/Content/images/boitmal/produit/zoom/AC9469AB6AD8AEDEB011BFE8CD5A9509.jpg,,/product/adocante-em-po-stevia/5604260309610
47766,Açúcar em pó baunilhado,5604260322343,10292,10047,225 g,PorSi,,"8,84€/Kg","1,99€",https://cdn.intermarche.pt/pt/Content/images/boitmal/produit/zoom/ACE74B964D0B04B5A1A99D402BFFE4E9.jpg,,/product/acucar-em-po-baunilhado/5604260322343
40763,50 sticks açúcar,5604260297115,10292,10047,Embalagem de 200 g,PorSi,,"4,95€/Kg","0,99€",https://cdn.intermarche.pt/pt/Content/images/boitmal/produit/zoom/2015FE47D0BA2DE3F8C9E16A6AE7DEA9.jpg,,/product/50-sticks-acucar/5604260297115
1680,Açúcar areado amarelo,5602711001625,10292,10047,Embalagem de 1kg,Rar,,"1,99€/Kg","1,99€",https://cdn.intermarche.pt/pt/Content/images/boitmal/produit/zoom/3C5E6DE51426168BD36EBB60A45175FF.jpg,,/product/acucar-areado-amarelo/5602711001625
47791,Açúcar em pó,5604260322275,10292,10047,225 g,PorSi,,"5,73€/Kg","1,29€",https://cdn.intermarche.pt/pt/Content/images/boitmal/produit/zoom/699CB5F4B7A1C6C14AFC347DA327E282.jpg,,/product/acucar-em-po/5604260322275
43813,Adoçante em pó stevia,5604260309573,10292,10047,Embalagem de 250 g,PorSi Viva Bem,,"21,96€/Kg","5,49€",https://cdn.intermarche.pt/pt/Content/images/boitmal/produit/zoom/3AD69FD78ABD68576443F3E1E487F3CD.jpg,,/product/adocante-em-po-stevia/5604260309573
42780,Acucar mascavado 50saq,5604260306374,10292,10047,Embalagem de 200g,PorSi,,"7,95€/Kg","1,59€",https://cdn.intermarche.pt/pt/Content/images/boitmal/produit/zoom/7157959E060311268F6493DDA0F4B15B.jpg,,/product/acucar-mascavado-50saq/5604260306374
43802,Adoçante com doseador,5604260309603,10292,10047,Embalagem de 66g,PorSi,,"28,64€/Kg","1,89€",https://cdn.intermarche.pt/pt/Content/images/boitmal/produit/zoom/A466DB50B8A5400EFA062C29A8A20447.jpg,,/product/adocante-com-doseador/5604260309603
1676,Açúcar granulado,5602711001304,10292,10047,Embalagem de 1kg,Rar,,"1,89€/Kg","1,89€",https://cdn.intermarche.pt/pt/Content/images/boitmal/produit/zoom/AB41D357504046A91D49881E05A1C76F.jpg,,/product/acucar-granulado/5602711001304
49537,Açúcar em cubos,5604260321278,10292,10047,Embalagem de 1 kg,PorSi,,"1,95€/Kg","1,95€",https://cdn.intermarche.pt/pt/Content/images/boitmal/produit/zoom/3C48AB378948B9279A3E9DD3DB21F475.jpg,,/product/acucar-em-cubos/5604260321278
41192,Açúcar de coco bio,5604260307142,10292,10047,Embalagem de 250 g,PorSi Bio,,"7,96€/Kg","1,99€",https://cdn.intermarche.pt/pt/Content/images/boitmal/produit/zoom/FECE2E2C7CDFA8B72CE8416E710CD79D.jpg,,/product/acucar-de-coco-bio/5604260307142
18867,Adoçante com doseador,5604260271085,10292,10047,Embalagem 100 comprimidos,PorSi,,"165,00€/Kg","0,99€",https://cdn.intermarche.pt/pt/Content/images/boitmal/produit/zoom/2289C2E875F2551A014CFC453BCC68AF.jpg,,/product/adocante-com-doseador/5604260271085
3320,Adoçante em pó,5604260032761,10292,10047,250 saquetas,PorSi,,"4,99€/Unidade","4,99€",https://cdn.intermarche.pt/pt/Content/images/boitmal/produit/zoom/8DD23FB4E35D2E6BD0E6B33C4E3F5E39.jpg,,/product/adocante-em-po/5604260032761
31424,Açúcar de cana integral,5604321020485,10292,10047,Embalagem de 500g,Cemporcento,,"5,18€/Kg","2,59€",https://cdn.intermarche.pt/pt/Content/images/boitmal/produit/zoom/6E76E61D3D6385D5EAA98F5077A008B4.jpg,,/product/acucar-de-cana-integral/5604321020485
43801,Adoçante liquido,5604260309597,10292,10047,Garrafa de 125 ml,PorSi,,"15,92€/L","1,99€",https://cdn.intermarche.pt/pt/Content/images/boitmal/produit/zoom/FFE5ACBA01B32353792E14213E4B3571.jpg,,/product/adocante-liquido/5604260309597
43809,Adoçante à base de sucralose,5604260309870,10292,10047,Embalagem de 17g,PorSi Viva Bem,,"93,53€/Kg","1,59€",https://cdn.intermarche.pt/pt/Content/images/boitmal/produit/zoom/11A6E48D2243E637207BF8557BB8D344.jpg,,/product/adocante-a-base-de-sucralose/5604260309870
18868,Adoçante com doseador,5604260271092,10292,10047,Embalagem 300 comprimidos,PorSi,,"87,65€/Kg","1,49€",https://cdn.intermarche.pt/pt/Content/images/boitmal/produit/zoom/EB15DEE5777CDE306ABED2B4AC0F639F.jpg,,/product/adocante-com-doseador/5604260271092
39372,Açúcar mascavado de cana salutem r,5601557031025,10292,10047,Embalagem de 500g,Salutem,,"4,38€/Kg","2,19€",https://cdn.intermarche.pt/pt/Content/images/boitmal/produit/zoom/89DFDE760789B5EC5AD47208C3A7F5C9.jpg,,/product/acucar-mascavado-de-cana-salutem-r/5601557031025
47770,Frutose,5604260322367,10292,10047,Boião de 410 g,PorSi,,"9,00€/Kg","3,69€",https://cdn.intermarche.pt/pt/Content/images/boitmal/produit/zoom/A8B8C921978EA5CA5401EF8336123F39.jpg,,/product/frutose/5604260322367
1678,Açúcar fino,5602711001502,10292,10047,Embalagem de 1000 g,Rar,,"1,99€/Kg","1,99€",https://cdn.intermarche.pt/pt/Content/images/boitmal/produit/zoom/5563FE72AC26604368A57652AD67A3F8.jpg,,/product/acucar-fino/5602711001502
1679,Açucar icing,5602711001557,10292,10047,Embalagem de 250 g,Rar,,"5,16€/Kg","1,29€",https://cdn.intermarche.pt/pt/Content/images/boitmal/produit/zoom/52F907316CA05E8B78E567EBA887C11C.jpg,,/product/acucar-icing/5602711001557
22537,Açúcar baunilhado,3179148441000,10292,10047,Embalagem de 40g,Vahine,,"78,68€/Kg","2,99€",https://cdn.intermarche.pt/pt/Content/images/boitmal/produit/zoom/7211D7C0AA1762FBC90D997AF945B738.jpg,,/product/acucar-baunilhado/3179148441000
2614,Adoçante c/ doseador,7640110700259,10292,10047,Embalagem de 10g,Canderel,,"209,00€/Kg","2,09€",https://cdn.intermarche.pt/pt/Content/images/boitmal/produit/zoom/F1E82629E44B84AD42AC550AE11003A9.jpg,,/product/adocante-c-ou-doseador/7640110700259
39229,Açúcar de coco biológico salutem,5601557057421,10292,10047,Embalagem de 250g,Salutem,,"9,96€/Kg","2,49€",https://cdn.intermarche.pt/pt/Content/images/boitmal/produit/zoom/A7645A799B24E4387EDC326B8E262E8E.jpg,,/product/acucar-de-coco-biologico-salutem/5601557057421
43800,Adoçante à base de sucralose em pó,5604260309580,10292,10047,Embalagem de 90g,PorSi,,"24,33€/Kg","2,19€",https://cdn.intermarche.pt/pt/Content/images/boitmal/produit/zoom/DDE7E88D41CF5412E8414EBBD02387F0.jpg,,/product/adocante-a-base-de-sucralose-em-po/5604260309580
14348,Adoçante recarga,5412503100074,10292,10047,Embalagem de 40g,Canderel,,"174,75€/Kg","6,99€",https://cdn.intermarche.pt/pt/Content/images/boitmal/produit/zoom/1D04B85A60EA745E757D4029379C98F2.jpg,,/product/adocante-recarga/5412503100074
2615,Adoçante c/ doseador,7640110700266,10292,10047,Embalagem de 30g,Canderel,,"166,33€/Kg","4,99€",https://cdn.intermarche.pt/pt/Content/images/boitmal/produit/zoom/61FEC6C92A30181831206AB381107438.jpg,,/product/adocante-c-ou-doseador/7640110700266
3321,Adoçante comprimidos,5604260032778,10292,10047,Embalagem de 250 saquetas,PorSi,,"4,59€/Unidade","4,59€",https://cdn.intermarche.pt/pt/Content/images/boitmal/produit/zoom/6BCAAE3F1C27928C6A48939DBD461A07.jpg,,/product/adocante-comprimidos/5604260032778
39016,"Frutose, 500g",5604321007004,10292,10047,,Cemporcento,,"6,98€/Kg","3,49€",https://cdn.intermarche.pt/pt/Content/images/boitmal/produit/zoom/C23538698387F1AAAE15C51BCFD5F168.jpg,,/product/frutose-500g/5604321007004
39560,Açúcar coco bio,5604321035427,10292,10047,Embalagem de 250g,Cemporcento,,"12,76€/Kg","3,19€",https://cdn.intermarche.pt/pt/Content/images/boitmal/produit/zoom/60AEA127FBD4CAA3361D0A74B0372CB7.jpg,,/product/acucar-coco-bio/5604321035427
39701,Açúcar de coco bio,5604321032617,10292,10047,Embalagem de 250g,Cemporcento,,"11,96€/Kg","2,99€",https://cdn.intermarche.pt/pt/Content/images/boitmal/produit/zoom/F58D163270B6D0629D024022BFA1416E.jpg,,/product/acucar-de-coco-bio/5604321032617
47767,Pasta de açúcar branco pérola,5604260322305,10292,10047,250 g,PorSi,,"9,96€/Kg","2,49€",https://cdn.intermarche.pt/pt/Content/images/boitmal/produit/zoom/2F2F54269CC71E2563648C63824FEE0A.jpg,,/product/pasta-de-acucar-branco-perola/5604260322305
47768,Pasta de açúcar branco,5604260322312,10292,10047,250 g,PorSi,,"9,96€/Kg","2,49€",https://cdn.intermarche.pt/pt/Content/images/boitmal/produit/zoom/2502B10865723F47A26CC673525A3738.jpg,,/product/pasta-de-acucar-branco/5604260322312
52755,Açúcar demerara,5602711112048,10292,10047,Embalagem de 500 g,Rar,,"4,18€/Kg","2,09€",https://cdn.intermarche.pt/pt/Content/images/boitmal/produit/zoom/52FF2595670C4325EB9183A9F862DFAA.jpg,,/product/acucar-demerara/5602711112048
1684,Açúcar mascavado claro,5602711107495,10292,10047,Embalagem de 500 g,Rar,,"3,98€/Kg","1,99€",https://cdn.intermarche.pt/pt/Content/images/boitmal/produit/zoom/4C2EEB3F1401F2B3A5F30214936B9FC1.jpg,,/product/acucar-mascavado-claro/5602711107495
