Product ID,Title,EAN,Family ID,Department ID,Packaging,Brand,Category,Price,Price Per Unit,Image URL,Promo End,Product URL
14206,Marmelada,5604260275588,10318,10051,Embalagem de 450g,PorSi,,"3,31€/Kg","1,49€",https://cdn.intermarche.pt/pt/Content/images/boitmal/produit/zoom/FBE9AB530E38FF9F9E5B583FCE276C87.jpg,,/product/marmelada/5604260275588
30181,Geleia de morango,5607238032107,10318,10051,Embalagem de 345 g,Casa de Mateus,,"11,57€/Kg","3,99€",https://cdn.intermarche.pt/pt/Content/images/boitmal/produit/zoom/C7F13834CCCA4B22757776150195CE5F.jpg,,/product/geleia-de-morango/5607238032107
14205,Marmelada,5604260275571,10318,10051,Embalagem de 900g,PorSi,,"2,99€/Kg","2,69€",https://cdn.intermarche.pt/pt/Content/images/boitmal/produit/zoom/F7B687A6F498B2D58EED70DD4D19E391.jpg,,/product/marmelada/5604260275571
16714,Marmelada,5601319049251,10318,10051,Embalagem de 400g,Ferbar,,"5,98€/Kg","2,39€",https://cdn.intermarche.pt/pt/Content/images/boitmal/produit/zoom/1C281AA94AF90F46135CD075C97AAF26.jpg,,/product/marmelada/5601319049251
30182,Geleia de marmelo,5607238032091,10318,10051,345 g,Casa de Mateus,,"11,57€/Kg","3,99€",https://cdn.intermarche.pt/pt/Content/images/boitmal/produit/zoom/D534DBD80767D22FACED5B9CD4DDCACE.jpg,,/product/geleia-de-marmelo/5607238032091
43869,Marmelada sem conservantes,5604260311002,10318,10051,Embalagem de 500g,PorSi,,"5,58€/Kg","2,79€",https://cdn.intermarche.pt/pt/Content/images/boitmal/produit/zoom/EBF046DE96245D4391B90B17C35243DB.jpg,,/product/marmelada-sem-conservantes/5604260311002
43874,Marmelada com frutose,5604260312139,10318,10051,Embalagem de 400g,PorSi Viva Bem,,"4,98€/Kg","1,99€",https://cdn.intermarche.pt/pt/Content/images/boitmal/produit/zoom/B06D2191F6F9E5610852CB3AE307029E.jpg,,/product/marmelada-com-frutose/5604260312139
50371,Goiabada,5604260319510,10318,10051,600 g,PorSi,,"4,98€/Kg","2,99€",https://cdn.intermarche.pt/pt/Content/images/boitmal/produit/zoom/16A73FD1E5888225D5E355130A343275.jpg,,/product/goiabada/5604260319510
16715,Goiaba,5601319037227,10318,10051,Embalagem de 300g,Ferbar,,"9,30€/Kg","2,79€",https://cdn.intermarche.pt/pt/Content/images/boitmal/produit/zoom/EBFE6CB06CC979C5F62544A29D184D1F.jpg,,/product/goiaba/5601319037227
28260,Marmelada,5601319041996,10318,10051,Embalagem de 800g,Ferbar,,"4,99€/Kg","3,99€",https://cdn.intermarche.pt/pt/Content/images/boitmal/produit/zoom/E140E5175752DE58250C6DA8CAC4F702.jpg,,/product/marmelada/5601319041996
40049,Marmelada (semadição de açúcares),5604321027484,10318,10051,Embalagem de 400g,Cemporcento,,"6,73€/Kg","2,69€",https://cdn.intermarche.pt/pt/Content/images/boitmal/produit/zoom/F2798C40A1BFFCE0E2D6C7607EDAE7FD.jpg,,/product/marmelada-(semadicao-de-acucares)/5604321027484
44868,Marmelada em cubos,5601319056679,10318,10051,Embalagem de 200g,Ferbar,,"14,95€/Kg","2,99€",https://cdn.intermarche.pt/pt/Content/images/boitmal/produit/zoom/BF7BD9953E6EB5558A2DFF36CFD5767F.jpg,,/product/marmelada-em-cubos/5601319056679
14684,Creme para barrar de avelãs e cacau,0000080177173,10317,10051,Embalagem de 350G,Nutella,,"12,26€/Kg","4,29€",https://cdn.intermarche.pt/pt/Content/images/boitmal/produit/zoom/3277225B3D0CAE93D52B7650F565CAA9.jpg,,/product/creme-para-barrar-de-avelas-e-cacau/0000080177173
7365,Creme para barrar,3250390114178,10317,10051,Embalagem de 750 g,Noikao,,"5,72€/Kg","4,29€",https://cdn.intermarche.pt/pt/Content/images/boitmal/produit/zoom/DE4E363D7C90EC601D82E3633B55DEC2.jpg,,/product/creme-para-barrar/3250390114178
43867,Manteiga amendoim cremosa,5604260310944,10317,10051,Embalagem de 340g,PorSi,,"5,26€/Kg","1,79€",https://cdn.intermarche.pt/pt/Content/images/boitmal/produit/zoom/88B9ED232D7EB0471500225424858FCE.jpg,,/product/manteiga-amendoim-cremosa/5604260310944
43868,Manteiga amendoim crocant,5604260310951,10317,10051,Embalagem de 340g,PorSi,,"5,26€/Kg","1,79€",https://cdn.intermarche.pt/pt/Content/images/boitmal/produit/zoom/3E32FFBA04408E4C0E214DAF48565EE1.jpg,,/product/manteiga-amendoim-crocant/5604260310951
277,Creme para barrar de avelãs e cacau,0000080135463,10317,10051,Embalagem de 200 g,Nutella,,"14,75€/Kg","2,95€",https://cdn.intermarche.pt/pt/Content/images/boitmal/produit/zoom/E17E01634F3FC9940074AC6CDA0458EC.jpg,,/product/creme-para-barrar-de-avelas-e-cacau/0000080135463
29915,"Manteiga de amendoim cremosa, 500g",5600826202982,10317,10051,,Prozis,,"7,98€/Kg","3,99€",https://cdn.intermarche.pt/pt/Content/images/boitmal/produit/zoom/5039923B1D2DFB66F663AC55A706C4D6.jpg,,/product/manteiga-de-amendoim-cremosa-500g/5600826202982
44271,Creme para barrar de avelãs e cacau,8000500179864,10317,10051,Embalagem de 600g,Nutella,,"10,65€/Kg","6,39€",https://cdn.intermarche.pt/pt/Content/images/boitmal/produit/zoom/3E92D36D3A02542DBE73946218C7E32B.jpg,,/product/creme-para-barrar-de-avelas-e-cacau/8000500179864
29916,"Manteiga de amendoim crocante, 500g",5600826203613,10317,10051,,Prozis,,"7,98€/Kg","3,99€",https://cdn.intermarche.pt/pt/Content/images/boitmal/produit/zoom/CA1914B393A02A9776C79C9EDB820EC4.jpg,,/product/manteiga-de-amendoim-crocante-500g/5600826203613
44716,"Manteiga de amendoim crocante, 250g",5600961109689,10317,10051,,Prozis,,"10,36€/Kg","2,59€",https://cdn.intermarche.pt/pt/Content/images/boitmal/produit/zoom/5C49EA58662ED0AB0C9855F8B09D259E.jpg,,/product/manteiga-de-amendoim-crocante-250g/5600961109689
44755,Manteiga amendoim cremosa,8720182022042,10317,10051,Embalagem de 350g,Calvé,,"9,97€/Kg","3,49€",https://cdn.intermarche.pt/pt/Content/images/boitmal/produit/zoom/1111E8E88D09020B513DB5B2CB0B500C.jpg,,/product/manteiga-amendoim-cremosa/8720182022042
719,Creme para barrar duo,3250391062126,10317,10051,Embalagem de 400 g,Noikao,,"5,23€/Kg","2,09€",https://cdn.intermarche.pt/pt/Content/images/boitmal/produit/zoom/0531EAA664293B80B5F7D382385A2E53.jpg,,/product/creme-para-barrar-duo/3250391062126
31195,Manteiga de amendoim,5600826203606,10317,10051,Embalagem de 1 kg,Prozis,,"6,99€/Kg","6,99€",https://cdn.intermarche.pt/pt/Content/images/boitmal/produit/zoom/C438423B2F99A04704C4F90A64427016.jpg,,/product/manteiga-de-amendoim/5600826203606
44715,"Manteiga de amendoim cremoso, 250g",5600961109672,10317,10051,,Prozis,,"10,36€/Kg","2,59€",https://cdn.intermarche.pt/pt/Content/images/boitmal/produit/zoom/F3BC5DC75EEA4B2A2A2D8261ED4DF01B.jpg,,/product/manteiga-de-amendoim-cremoso-250g/5600961109672
49328,Creme p/ barrar de chocolate e avelã,7622201515003,10317,10051,Embalagem de 600g,Milka,,"8,32€/Kg","4,99€",https://cdn.intermarche.pt/pt/Content/images/boitmal/produit/zoom/10C1D99202C37F441E99948F81A5AFE2.jpg,,/product/creme-p-ou-barrar-de-chocolate-e-avela/7622201515003
31194,"Manteiga de amendoim 1000 g cremoso, 1 kg",5600826203064,10317,10051,,Prozis,,"6,99€/Kg","6,99€",https://cdn.intermarche.pt/pt/Content/images/boitmal/produit/zoom/4264486B74A43BA7CE52AD0CAABAE8EB.jpg,,/product/manteiga-de-amendoim-1000-g-cremoso-1-kg/5600826203064
44756,Manteiga amendoim com pedaços,8720182022066,10317,10051,Embalagem de 350g,Calvé,,"9,97€/Kg","3,49€",https://cdn.intermarche.pt/pt/Content/images/boitmal/produit/zoom/CF863EC714A8C0F801C6B7591846A368.jpg,,/product/manteiga-amendoim-com-pedacos/8720182022066
613,Creme p/ Barrar,3250390114161,10317,10051,Embalagem de 400 g,Noikao,,"6,13€/Kg","2,45€",https://cdn.intermarche.pt/pt/Content/images/boitmal/produit/zoom/7F86EC193AB8B72B1ED75FD24051B722.jpg,,/product/creme-p-ou-barrar/3250390114161
36935,Creme para barrar,0000080176800,10317,10051,Embalagem de 750 g,Nutella,,"9,72€/Kg","7,29€",https://cdn.intermarche.pt/pt/Content/images/boitmal/produit/zoom/506FB916EAF70D273B9F4E00A3A5FC6E.jpg,,/product/creme-para-barrar/0000080176800
49327,Creme p/ barrar de chocolate e avelã,7622201515027,10317,10051,Embalagem de 340g,Milka,,"11,44€/Kg","3,89€",https://cdn.intermarche.pt/pt/Content/images/boitmal/produit/zoom/E7321199686F8CE5801AAB1F5DA6C265.jpg,,/product/creme-p-ou-barrar-de-chocolate-e-avela/7622201515027
1712,Mel em frasco de vidro,5604170000027,10319,10051,Embalagem de 500g,Jorge v.f.,,"4,58€/Kg","2,29€",https://cdn.intermarche.pt/pt/Content/images/boitmal/produit/zoom/6B68C57E6BC0FE58B0AB5AC488FC02CF.jpg,2024-09-25T22:59:59.999Z,/product/mel-em-frasco-de-vidro/5604170000027
36925,Mel multifloral doseador,5604260297061,10319,10051,Embalagem de 250g,PorSi,,"7,96€/Kg","1,99€",https://cdn.intermarche.pt/pt/Content/images/boitmal/produit/zoom/412D819451B7AEBF9B8A83F484A954C8.jpg,,/product/mel-multifloral-doseador/5604260297061
14226,Mel rosmaninho 500g,5602132656015,10319,10051,Embalagem de 500G,Serramel,,"11,78€/Kg","5,89€",https://cdn.intermarche.pt/pt/Content/images/boitmal/produit/zoom/85F17C3A88DCA8E287D8076A08E91C9C.jpg,,/product/mel-rosmaninho-500g/5602132656015
44948,Mel de néctar multifloral bio,5604260313273,10319,10051,Frasco de 250g,PorSi Bio,,"11,96€/Kg","2,99€",https://cdn.intermarche.pt/pt/Content/images/boitmal/produit/zoom/1AC191EDAD458573B9112ECA36798DBC.jpg,,/product/mel-de-nectar-multifloral-bio/5604260313273
9158,Mel rosmaninho com doseador,5602132651256,10319,10051,Embalagem de 500 g,Serramel,,"11,98€/Kg","5,99€",https://cdn.intermarche.pt/pt/Content/images/boitmal/produit/zoom/24083B13FE7C729C70978E6E31C71076.jpg,,/product/mel-rosmaninho-com-doseador/5602132651256
40003,"Pólen, 170g",5604321024926,10319,10051,,Cemporcento,,"44,06€/Kg","7,49€",https://cdn.intermarche.pt/pt/Content/images/boitmal/produit/zoom/6738DC00B3A3EC4700D4ECCCB7D7E295.jpg,,/product/polen-170g/5604321024926
48153,Pólen de abelhas,5604260322947,10319,10051,Frasco de 130 g,PorSi Select,,"38,38€/Kg","4,99€",https://cdn.intermarche.pt/pt/Content/images/boitmal/produit/zoom/F54954F5A9FAC28F1F2EF7468F373E1E.jpg,,/product/polen-de-abelhas/5604260322947
2071,Mel em frasco de vidro,5604260193332,10319,10051,Embalagem de 250g,PorSi,,"9,16€/Kg","2,29€",https://cdn.intermarche.pt/pt/Content/images/boitmal/produit/zoom/0BBF8EA0662046D169A4CB39247F7AB7.jpg,,/product/mel-em-frasco-de-vidro/5604260193332
1821,Mel em frasco com doseador,5604260032082,10319,10051,Embalagem de 500g,PorSi,,"7,98€/Kg","3,99€",https://cdn.intermarche.pt/pt/Content/images/boitmal/produit/zoom/1B7FDA93E67A89E2E0F6E32E8931A5A7.jpg,,/product/mel-em-frasco-com-doseador/5604260032082
48152,Mel de Rosmaninho,5604260322930,10319,10051,Frasco de 250 g,PorSi Select,,"11,16€/Kg","2,79€",https://cdn.intermarche.pt/pt/Content/images/boitmal/produit/zoom/F42A6F51B18006C6B059EEB99538B52F.jpg,,/product/mel-de-rosmaninho/5604260322930
34201,Bolachas com pepitas de chocolate my cookie!,5601066401029,11082,10041,Embalagem de 150 g,Nacional,,"8,27€/Kg","1,24€",https://cdn.intermarche.pt/pt/Content/images/boitmal/produit/zoom/8733C55DE677087A69DC68FE9C7FC1FB.jpg,2024-09-25T22:59:59.999Z,/product/bolachas-com-pepitas-de-chocolate-my-cookie!/5601066401029
17150,Bolacha infantil dinossaurus mini dino chocolate,8436048440416,11082,10041,Embalagem de 120g,Artiach,,"11,58€/Kg","1,39€",https://cdn.intermarche.pt/pt/Content/images/boitmal/produit/zoom/7804F014CF31FFDFCA93C4985FA51ED7.jpg,2024-09-25T22:59:59.999Z,/product/bolacha-infantil-dinossaurus-mini-dino-chocolate/8436048440416
16693,Bolacha chocomax mini,5601066400916,11082,10041,Embalagem de 120 g,Nacional,,"8,67€/Kg","1,04€",https://cdn.intermarche.pt/pt/Content/images/boitmal/produit/zoom/369CF09991D63A6D8505CD9C805BD57F.jpg,2024-09-25T22:59:59.999Z,/product/bolacha-chocomax-mini/5601066400916
18535,Bolacha shortcake chocolate,5601066400947,11082,10041,Embalagem de 180g,Nacional,,"6,89€/Kg","1,24€",https://cdn.intermarche.pt/pt/Content/images/boitmal/produit/zoom/754864DD20A4E61DA2C651C2F705265E.jpg,2024-09-25T22:59:59.999Z,/product/bolacha-shortcake-chocolate/5601066400947
34373,Bolacha mini stars chocolate leite,7622210495716,11082,10041,Embalagem de 187 g,Prince,,"11,18€/Kg","2,09€",https://cdn.intermarche.pt/pt/Content/images/boitmal/produit/zoom/85550DCEDB34E4ED87C56697D2F29020.jpg,2024-09-25T22:59:59.999Z,/product/bolacha-mini-stars-chocolate-leite/7622210495716
30566,Bolachas my cookies xl com pepitas de chocolate de leite,5601066401005,11082,10041,Embalagem de 180g,Nacional,,"10,78€/Kg","1,94€",https://cdn.intermarche.pt/pt/Content/images/boitmal/produit/zoom/DBD48492800FCB04E8BDF289C04473DF.jpg,2024-09-25T22:59:59.999Z,/product/bolachas-my-cookies-xl-com-pepitas-de-chocolate-de-leite/5601066401005
30567,Bolachas cookies xl com pepitas de chocolate e alfarroba,5601066400992,11082,10041,Embalagem de 180g,Nacional,,"10,78€/Kg","1,94€",https://cdn.intermarche.pt/pt/Content/images/boitmal/produit/zoom/A4DDA0E0A5B9227B0C04C73DB91BAD64.jpg,2024-09-25T22:59:59.999Z,/product/bolachas-cookies-xl-com-pepitas-de-chocolate-e-alfarroba/5601066400992
37993,Bolacha princesa chocolate,5601008201106,11082,10041,Embalagem de 200 g,Vieira,,"12,95€/Kg","2,59€",https://cdn.intermarche.pt/pt/Content/images/boitmal/produit/zoom/C1C4F31F47A73D5ABCB52FB3B8059D28.jpg,2024-09-25T22:59:59.999Z,/product/bolacha-princesa-chocolate/5601008201106
49994,Bolachas Aveia com Chocolate Negro,5601066401111,11082,10041,Embalagem de 150g,Nacional,,"8,27€/Kg","1,24€",https://cdn.intermarche.pt/pt/Content/images/boitmal/produit/zoom/5DBABE4AA7F9FB7C714DC1F3C41A48D8.jpg,2024-09-25T22:59:59.999Z,/product/bolachas-aveia-com-chocolate-negro/5601066401111
34372,Bolacha mini stars chocolate branco,7622210665706,11082,10041,Embalagem de 187 g,Prince,,"11,18€/Kg","2,09€",https://cdn.intermarche.pt/pt/Content/images/boitmal/produit/zoom/09A4E5AD8638C3A6921C765B1ABFD9CA.jpg,2024-09-25T22:59:59.999Z,/product/bolacha-mini-stars-chocolate-branco/7622210665706
1820,Bolachas starship chocolate,5604260031658,11082,10041,Embalagem de 150g,PorSi,,"6,60€/Kg","0,99€",https://cdn.intermarche.pt/pt/Content/images/boitmal/produit/zoom/B78F035B380AE4F85AF3DBBE7AF5EFF4.jpg,,/product/bolachas-starship-chocolate/5604260031658
21442,Bolacha de Manteiga Belga c/ Chocolate Branco,5600744051051,11082,10041,Embalagem de 198 g,Saborosa,,"11,57€/Kg","2,29€",https://cdn.intermarche.pt/pt/Content/images/boitmal/produit/zoom/3CEC05C79853A031E4A2F0B067D14A89.jpg,,/product/bolacha-de-manteiga-belga-c-ou-chocolate-branco/5600744051051
2608,Bolos cake e chococolate,7622300784751,11082,10041,Embalagem de 180g,Milka,,"16,51€/Kg","2,89€",https://cdn.intermarche.pt/pt/Content/images/boitmal/produit/zoom/0D2AD5B70424093B71C1FFA8B5C544BB.jpg,,/product/bolos-cake-e-chococolate/7622300784751
35874,Bolachas waffers com recheio de cacau e avelã,8434165442870,11082,10041,Embalagem de 150 gr,Cuétara,,"13,27€/Kg","1,99€",https://cdn.intermarche.pt/pt/Content/images/boitmal/produit/zoom/368BE7E735B968F4E93C7D83EDAAE121.jpg,,/product/bolachas-waffers-com-recheio-de-cacau-e-avela/8434165442870
44650,Bolachas choco cookies,7622300766610,11082,10041,Embalagem de 135g,Milka,,"16,96€/Kg","2,29€",https://cdn.intermarche.pt/pt/Content/images/boitmal/produit/zoom/716E90613476BB4EE247CE9CA0FD7F97.jpg,,/product/bolachas-choco-cookies/7622300766610
45020,Bolachas cereais e pepitas de chocolate,5604260313266,11082,10041,Embalagem de 400 g,PorSi,,"6,73€/Kg","2,69€",https://cdn.intermarche.pt/pt/Content/images/boitmal/produit/zoom/5E958FC3F50E297B8C0132EF3B60D7E5.jpg,,/product/bolachas-cereais-e-pepitas-de-chocolate/5604260313266
45715,Bolachas com cobertura de chocolate,5604260310722,11082,10041,Embalagem de 150g,PorSi,,"11,93€/Kg","1,79€",https://cdn.intermarche.pt/pt/Content/images/boitmal/produit/zoom/6C7B1821562148DFD96C67869CD85ADC.jpg,,/product/bolachas-com-cobertura-de-chocolate/5604260310722
45720,Bolachas com pepitas de 2 chocolates,5604260310654,11082,10041,200 g,PorSi,,"9,25€/Kg","1,85€",https://cdn.intermarche.pt/pt/Content/images/boitmal/produit/zoom/42B7A477174F8145501E5F7D4E588317.jpg,,/product/bolachas-com-pepitas-de-2-chocolates/5604260310654
45758,Bolachas com recheio de chocolate,5604260286591,11082,10041,Embalagem de 500g,PorSi,,"2,98€/Kg","1,49€",https://cdn.intermarche.pt/pt/Content/images/boitmal/produit/zoom/45B10B9B2275CD9BB6CE744AA070B0A2.jpg,,/product/bolachas-com-recheio-de-chocolate/5604260286591
47014,Bolachas de cacau cobertas c/ chocolate branco,5604260318377,11082,10041,6 x 42 g,PorSi,,"7,90€/Kg","1,99€",https://cdn.intermarche.pt/pt/Content/images/boitmal/produit/zoom/FF1CB2D25D4BED7707C6F947EAD4BA69.jpg,,/product/bolachas-de-cacau-cobertas-c-ou-chocolate-branco/5604260318377
9935,Bolachas waffers com chocolate de leite,7622300292508,11082,10041,Embalagem de 180g,Milka,,"18,28€/Kg","3,29€",https://cdn.intermarche.pt/pt/Content/images/boitmal/produit/zoom/FA8770D46823FAEE83F51E2F8B2CC3E5.jpg,,/product/bolachas-waffers-com-chocolate-de-leite/7622300292508
9940,"Bolachas waffers, chocolate",7622300563523,11082,10041,Embalagem de 150g,Triunfo,,"11,27€/Kg","1,69€",https://cdn.intermarche.pt/pt/Content/images/boitmal/produit/zoom/FA42B11D22EFE9AC199F03EFE3720A9F.jpg,,/product/bolachas-waffers-chocolate/7622300563523
45719,Cookies pepitas de chocolate,5604260310661,11082,10041,200 g,PorSi,,"6,45€/Kg","1,29€",https://cdn.intermarche.pt/pt/Content/images/boitmal/produit/zoom/700B8046D35DBD077E638F55AFBD7B08.jpg,,/product/cookies-pepitas-de-chocolate/5604260310661
2223,Bolachas com recheio baunilha,5604260266388,11082,10041,Embalagem de 500g,PorSi,,"3,18€/Kg","1,59€",https://cdn.intermarche.pt/pt/Content/images/boitmal/produit/zoom/629B86B30C117365C725FDCFA3AF6120.jpg,,/product/bolachas-com-recheio-baunilha/5604260266388
18489,Bolacha de manteiga belga c/ chocolate,5600744051020,11082,10041,Embalagem de 200g,Saborosa,,"10,56€/Kg","2,09€",https://cdn.intermarche.pt/pt/Content/images/boitmal/produit/zoom/EC85EF320199ECBED8BA18BD4452787A.jpg,,/product/bolacha-de-manteiga-belga-c-ou-chocolate/5600744051020
2590,Bolachas choco mini estrelas,7622300292522,11082,10041,Embalagem de 190g,Milka,,"14,32€/Kg","2,65€",https://cdn.intermarche.pt/pt/Content/images/boitmal/produit/zoom/8F4C0390D660B2DF6654D0F196E37C68.jpg,,/product/bolachas-choco-mini-estrelas/7622300292522
27489,Bolacha tosta rica choco guay,8434165466395,11082,10041,Embalagem de 170g,Cuétara,,"13,63€/Kg","2,29€",https://cdn.intermarche.pt/pt/Content/images/boitmal/produit/zoom/DEDEA09A4AED851A280232AF3C2BFB2A.jpg,,/product/bolacha-tosta-rica-choco-guay/8434165466395
49293,Filipinos chocolate leite,8436048962680,11082,10041,Embalagem de 128g,Artiach,,"14,77€/Kg","1,89€",https://cdn.intermarche.pt/pt/Content/images/boitmal/produit/zoom/CBA0BC5160CAF060D67235F585601BD5.jpg,,/product/filipinos-chocolate-leite/8436048962680
49294,Filipinos chocolate leite,8436048962697,11082,10041,Embalagem de 128g,Artiach,,"14,77€/Kg","1,89€",https://cdn.intermarche.pt/pt/Content/images/boitmal/produit/zoom/05B47EDDF3D01B19917978DD3D0A3CDE.jpg,,/product/filipinos-chocolate-leite/8436048962697
35544,Bolachas Mini Recheadas com Chocolate,7622210420244,11082,10041,Embalagem de 160 g,Prince,,"3,89€/Kg","2,49€",https://cdn.intermarche.pt/pt/Content/images/boitmal/produit/zoom/43A6802DCC194BEFB4FBD952A4F3716A.jpg,,/product/bolachas-mini-recheadas-com-chocolate/7622210420244
6404,Bolacha recheada mega duo chocolate,8410376017113,11082,10041,Embalagem de 500g,Gullón,,"6,98€/Kg","3,49€",https://cdn.intermarche.pt/pt/Content/images/boitmal/produit/zoom/8EB5AE64DF1A4B711D2A877A1A47FC57.jpg,,/product/bolacha-recheada-mega-duo-chocolate/8410376017113
43388,"Tarteletes com recheio avelã, 91g",5604260311323,11082,10041,,PorSi,,"8,24€/Kg","0,75€",https://cdn.intermarche.pt/pt/Content/images/boitmal/produit/zoom/CFA098DE32A202379C830BD27CAFFB14.jpg,,/product/tarteletes-com-recheio-avela-91g/5604260311323
2252,Biscoitos de cacau,5604260267798,11082,10041,Embalagem de 750g,PorSi,,"3,99€/Kg","2,99€",https://cdn.intermarche.pt/pt/Content/images/boitmal/produit/zoom/74BE4AA4D7DB9154724A87C14C490A09.jpg,,/product/biscoitos-de-cacau/5604260267798
46601,Bolachas shortcake cacau,5604260316649,11082,10041,Embalagem de 185 g,PorSi,,"6,43€/Kg","1,19€",https://cdn.intermarche.pt/pt/Content/images/boitmal/produit/zoom/C0D5788C3F8381FEFD3F7D11AE8F7D12.jpg,,/product/bolachas-shortcake-cacau/5604260316649
49295,Filipinos chocolate negro,8436048962673,11082,10041,Embalagem de 128g,Artiach,,"14,77€/Kg","1,89€",https://cdn.intermarche.pt/pt/Content/images/boitmal/produit/zoom/1BB16423EAC274720219BA9EACC7B149.jpg,,/product/filipinos-chocolate-negro/8436048962673
45670,Bolachas cobertura de chocolate negro,5604260310715,11082,10041,Embalagem de 150g,PorSi,,"11,27€/Kg","1,69€",https://cdn.intermarche.pt/pt/Content/images/boitmal/produit/zoom/C033651908530FC0BB9ACA74734D1FFF.jpg,,/product/bolachas-cobertura-de-chocolate-negro/5604260310715
48682,Biscoito chocolate de leite,3017760363396,11082,10041,Embalagem de 75g,Mikado,,"30,53€/Kg","2,29€",https://cdn.intermarche.pt/pt/Content/images/boitmal/produit/zoom/E5AECC4B056C3B93F707028B6876AB43.jpg,,/product/biscoito-chocolate-de-leite/3017760363396
45022,Bolachas cacau com cereais e pepitas de chocolate,5604260313235,11082,10041,Embalagem de 400 g,PorSi,,"6,48€/Kg","2,59€",https://cdn.intermarche.pt/pt/Content/images/boitmal/produit/zoom/8618ED28AFBA5645B1BB8151C0A7498F.jpg,,/product/bolachas-cacau-com-cereais-e-pepitas-de-chocolate/5604260313235
46472,Bolachas cobertas de chocolate,5604260313471,11082,10041,195 g,PorSi,,"9,69€/Kg","1,89€",https://cdn.intermarche.pt/pt/Content/images/boitmal/produit/zoom/DD8966BB803ABD2AE8F212130341EAD1.jpg,,/product/bolachas-cobertas-de-chocolate/5604260313471
36688,"Supremas de chocolate, biscoitos",5604260292851,11082,10041,Embalagem de 300g,PorSi,,"6,63€/Kg","1,99€",https://cdn.intermarche.pt/pt/Content/images/boitmal/produit/zoom/DE8C4D818057862BECF2AC3891957220.jpg,,/product/supremas-de-chocolate-biscoitos/5604260292851
12325,Bolachas oreo,8410000827446,10796,10041,Embalagem de 440g,Oreo,,"9,07€/Kg","3,99€",https://cdn.intermarche.pt/pt/Content/images/boitmal/produit/zoom/7FB878BD0E0E056A811C587B8C6317B3.jpg,,/product/bolachas-oreo/8410000827446
19638,Tarteletes morango doses 192g,5601008200864,10796,10041,Embalagem de 190g,Vieira,,"12,45€/Kg","2,39€",https://cdn.intermarche.pt/pt/Content/images/boitmal/produit/zoom/E6BB1E0538FEEBECE12B38A7EFFF2786.jpg,,/product/tarteletes-morango-doses-192g/5601008200864
1964,Bolachas waffers baunilha,5604260061549,10796,10041,Embalagem de 210g,PorSi,,"5,57€/Kg","1,17€",https://cdn.intermarche.pt/pt/Content/images/boitmal/produit/zoom/20367F05C9E3E51FF277B9951DA20D70.jpg,,/product/bolachas-waffers-baunilha/5604260061549
35873,Bolachas waffers com recheio de limão,8434165506411,10796,10041,Embalagem de 150 gr,Cuétara,,"13,27€/Kg","1,99€",https://cdn.intermarche.pt/pt/Content/images/boitmal/produit/zoom/C1A6DD3ED37BFF546B5EAEDF5E929842.jpg,,/product/bolachas-waffers-com-recheio-de-limao/8434165506411
4783,"Bolachas fruit & form, frutos de bosques",5000396036091,10796,10041,Embalagem de 220g,McVities,,"13,14€/Kg","2,89€",https://cdn.intermarche.pt/pt/Content/images/boitmal/produit/zoom/76D60EF12D61B18D540490D084B4EBEC.jpg,,/product/bolachas-fruit-&-form-frutos-de-bosques/5000396036091
46325,Bolachas cacau & cream,5604260318612,10796,10041,Embalagem com 154 g,PorSi,,"5,78€/Kg","0,89€",https://cdn.intermarche.pt/pt/Content/images/boitmal/produit/zoom/1BE84E9FCC62DDA7BA2C4D6A793F3716.jpg,,/product/bolachas-cacau-&-cream/5604260318612
43389,Tarteletes com recheio morango,5604260311330,10796,10041,Embalagem de 96g,PorSi,,"7,81€/Kg","0,75€",https://cdn.intermarche.pt/pt/Content/images/boitmal/produit/zoom/B6EAEEC6AAFDDCA80DF8924A467BB851.jpg,,/product/tarteletes-com-recheio-morango/5604260311330
2589,"Bolachas, tubo",7622300281182,10796,10041,Embalagem de 150g,Oreo,,"12,60€/Kg","1,89€",https://cdn.intermarche.pt/pt/Content/images/boitmal/produit/zoom/A967EF8D7DC66A4DE384AFCA6E356DB8.jpg,,/product/bolachas-tubo/7622300281182
1965,Bolachas waffers morango,5604260061556,10796,10041,Embalagem de 210g,PorSi,,"5,57€/Kg","1,17€",https://cdn.intermarche.pt/pt/Content/images/boitmal/produit/zoom/6F356F6CE8F384B8CEF6FD248AF1DFF4.jpg,,/product/bolachas-waffers-morango/5604260061556
46149,Waffle de liège,5600744051198,10796,10041,Embalagem de 220g,Aurora,,"13,59€/Kg","2,99€",https://cdn.intermarche.pt/pt/Content/images/boitmal/produit/zoom/06168550E0AADF89E974A32CEE76164B.jpg,,/product/waffle-de-liege/5600744051198
2606,Bolachas,7622300744663,10796,10041,Embalagem de 220g,Oreo,,"11,32€/Kg","2,49€",https://cdn.intermarche.pt/pt/Content/images/boitmal/produit/zoom/1AB178197ABC736FA7B57AEDFAF90CB9.jpg,,/product/bolachas/7622300744663
4785,"Bolachas fruit & forma, maçã e canela",5000396036138,10796,10041,Embalagem de 220g,McVities,,"12,68€/Kg","2,79€",https://cdn.intermarche.pt/pt/Content/images/boitmal/produit/zoom/BF9D3CB3A0C232FF6535776878C3FCC0.jpg,,/product/bolachas-fruit-&-forma-maca-e-canela/5000396036138
21489,Bolachas recheadas com morango e cheesecake,7622210635105,10796,10041,Embalagem de 150g,Oreo,,"12,27€/Kg","1,89€",https://cdn.intermarche.pt/pt/Content/images/boitmal/produit/zoom/28C4F259CF3A79A20D1087498B888809.jpg,,/product/bolachas-recheadas-com-morango-e-cheesecake/7622210635105
26592,Bolachas brownie tubo,7622210776167,10796,10041,Embalagem de 150g,Oreo,,"12,27€/Kg","1,89€",https://cdn.intermarche.pt/pt/Content/images/boitmal/produit/zoom/9F0328D6F4F62F0E264B2BC1EE5F73A5.jpg,,/product/bolachas-brownie-tubo/7622210776167
29159,Bolacha recheada bocaditos limão,8434165471191,10796,10041,Embalagem de 150g,Cuétara,,"13,27€/Kg","1,99€",https://cdn.intermarche.pt/pt/Content/images/boitmal/produit/zoom/0B3E5572E529A0BC97FE28B16B738B9F.jpg,,/product/bolacha-recheada-bocaditos-limao/8434165471191
17025,Bolacha diet nature recheio creme,8410376044393,10796,10041,Embalagem de 210g,Gullón,,"13,29€/Kg","2,79€",https://cdn.intermarche.pt/pt/Content/images/boitmal/produit/zoom/061CA1DA1A2A63B422542CD68AF6757E.jpg,,/product/bolacha-diet-nature-recheio-creme/8410376044393
35875,Bolachas waffers com recheio de coco,8434165442863,10796,10041,Embalagem de 150 gr,Cuétara,,"13,27€/Kg","1,99€",https://cdn.intermarche.pt/pt/Content/images/boitmal/produit/zoom/E0525114E4376D9F08191CD1AF4525E4.jpg,,/product/bolachas-waffers-com-recheio-de-coco/8434165442863
46183,Waffer de morango,8434165564619,10796,10041,Embalagem de 150g,Cuétara,,"13,27€/Kg","1,99€",https://cdn.intermarche.pt/pt/Content/images/boitmal/produit/zoom/F92F48CCC0C2D680ECF2F24064EABA3F.jpg,,/product/waffer-de-morango/8434165564619
48685,Bolachas Remix Caramelo,7622201499990,10796,10041,Embalagem de 157g,Oreo,,"11,40€/Kg","1,79€",https://cdn.intermarche.pt/pt/Content/images/boitmal/produit/zoom/876328480CC5D8125DE438C4D4FD3730.jpg,,/product/bolachas-remix-caramelo/7622201499990
36519,Bolacha wafer baunilha,5604260292950,10796,10041,Embalagem de 180g,PorSi,,"8,83€/Kg","1,59€",https://cdn.intermarche.pt/pt/Content/images/boitmal/produit/zoom/D5CC0873AFCB2AEB0E5E172360D6348F.jpg,,/product/bolacha-wafer-baunilha/5604260292950
49345,Bolachas Cobertas PiM's Framboesa,7622201639419,10796,10041,Embalagem de 150g,Triunfo,,"14,60€/Kg","2,19€",https://cdn.intermarche.pt/pt/Content/images/boitmal/produit/zoom/BCF859662FA47283BB32D3D428ED7C49.jpg,,/product/bolachas-cobertas-pim's-framboesa/7622201639419
53244,"Bolacha Recheada Dibus Magic, 154g",8410376061697,10796,10041,,Gullon,,"11,62€/Kg","1,79€",https://cdn.intermarche.pt/pt/Content/images/boitmal/produit/zoom/11DE396FADD57C0761C04756C915818D.jpg,,/product/bolacha-recheada-dibus-magic-154g/8410376061697
9986,Bolachas waffer quadratini avelã,8000380004911,10796,10041,Embalagem de 250g,Loacker,,"15,96€/Kg","3,99€",https://cdn.intermarche.pt/pt/Content/images/boitmal/produit/zoom/3E54958F3CEA4B34397471F3864695B3.jpg,,/product/bolachas-waffer-quadratini-avela/8000380004911
14488,Bolachas de Amêndoa,7312220016277,10796,10041,Embalagem de 150G,ANNAS,,"16,60€/Kg","2,49€",https://cdn.intermarche.pt/pt/Content/images/boitmal/produit/zoom/E2E72A60D65B5B7D191132E3D48EA6BF.jpg,,/product/bolachas-de-amendoa/7312220016277
14491,Bolacha Gengibre,7312220011272,10796,10041,Embalagem de 150G,ANNAS,,"16,60€/Kg","2,49€",https://cdn.intermarche.pt/pt/Content/images/boitmal/produit/zoom/66F0F16CD3EF220E1F435F3515429FA0.jpg,,/product/bolacha-gengibre/7312220011272
1478,Bolachas waffers nice baunilha,5601306020461,10796,10041,Embalagem de 250g,Dailidoce,,"9,96€/Kg","2,49€",https://cdn.intermarche.pt/pt/Content/images/boitmal/produit/zoom/A5B488E28636B6F073538EA6CA3180A4.jpg,,/product/bolachas-waffers-nice-baunilha/5601306020461
18514,Bolacha diet nature recheio iogurte,8410376042481,10796,10041,Embalagem de 220g,Gullón,,"13,59€/Kg","2,99€",https://cdn.intermarche.pt/pt/Content/images/boitmal/produit/zoom/EEA98B677556623DADA9CC0CCA2B7CD9.jpg,,/product/bolacha-diet-nature-recheio-iogurte/8410376042481
2601,"Bolachas, cobertura com chocolate branco",7622300491161,10796,10041,Embalagem de 250g,Oreo,,"12,97€/Kg","3,19€",https://cdn.intermarche.pt/pt/Content/images/boitmal/produit/zoom/708F9567DDBC40A43E69B2096C95ABE7.jpg,,/product/bolachas-cobertura-com-chocolate-branco/7622300491161
29647,Bolachas soft bakes recheio morango,7622210833099,10796,10041,Embalagem de 250g,Belvita,,"13,16€/Kg","3,29€",https://cdn.intermarche.pt/pt/Content/images/boitmal/produit/zoom/7CAE6061DAD8D11FBF4DAC8F5FFD88AE.jpg,,/product/bolachas-soft-bakes-recheio-morango/7622210833099
30629,Bolachas de Chocolate com Recheio de Creme Birthday Party,7622210851505,10796,10041,Embalagem de 150g,Oreo,,"12,27€/Kg","1,89€",https://cdn.intermarche.pt/pt/Content/images/boitmal/produit/zoom/57FCF5C6394C54B88D4B5DD1F0EDE8DA.jpg,,/product/bolachas-de-chocolate-com-recheio-de-creme-birthday-party/7622210851505
48725,"Surtido diet nature, 319g",8410376057645,10450,10120,,Gullón,,"21,60€/Kg","6,89€",https://cdn.intermarche.pt/pt/Content/images/boitmal/produit/zoom/1B433ED532C6BD88C39154AFF81EC879.jpg,,/product/surtido-diet-nature-319g/8410376057645
49344,Bolachas Cobertas PiM's Laranja,7622201638337,10796,10041,Embalagem de 150g,Triunfo,,"14,60€/Kg","2,19€",https://cdn.intermarche.pt/pt/Content/images/boitmal/produit/zoom/2CADC4FA1B811C2F73323E31068EEFE9.jpg,,/product/bolachas-cobertas-pim's-laranja/7622201638337
51409,Waffer manteiga amendoim,5604260327690,10796,10041,Embalagem de 200g,PorSi,,"11,95€/Kg","2,39€",https://cdn.intermarche.pt/pt/Content/images/boitmal/produit/zoom/FA8AB0FCE268512BB8A7D34D1491B277.jpg,,/product/waffer-manteiga-amendoim/5604260327690
52971,"Bolachas Cookies Cobertura Chocolate Leite, 200g",8410376069204,10796,10041,,Gullon,,"19,95€/Kg","3,99€",https://cdn.intermarche.pt/pt/Content/images/boitmal/produit/zoom/3BDABAD31A9DB56985C85BD40528B96E.jpg,,/product/bolachas-cookies-cobertura-chocolate-leite-200g/8410376069204
52972,"Bolachas Cookies Cobertura Chocolate Branco, 200g",8410376069198,10796,10041,,Gullon,,"19,95€/Kg","3,99€",https://cdn.intermarche.pt/pt/Content/images/boitmal/produit/zoom/95694DB8A92D7F959B36A9F9CD3D6507.jpg,,/product/bolachas-cookies-cobertura-chocolate-branco-200g/8410376069198
53052,Bolachas Cobertas Moo,7622210405302,10796,10041,Embalagem de 120g,Milka,,"16,58€/Kg","1,99€",https://cdn.intermarche.pt/pt/Content/images/boitmal/produit/zoom/4416F19A6AE6FCA0430ADF4067515015.jpg,,/product/bolachas-cobertas-moo/7622210405302
6409,Bolacha recheada mega duo baunilha,8410376036862,10796,10041,Embalagem de 500g,Gullón,,"6,98€/Kg","3,49€",https://cdn.intermarche.pt/pt/Content/images/boitmal/produit/zoom/047268CFDE992052A6136792814FF14B.jpg,,/product/bolacha-recheada-mega-duo-baunilha/8410376036862
2587,Bolachas mini,7622300165628,10796,10041,Embalagem de 160g,Oreo,,"15,56€/Kg","2,49€",https://cdn.intermarche.pt/pt/Content/images/boitmal/produit/zoom/379964D6691C2653C7F14552CE094A62.jpg,,/product/bolachas-mini/7622300165628
2602,Bolachas com cobertura de chocolate de leite,7622300491215,10796,10041,Embalagem de 250g,Oreo,,"12,97€/Kg","3,19€",https://cdn.intermarche.pt/pt/Content/images/boitmal/produit/zoom/77DF0BC3BE90DFF05D169F9B065129BE.jpg,,/product/bolachas-com-cobertura-de-chocolate-de-leite/7622300491215
16695,Bolacha golden,7622210480002,10796,10041,Embalagem de 154 g,Oreo,,"12,27€/Kg","1,89€",https://cdn.intermarche.pt/pt/Content/images/boitmal/produit/zoom/02C806A23EC6E6DE454722D8F3269953.jpg,,/product/bolacha-golden/7622210480002
2779,Bolachas infantil dinossauros,8410180108038,10251,10041,Embalagem de 190g,Artiach,,"9,14€/Kg","1,69€",https://cdn.intermarche.pt/pt/Content/images/boitmal/produit/zoom/6D63D115534CE580F1302DD713E987C3.jpg,2024-09-25T22:59:59.999Z,/product/bolachas-infantil-dinossauros/8410180108038
17149,Bolacha infantil dinossaurus mini dino cereais,8436048440393,10251,10041,Embalagem de 120g,Artiach,,"11,58€/Kg","1,39€",https://cdn.intermarche.pt/pt/Content/images/boitmal/produit/zoom/49D75D0158B292C84E9F3C8C3B699590.jpg,2024-09-25T22:59:59.999Z,/product/bolacha-infantil-dinossaurus-mini-dino-cereais/8436048440393
15388,Bolachas dinossauros dinoovos,8436048431735,10251,10041,Embalagem de 140g,Artiach,,"11,71€/Kg","1,64€",https://cdn.intermarche.pt/pt/Content/images/boitmal/produit/zoom/FDC4F3535F0B7A465DEB82D49C9892B6.jpg,2024-09-25T22:59:59.999Z,/product/bolachas-dinossauros-dinoovos/8436048431735
30854,Dinos cookienss 185g                 *10,8436048961515,10251,10041,Embalagem de 190g,Artiach,,"9,95€/Kg","1,84€",https://cdn.intermarche.pt/pt/Content/images/boitmal/produit/zoom/E418A1D24BD1237E3139DA658208B51D.jpg,2024-09-25T22:59:59.999Z,/product/dinos-cookienss-185g-*10/8436048961515
25121,Bolachinhas,7613035749016,10251,10041,Embalagem de 180g,Cerelac,,"15,78€/Kg","2,84€",https://cdn.intermarche.pt/pt/Content/images/boitmal/produit/zoom/5BBEF4F801DAFADB1911E5F821051B1F.jpg,2024-10-04T22:59:59.999Z,/product/bolachinhas/7613035749016
26645,Bolachas tosta rica,8434165483965,10251,10041,Embalagem de 570g,Cuétara,,"7,00€/Kg","3,99€",https://cdn.intermarche.pt/pt/Content/images/boitmal/produit/zoom/280E50EBC29DD4AE6A9CCE7FB9666CBB.jpg,,/product/bolachas-tosta-rica/8434165483965
2676,Bolachas chiquilin ositos de mel,8410000809831,10251,10041,Embalagem de 160g,Artiach,,"13,69€/Kg","2,19€",https://cdn.intermarche.pt/pt/Content/images/boitmal/produit/zoom/B2E31B2D017B25AF7CB7406A9DED8959.jpg,,/product/bolachas-chiquilin-ositos-de-mel/8410000809831
28572,Tosta rica mini go,8434165484054,10251,10041,Embalagem de 240g,Cuétara,,"11,63€/Kg","2,79€",https://cdn.intermarche.pt/pt/Content/images/boitmal/produit/zoom/5A734A2EA3B70D54F3B8AB905B577E94.jpg,,/product/tosta-rica-mini-go/8434165484054
2815,Bolacha dibus mini angry birds,8410376039207,10251,10041,Embalagem de 250g,Gullón,,"7,96€/Kg","1,99€",https://cdn.intermarche.pt/pt/Content/images/boitmal/produit/zoom/AB0397C871B4362D94CC806337253C22.jpg,,/product/bolacha-dibus-mini-angry-birds/8410376039207
18497,Bolacha dibus sharkies s/ glúten,8410376044959,10251,10041,Embalagem de 250g,Gullón,,"11,96€/Kg","2,99€",https://cdn.intermarche.pt/pt/Content/images/boitmal/produit/zoom/B55795E6F0CB6562BFC651E2CE12AA97.jpg,,/product/bolacha-dibus-sharkies-s-ou-gluten/8410376044959
53245,"Bolachas Dibus Magic Mix & Go, 208g",8410376065077,10251,10041,,Gullon,,"12,45€/Kg","2,59€",https://cdn.intermarche.pt/pt/Content/images/boitmal/produit/zoom/31C94F511125FF508ED7AC3EEC2DBB07.jpg,,/product/bolachas-dibus-magic-mix-&-go-208g/8410376065077
8983,Bolachas palmi kids,5601489129241,10251,10041,Embalagem de 100g,Du Bois de la Roche,,"11,90€/Kg","1,19€",https://cdn.intermarche.pt/pt/Content/images/boitmal/produit/zoom/11A48F7115E68F6FA2E832A466E960A6.jpg,,/product/bolachas-palmi-kids/5601489129241
33123,Bledina bolachinhas 125g,5601172230551,10251,10041,Embalagem de 130g,Blédina,,"23,12€/Kg","2,89€",https://cdn.intermarche.pt/pt/Content/images/boitmal/produit/zoom/828E5C80E91863B099D4F6D055ABFB4C.jpg,,/product/bledina-bolachinhas-125g/5601172230551
46661,"Snack tubinhos de grão de bico, 20g",5601172231442,10251,10041,,Blédina,,"74,50€/Kg","1,49€",https://cdn.intermarche.pt/pt/Content/images/boitmal/produit/zoom/BF3AD1272297D52F5D446A627FE5168A.jpg,,/product/snack-tubinhos-de-grao-de-bico-20g/5601172231442
51838,Bolachas Chiquilin Chiquichocs Energy,8436048961898,10251,10041,Embalagem de 140g,Artiach,,"15,64€/Kg","2,19€",https://cdn.intermarche.pt/pt/Content/images/boitmal/produit/zoom/AEFCB05BD942A3FA96B15C09570B2BA8.jpg,,/product/bolachas-chiquilin-chiquichocs-energy/8436048961898
52976,"Bolachas Finas Hookies de Chocolate de Leite, 160g",8410376069891,10251,10041,,Gullon,,"17,44€/Kg","2,79€",https://cdn.intermarche.pt/pt/Content/images/boitmal/produit/zoom/7597AEA2A26B4129B747B4044018A9CF.jpg,,/product/bolachas-finas-hookies-de-chocolate-de-leite-160g/8410376069891
31611,Tosta rica oceanix 160g,8434165466357,10251,10041,Embalagem de 160g,Cuétara,,"13,69€/Kg","2,19€",https://cdn.intermarche.pt/pt/Content/images/boitmal/produit/zoom/C1D425022BF9B64295AD3863666AEA48.jpg,,/product/tosta-rica-oceanix-160g/8434165466357
46664,"Snack bolachas de arroz, 30g",5601172231473,10251,10041,,Blédina,,"49,67€/Kg","1,49€",https://cdn.intermarche.pt/pt/Content/images/boitmal/produit/zoom/40AB85C646509B74ECE2F6DEE8BF8C5E.jpg,,/product/snack-bolachas-de-arroz-30g/5601172231473
14711,Bolacha alfa,5601286402332,11747,10041,Embalagem de 180g,Nacional,,"5,94€/Kg","1,07€",https://cdn.intermarche.pt/pt/Content/images/boitmal/produit/zoom/5276D08644D4F57D25BB338DF64F883B.jpg,2024-09-25T22:59:59.999Z,/product/bolacha-alfa/5601286402332
18079,Bolacha shortcake,5601066400923,11747,10041,Embalagem de 180g,Nacional,,"6,89€/Kg","1,24€",https://cdn.intermarche.pt/pt/Content/images/boitmal/produit/zoom/A284E5FC1A6E1FA3EC9C3B429775498D.jpg,2024-09-25T22:59:59.999Z,/product/bolacha-shortcake/5601066400923
2675,Bolachas mini chips ahoy,8410000802771,11747,10041,Embalagem de 160g,Chips Ahoy!,,"11,50€/Kg","1,84€",https://cdn.intermarche.pt/pt/Content/images/boitmal/produit/zoom/DE418FAECA7690A5B269007BDA9C41FA.jpg,2024-09-25T22:59:59.999Z,/product/bolachas-mini-chips-ahoy/8410000802771
35657,Bolacha passitas,5601066400978,11747,10041,Embalagem de 150 g,Nacional,,"8,93€/Kg","1,34€",https://cdn.intermarche.pt/pt/Content/images/boitmal/produit/zoom/8F44D4AF9A68FC51702452973D4627DA.jpg,2024-09-25T22:59:59.999Z,/product/bolacha-passitas/5601066400978
11714,Bolachas mini alfa,5601286402301,11747,10041,Embalagem de 120g,Nacional,,"8,67€/Kg","1,04€",https://cdn.intermarche.pt/pt/Content/images/boitmal/produit/zoom/51EAE1E8FB282C46C3D148FFEA696859.jpg,2024-09-25T22:59:59.999Z,/product/bolachas-mini-alfa/5601286402301
46218,Mini cookies 0% açúcares,5601066401081,11747,10041,Embalagem de 120g,Nacional,,"11,17€/Kg","1,34€",https://cdn.intermarche.pt/pt/Content/images/boitmal/produit/zoom/D77C630E730F5DAF0DA2818E71EA8BBF.jpg,2024-09-25T22:59:59.999Z,/product/mini-cookies-0%25-acucares/5601066401081
2176,Bolachas rosquilhas,5604260261406,11747,10041,Embalagem de 600g,PorSi,,"3,25€/Kg","1,95€",https://cdn.intermarche.pt/pt/Content/images/boitmal/produit/zoom/9CF9ED841DF75DAB4369F47DADEE657B.jpg,,/product/bolachas-rosquilhas/5604260261406
35748,Palmiers,5604260292905,11747,10041,Embalagem de 720 g,PorSi,,"5,26€/Kg","3,79€",https://cdn.intermarche.pt/pt/Content/images/boitmal/produit/zoom/E87B1D2D8B1DDE2BC959D6063F5C6DE0.jpg,,/product/palmiers/5604260292905
1819,"Bolachas starship tradicional, 150g",5604260031634,11747,10041,,PorSi,,"6,60€/Kg","0,99€",https://cdn.intermarche.pt/pt/Content/images/boitmal/produit/zoom/AAB90C85B618F1A7B512DA89D98EF572.jpg,,/product/bolachas-starship-tradicional-150g/5604260031634
2096,Bolachas belgas manteiga,5604260227174,11747,10041,Embalagem de 250g,PorSi,,"7,56€/Kg","1,89€",https://cdn.intermarche.pt/pt/Content/images/boitmal/produit/zoom/E662FF46395A8824E9E534E6C15F2506.jpg,,/product/bolachas-belgas-manteiga/5604260227174
2329,"Bolachas relieve, mel e coco",5604260273102,11747,10041,Embalagem de 700g,PorSi,,"2,84€/Kg","1,99€",https://cdn.intermarche.pt/pt/Content/images/boitmal/produit/zoom/A6CB3FAE8C77BC39D3D57AB389966BBB.jpg,,/product/bolachas-relieve-mel-e-coco/5604260273102
35655,Palmiers,5604260292844,11747,10041,Embalagem de 300 g,PorSi,,"5,63€/Kg","1,69€",https://cdn.intermarche.pt/pt/Content/images/boitmal/produit/zoom/14E9951A3F8F5EFFA970580C94DC2A76.jpg,,/product/palmiers/5604260292844
36788,Preciosas biscoito frisado com sabor a limão,5604260292837,11747,10041,Embalagem de 300 g,PorSi,,"5,30€/Kg","1,59€",https://cdn.intermarche.pt/pt/Content/images/boitmal/produit/zoom/AA16BE65A08E3FB003E8D18EEE144DD5.jpg,,/product/preciosas-biscoito-frisado-com-sabor-a-limao/5604260292837
18488,Bolacha de manteiga belga original,5600744051013,11747,10041,Embalagem de 220g,Saborosa,,"9,05€/Kg","1,99€",https://cdn.intermarche.pt/pt/Content/images/boitmal/produit/zoom/E47AEEFDB6078E82F552ABDA38861231.jpg,,/product/bolacha-de-manteiga-belga-original/5600744051013
2334,Linguas de gato,5604260273867,11747,10041,Embalagem de 200 g,PorSi,,"5,75€/Kg","1,15€",https://cdn.intermarche.pt/pt/Content/images/boitmal/produit/zoom/0F2D0BE1A7D81E4763322C5A5F380CFB.jpg,,/product/linguas-de-gato/5604260273867
41821,Bolachas shortcake,5604260286614,11747,10041,Embalagem de 233 g,PorSi,,"5,88€/Kg","1,37€",https://cdn.intermarche.pt/pt/Content/images/boitmal/produit/zoom/FD337DC162DFE5D0C1D26E6B87066CBE.jpg,,/product/bolachas-shortcake/5604260286614
36693,Areias,5604260293377,11747,10041,Embalagem de 300g,PorSi,,"6,63€/Kg","1,99€",https://cdn.intermarche.pt/pt/Content/images/boitmal/produit/zoom/D74850B23BE8F102A4FEF7DC24D839B9.jpg,,/product/areias/5604260293377
42172,Palmiers,5604260308095,11747,10041,Embalagem de 100g,PorSi,,"8,50€/Kg","0,85€",https://cdn.intermarche.pt/pt/Content/images/boitmal/produit/zoom/39C8FD41E7A7C8C44B5FE21987698BFA.jpg,,/product/palmiers/5604260308095
35656,Línguas de veado,5604260292820,11747,10041,Embalagem de 300 g,PorSi,,"5,97€/Kg","1,79€",https://cdn.intermarche.pt/pt/Content/images/boitmal/produit/zoom/5246515252B7769875EBE31AAE8C8EEF.jpg,,/product/linguas-de-veado/5604260292820
45454,Bolachas de manteiga,5604260310470,11747,10041,Embalagem de 200 g,PorSi,,"7,95€/Kg","1,59€",https://cdn.intermarche.pt/pt/Content/images/boitmal/produit/zoom/F9DD6531FBABC684C6EF9849631B482F.jpg,,/product/bolachas-de-manteiga/5604260310470
1897,Palito la reine,5604260047093,11747,10041,Embalagem de 400 g,PorSi,,"4,98€/Kg","1,99€",https://cdn.intermarche.pt/pt/Content/images/boitmal/produit/zoom/F0DD2C02A1AD2C79BB3DCECC6A913FF7.jpg,,/product/palito-la-reine/5604260047093
35852,Lagartos,5604260292868,11747,10041,Embalagem de 300 gr,PorSi,,"4,97€/Kg","1,49€",https://cdn.intermarche.pt/pt/Content/images/boitmal/produit/zoom/C51C928FD26DC077DB8F1E1D6D8F25D2.jpg,,/product/lagartos/5604260292868
12253,Bolachas de manteiga,7622210293602,11747,10041,Embalagem de 170g,Triunfo,,"11,71€/Kg","1,99€",https://cdn.intermarche.pt/pt/Content/images/boitmal/produit/zoom/5388E83127296877F23028D98C2523F1.jpg,,/product/bolachas-de-manteiga/7622210293602
9599,Biscoitos canudinho recheio cacau,5604260256976,11747,10041,Embalagem de 300g,PorSi,,"9,97€/Kg","2,99€",https://cdn.intermarche.pt/pt/Content/images/boitmal/produit/zoom/53163931F2AD6AD902ECA2430E96CD8D.jpg,,/product/biscoitos-canudinho-recheio-cacau/5604260256976
2577,Bolachas de aveia,7622210252074,11747,10041,Embalagem de 190g,Triunfo,,"8,89€/Kg","1,69€",https://cdn.intermarche.pt/pt/Content/images/boitmal/produit/zoom/1549878B1887043B8581F850E3C563EA.jpg,,/product/bolachas-de-aveia/7622210252074
1542,Palmiers,5601489300152,11747,10041,Embalagem de 150g,Du Bois de la Roche,,"10,60€/Kg","1,59€",https://cdn.intermarche.pt/pt/Content/images/boitmal/produit/zoom/B99A0A3D0733F211C9C1ECC63259BCA8.jpg,,/product/palmiers/5601489300152
16723,Bolacha vitalday crocante original,8410376041002,11747,10041,Embalagem de 270g,Gullón,,"9,77€/Kg","2,59€",https://cdn.intermarche.pt/pt/Content/images/boitmal/produit/zoom/6BE580F539F144FF40FA8F1E3C6EC842.jpg,,/product/bolacha-vitalday-crocante-original/8410376041002
2672,Bolachas chips ahoy,8410000002904,11747,10041,Embalagem de 130g,Chips Ahoy!,,"16,08€/Kg","2,09€",https://cdn.intermarche.pt/pt/Content/images/boitmal/produit/zoom/BD589AC15D17690FDC8560DC4300A108.jpg,,/product/bolachas-chips-ahoy/8410000002904
21047,Bolachas chiquilin,8436048453409,11747,10041,Embalagem de 180g,Artiach,,"9,66€/Kg","1,69€",https://cdn.intermarche.pt/pt/Content/images/boitmal/produit/zoom/596AE38C8C92F8F8B52A746DB18D778A.jpg,,/product/bolachas-chiquilin/8436048453409
36776,Línguas de gato,5604260292875,11747,10041,Embalagem de 300 g,PorSi,,"4,97€/Kg","1,49€",https://cdn.intermarche.pt/pt/Content/images/boitmal/produit/zoom/9D75004B1E55398AD5D93A6C98D67AB1.jpg,,/product/linguas-de-gato/5604260292875
44258,Bolachas Biscoff,5410126716016,11747,10041,Embalagem de 250g,Lotus,,"11,56€/Kg","2,89€",https://cdn.intermarche.pt/pt/Content/images/boitmal/produit/zoom/15CD2DC4F45EEADD6FEA2B3F25E4C3E9.jpg,,/product/bolachas-biscoff/5410126716016
45710,Lagartos,5604260316083,11747,10041,Embalagem de 750g,PorSi,,"3,45€/Kg","2,59€",https://cdn.intermarche.pt/pt/Content/images/boitmal/produit/zoom/9A152C73FF7B0B679D68D2352B0F3AB4.jpg,,/product/lagartos/5604260316083
10537,Bolachas cookies 0% açúcares,8436048961256,11747,10041,Embalagem de 120 g,Artiach,,"18,25€/Kg","2,19€",https://cdn.intermarche.pt/pt/Content/images/boitmal/produit/zoom/AF7F1AD3747B41051ED05E31B59E954A.jpg,,/product/bolachas-cookies-0%25-acucares/8436048961256
18515,Bolacha diet nature 5 cereais,8410376042498,11747,10041,Embalagem de 220g,Gullón,,"12,92€/Kg","2,79€",https://cdn.intermarche.pt/pt/Content/images/boitmal/produit/zoom/BD1D08D62A486D52C01B01D071A0DE03.jpg,,/product/bolacha-diet-nature-5-cereais/8410376042498
25532,Bolacha vitalday crocante fruta & fibra,8410376046908,11747,10041,Embalagem de 300g,Gullón,,"8,30€/Kg","2,49€",https://cdn.intermarche.pt/pt/Content/images/boitmal/produit/zoom/4E4E6460A1EF467145FC78973352511C.jpg,,/product/bolacha-vitalday-crocante-fruta-&-fibra/8410376046908
36686,Supremas simples,5604260292882,11747,10041,Embalagem de 300 g,PorSi,,"6,30€/Kg","1,89€",https://cdn.intermarche.pt/pt/Content/images/boitmal/produit/zoom/ECC8228771C91BF09070219757A99C8C.jpg,,/product/supremas-simples/5604260292882
14379,Bolachas chiquilin energy,8436048413090,11747,10041,Embalagem de 200g,Artiach,,"13,95€/Kg","2,79€",https://cdn.intermarche.pt/pt/Content/images/boitmal/produit/zoom/FE594F99783E820F92721D6FC1E6C36A.jpg,,/product/bolachas-chiquilin-energy/8436048413090
2253,Biscoitos de canela,5604260267804,11747,10041,Embalagem de 750g,PorSi,,"4,65€/Kg","3,49€",https://cdn.intermarche.pt/pt/Content/images/boitmal/produit/zoom/B3DFE49B7007C309607DD3F853B2F2CE.jpg,,/product/biscoitos-de-canela/5604260267804
31553,Bolachas ricanela,8434165487673,11747,10041,Embalagem de 400g + 100g grátis,Cuétara,,"5,38€/Kg","2,69€",https://cdn.intermarche.pt/pt/Content/images/boitmal/produit/zoom/704C7FA5B397C994B4FF9D3DE7007523.jpg,,/product/bolachas-ricanela/8434165487673
43352,Bolacha strudel maçã sultana,5604260307531,11747,10041,Embalagem de 225g,PorSi,,"6,89€/Kg","1,55€",https://cdn.intermarche.pt/pt/Content/images/boitmal/produit/zoom/15527920AD1AC589D43F26A7F660694F.jpg,,/product/bolacha-strudel-maca-sultana/5604260307531
41193,Bolacha Maria sem lactose,5604260304028,10253,10041,Embalagem de 200 g,PorSi Viva Bem,,"4,95€/Kg","0,99€",https://cdn.intermarche.pt/pt/Content/images/boitmal/produit/zoom/E69E1B92070861AB411F6033809FC883.jpg,,/product/bolacha-maria-sem-lactose/5604260304028
34461,Bolacha maria,5604260316823,10253,10041,Doses Individuais 12 x 25 g,PorSi,,"4,97€/Kg","1,49€",https://cdn.intermarche.pt/pt/Content/images/boitmal/produit/zoom/6A8F6F3D1CCE33E2E88D41484A209804.jpg,,/product/bolacha-maria/5604260316823
37864,Bolacha maria dourada,5604260273461,10253,10041,Embalagem de 800g,PorSi,,"2,24€/Kg","1,79€",https://cdn.intermarche.pt/pt/Content/images/boitmal/produit/zoom/DF6C4B865BD4B260CFAD982CCAED0429.jpg,,/product/bolacha-maria-dourada/5604260273461
14198,Bolacha tostada,5604260273683,10253,10041,Embalagem de 800g,PorSi,,"2,11€/Kg","1,69€",https://cdn.intermarche.pt/pt/Content/images/boitmal/produit/zoom/47B6156823D14B63A1CB1620D6DFBB98.jpg,,/product/bolacha-tostada/5604260273683
18084,Bolacha maria doces,5601008100539,10253,10041,Embalagem de 300g,Vieira,,"9,30€/Kg","2,79€",https://cdn.intermarche.pt/pt/Content/images/boitmal/produit/zoom/06A00706FCB824FD1D60E7F2EE96CD14.jpg,,/product/bolacha-maria-doces/5601008100539
36549,Bolachas maria,5604260286584,10253,10041,Embalagem de 800g,PorSi,,"2,24€/Kg","1,79€",https://cdn.intermarche.pt/pt/Content/images/boitmal/produit/zoom/D9CD7422D57317761170CBFB89E3A52E.jpg,,/product/bolachas-maria/5604260286584
31515,Bolacha maria,8434165479852,10253,10041,Embalagem de 3 x 200 g + 33% grátis,Cuétara,,"3,62€/Kg","2,89€",https://cdn.intermarche.pt/pt/Content/images/boitmal/produit/zoom/B152113E6EAE22D131EBF89FB1202108.jpg,,/product/bolacha-maria/8434165479852
1733,Bolachas maria,5604260000456,10253,10041,Embalagem de 200g,PorSi,,"2,95€/Kg","0,59€",https://cdn.intermarche.pt/pt/Content/images/boitmal/produit/zoom/16F2102C19009FE47D0B79AA9EE6AA3A.jpg,,/product/bolachas-maria/5604260000456
2803,Bolacha dourada dietnature,8410376009408,10253,10041,Embalagem de 330g,Gullón,,"9,06€/Kg","2,99€",https://cdn.intermarche.pt/pt/Content/images/boitmal/produit/zoom/70E7F15392B371D305D7FF9AF14F78A2.jpg,,/product/bolacha-dourada-dietnature/8410376009408
6401,Bolachas tostadas,8410376000146,10253,10041,Embalagem de 4x200 g,Gullón,,"4,11€/Kg","3,29€",https://cdn.intermarche.pt/pt/Content/images/boitmal/produit/zoom/475D7F42793FFAC0C5DF2535E8AEECAB.jpg,,/product/bolachas-tostadas/8410376000146
12247,Bolachas maria,7622210244864,10253,10041,Embalagem de 200g,Triunfo,,"6,45€/Kg","1,29€",https://cdn.intermarche.pt/pt/Content/images/boitmal/produit/zoom/8FA52E5B8E275694750DDE0C84965516.jpg,,/product/bolachas-maria/7622210244864
52843,"Bolachas Maria sem Açúcar, 150g",5601008413424,10253,10041,,Vieira,,"12,60€/Kg","1,89€",https://cdn.intermarche.pt/pt/Content/images/boitmal/produit/zoom/F3EF568BA5B86D7D0A6EF8342B7FF51F.jpg,,/product/bolachas-maria-sem-acucar-150g/5601008413424
31592,Bolacha Maria,8434165446984,10253,10041,Embalagem de 200g,Cuétara,,"4,95€/Kg","0,99€",https://cdn.intermarche.pt/pt/Content/images/boitmal/produit/zoom/764193CD26C47FE177757509FFE441D6.jpg,,/product/bolacha-maria/8434165446984
34315,Bolacha maria sem açúcar,5604321024155,10253,10041,Embalagem de 220g,Cemporcento,,"9,05€/Kg","1,99€",https://cdn.intermarche.pt/pt/Content/images/boitmal/produit/zoom/027F372C0CB6CE4BDAB195D11B6B636B.jpg,,/product/bolacha-maria-sem-acucar/5604321024155
27330,Bolacha torrada 800g 33% grátis,5601008101147,10253,10041,Embalagem de 800g,Vieira,,"3,69€/Kg","2,95€",https://cdn.intermarche.pt/pt/Content/images/boitmal/produit/zoom/07B05F91EB7F5A125558F6281AD9F486.jpg,,/product/bolacha-torrada-800g-33%25-gratis/5601008101147
31512,"Bolacha maria oro +33% grátis, 3x200 g",8434165446519,10253,10041,,Cuétara,,"4,37€/Kg","3,49€",https://cdn.intermarche.pt/pt/Content/images/boitmal/produit/zoom/44B0296609C71C771336BB41CFB14249.jpg,,/product/bolacha-maria-oro-+33%25-gratis-3x200-g/8434165446519
31610,Bolacha maria de chocolate,8434165459991,10253,10041,Embalagem de 265g,Cuétara,,"8,64€/Kg","2,29€",https://cdn.intermarche.pt/pt/Content/images/boitmal/produit/zoom/EA7F768C9D6BD3D58A9FB0D7679D15BE.jpg,,/product/bolacha-maria-de-chocolate/8434165459991
32295,Bolacha Maria Hojaldrada,8434165439559,10253,10041, Embalagem de 4x150g,Cuétara,,"5,48€/Kg","3,29€",https://cdn.intermarche.pt/pt/Content/images/boitmal/produit/zoom/3B30D95E6A82F7AEC8BED75EA229FB5F.jpg,,/product/bolacha-maria-hojaldrada/8434165439559
882,"Bolachas aperitivas, simples",5410041001204,10250,10041,Embalagem de 100g,Tuc,,"12,90€/Kg","1,29€",https://cdn.intermarche.pt/pt/Content/images/boitmal/produit/zoom/DB0E5412E4B7AABA821CD2AF0DA3E461.jpg,,/product/bolachas-aperitivas-simples/5410041001204
1538,Bolachas crackers s/ sal,5601489134153,10250,10041,Embalagem de 500g,Du Bois de la Roche,,"7,08€/Kg","3,54€",https://cdn.intermarche.pt/pt/Content/images/boitmal/produit/zoom/73329C1C7148B60B4FEE5767CC439BEF.jpg,,/product/bolachas-crackers-s-ou-sal/5601489134153
1539,Bolachas crackers c/ sal,5601489135150,10250,10041,Embalagem de 500g,Du Bois de la Roche,,"7,08€/Kg","3,54€",https://cdn.intermarche.pt/pt/Content/images/boitmal/produit/zoom/EA5CED0C201EB6AEEFBF2C0179F0BB3D.jpg,,/product/bolachas-crackers-c-ou-sal/5601489135150
2120,Bolachas crackers com sal,5604260252244,10250,10041,Embalagem de 500g,PorSi,,"3,38€/Kg","1,69€",https://cdn.intermarche.pt/pt/Content/images/boitmal/produit/zoom/9ADC1DB6529BCDCF909D89E0F9877D79.jpg,,/product/bolachas-crackers-com-sal/5604260252244
2121,Bolachas cracker sem sal,5604260252251,10250,10041,Embalagem de 500g,PorSi,,"3,78€/Kg","1,89€",https://cdn.intermarche.pt/pt/Content/images/boitmal/produit/zoom/06FA69F2149293ECA4BE7E5B0CD3B7AE.jpg,,/product/bolachas-cracker-sem-sal/5604260252251
883,"Bolachas aperitivas, bacon",5410041143508,10250,10041,Embalagem de 100g,Tuc,,"12,90€/Kg","1,29€",https://cdn.intermarche.pt/pt/Content/images/boitmal/produit/zoom/2FFB8648AC82415A9D0C3A5A879BF623.jpg,,/product/bolachas-aperitivas-bacon/5410041143508
12000,Bolachas cream cracker,5604260000470,10250,10041,Embalagem de 200g,PorSi,,"3,25€/Kg","0,65€",https://cdn.intermarche.pt/pt/Content/images/boitmal/produit/zoom/8AEB035469FAA243B503ADEF758022F8.jpg,,/product/bolachas-cream-cracker/5604260000470
48891,Bolachas de água e sal,5604260319459,10250,10041,Embalagem de 125g,PorSi,,"3,92€/Kg","0,49€",https://cdn.intermarche.pt/pt/Content/images/boitmal/produit/zoom/E03AF7034D49E0031BFA2CB7B202504F.jpg,,/product/bolachas-de-agua-e-sal/5604260319459
1851,Bolachas cream cracker,5604260036950,10250,10041,Embalagem de 600g,PorSi,,"3,32€/Kg","1,99€",https://cdn.intermarche.pt/pt/Content/images/boitmal/produit/zoom/87FE1AA10210CF4D94EE80DAA5C5235C.jpg,,/product/bolachas-cream-cracker/5604260036950
48556,Crackers original,7622210128362,10250,10041,Embalagem de 250g,Tuc,,"11,96€/Kg","2,99€",https://cdn.intermarche.pt/pt/Content/images/boitmal/produit/zoom/33AE27DABE60A5EA6AD911E164C1C6D6.jpg,,/product/crackers-original/7622210128362
48344,Bolachas água e sal,5604260319466,10250,10041,Embalagem de 375g,PorSi,,"3,44€/Kg","1,29€",https://cdn.intermarche.pt/pt/Content/images/boitmal/produit/zoom/F6E3FE24B847D064B96013CD7A12AB4E.jpg,,/product/bolachas-agua-e-sal/5604260319466
950,Bolachas de água e sal,5601008100058,10250,10041,Embalagem de 125 g,Vieira de Castro,,"7,92€/Kg","0,99€",https://cdn.intermarche.pt/pt/Content/images/boitmal/produit/zoom/5BC4A3164BD6082587D987B4AF0BA107.jpg,,/product/bolachas-de-agua-e-sal/5601008100058
11753,Feuilletine,5601489781357,10250,10041,Embalagem de 135 g,Du Bois de la Roche,,"14,74€/Kg","1,99€",https://cdn.intermarche.pt/pt/Content/images/boitmal/produit/zoom/7507F307565E10DF3DF6322B65368856.jpg,,/product/feuilletine/5601489781357
18325,Bolacha cream cracker,5601008100119,10250,10041,Embalagem de 200g,Vieira,,"6,75€/Kg","1,35€",https://cdn.intermarche.pt/pt/Content/images/boitmal/produit/zoom/E837555F80435358C2C42B48DB43F00A.jpg,,/product/bolacha-cream-cracker/5601008100119
24671,Bolacha cream cracker,8434165446434,10250,10041,Embalagem de 200g,Cuétara,,"6,95€/Kg","1,39€",https://cdn.intermarche.pt/pt/Content/images/boitmal/produit/zoom/79C412DFB8439E167BA18ED84FEC20DF.jpg,,/product/bolacha-cream-cracker/8434165446434
26390,Bolacha cracker integral,8434165476424,10250,10041,Embalagem de 200g,Cuétara,,"6,95€/Kg","1,39€",https://cdn.intermarche.pt/pt/Content/images/boitmal/produit/zoom/8951B3D197CC3FEA02F9FC72CEA87374.jpg,,/product/bolacha-cracker-integral/8434165476424
41127,Bolachas de água e sal sem lactose,5604260304035,10250,10041,Embalagem de 125 g,PorSi Viva Bem,,"5,20€/Kg","0,65€",https://cdn.intermarche.pt/pt/Content/images/boitmal/produit/zoom/300425FFC07F2424CA6C2F8344C17839.jpg,,/product/bolachas-de-agua-e-sal-sem-lactose/5604260304035
4867,Bolachas cream & onion,5410041472509,10250,10041,Embalagem de 100g,Tuc,,"12,90€/Kg","1,29€",https://cdn.intermarche.pt/pt/Content/images/boitmal/produit/zoom/66533C86F41EBAC59831FBEF9EABB4DC.jpg,,/product/bolachas-cream-&-onion/5410041472509
18549,Cream cracker 200g,5000396038057,10250,10041,Embalagem de 200g,JACOB'S,,"7,45€/Kg","1,49€",https://cdn.intermarche.pt/pt/Content/images/boitmal/produit/zoom/5AD199DBAD0FCBEA98D9AE57B675B9ED.jpg,,/product/cream-cracker-200g/5000396038057
1536,Boudoirs,5601489018200,10250,10041,Embalagem de 200 g,Du Bois de la Roche,,"13,45€/Kg","2,69€",https://cdn.intermarche.pt/pt/Content/images/boitmal/produit/zoom/8E2E621B6E985564F540A84113C2AEB3.jpg,,/product/boudoirs/5601489018200
1540,Bolachas crackers integral,5601489136157,10250,10041,Embalagem de 500g,Du Bois de la Roche,,"7,08€/Kg","3,54€",https://cdn.intermarche.pt/pt/Content/images/boitmal/produit/zoom/4CA4AF2CD82F932BF057A3D74E80A75C.jpg,,/product/bolachas-crackers-integral/5601489136157
25198,Bolachas cream cracker sesamo,5601008102298,10250,10041,Embalagem de 200g,Vieira,,"8,45€/Kg","1,69€",https://cdn.intermarche.pt/pt/Content/images/boitmal/produit/zoom/92BC97A30D9783421FF1906CFDF18B1B.jpg,,/product/bolachas-cream-cracker-sesamo/5601008102298
18769,Bolachas cream cracker doses individuais,5601008101901,10250,10041,Embalagem de 180g,Vieira,,"8,83€/Kg","1,59€",https://cdn.intermarche.pt/pt/Content/images/boitmal/produit/zoom/06C4F528D5E40FF6174E82D80AEA09C4.jpg,,/product/bolachas-cream-cracker-doses-individuais/5601008101901
28634,Crackers s/ sal superficie,8013355500745,10250,10041,Embalagem de 560g,Gran Pavesi,,"8,02€/Kg","4,49€",https://cdn.intermarche.pt/pt/Content/images/boitmal/produit/zoom/5E496AE6E0A4984DCAC3E8F4C2D5F732.jpg,,/product/crackers-s-ou-sal-superficie/8013355500745
44287,Crackers Integrais,7622201459031,10250,10041,Embalagem de 267g,Tuc,,"11,20€/Kg","2,99€",https://cdn.intermarche.pt/pt/Content/images/boitmal/produit/zoom/A963A4ECD745666D11C5B4122617FC31.jpg,,/product/crackers-integrais/7622201459031
50437,"Crackers quinoa e sementes, 250g",8410376051940,10250,10041,,Gullón,,"11,96€/Kg","2,99€",https://cdn.intermarche.pt/pt/Content/images/boitmal/produit/zoom/B0DB93CF293236F5F82425DBFA3C121C.jpg,,/product/crackers-quinoa-e-sementes-250g/8410376051940
52825,"Bolachas La Cracker Sem Sal, 250g",5600744051532,10250,10041,,C-real,,"9,96€/Kg","2,49€",https://cdn.intermarche.pt/pt/Content/images/boitmal/produit/zoom/DD8EE54E0E1CE24F778058401620122B.jpg,,/product/bolachas-la-cracker-sem-sal-250g/5600744051532
52826,"Bolachas La Cracker com Sal, 250g",5600744051549,10250,10041,,C-real,,"9,96€/Kg","2,49€",https://cdn.intermarche.pt/pt/Content/images/boitmal/produit/zoom/E6AC6D21DE1EE222D343D122130ED736.jpg,,/product/bolachas-la-cracker-com-sal-250g/5600744051549
9946,Bolachas digestive go aveia,7622300654177,10252,10041,Embalagem de 170g,Triunfo,,"8,76€/Kg","1,49€",https://cdn.intermarche.pt/pt/Content/images/boitmal/produit/zoom/A892B3FDA3E33C2B1F68488502542539.jpg,2024-09-25T22:59:59.999Z,/product/bolachas-digestive-go-aveia/7622300654177
2593,Bolachas digestivas go maçã,7622300366827,10252,10041,Embalagem de 170g,Triunfo,,"8,76€/Kg","1,49€",https://cdn.intermarche.pt/pt/Content/images/boitmal/produit/zoom/A6479AEBC41D0948A36A3DCA609B5140.jpg,2024-09-25T22:59:59.999Z,/product/bolachas-digestivas-go-maca/7622300366827
37701,Bolacha de aveia e chia,5601066401036,10252,10041,Embalagem de 300 g,Nacional,,"5,47€/Kg","1,64€",https://cdn.intermarche.pt/pt/Content/images/boitmal/produit/zoom/F2CB06452A56DA05E0C970686532D62B.jpg,2024-09-25T22:59:59.999Z,/product/bolacha-de-aveia-e-chia/5601066401036
16939,Bolacha digestiva go canela,7622210475411,10252,10041,Embalagem de 170g,Triunfo,,"8,71€/Kg","1,49€",https://cdn.intermarche.pt/pt/Content/images/boitmal/produit/zoom/C83726E993B61EE08F4E417A24AC0F22.jpg,2024-09-25T22:59:59.999Z,/product/bolacha-digestiva-go-canela/7622210475411
6148,Bolachas digestive go chocolate,7622300742324,10252,10041,Embalagem de 200g,Triunfo,,"7,45€/Kg","1,49€",https://cdn.intermarche.pt/pt/Content/images/boitmal/produit/zoom/B97BAFEB8B5CDFA0429E96932C026E24.jpg,2024-09-25T22:59:59.999Z,/product/bolachas-digestive-go-chocolate/7622300742324
37702,Bolacha de alfarroba e chocolate,5601066401043,10252,10041,Embalagem de 300 g,Nacional,,"5,57€/Kg","1,67€",https://cdn.intermarche.pt/pt/Content/images/boitmal/produit/zoom/29CEACE96341E2A0CAA4AC72DB2E1479.jpg,2024-09-25T22:59:59.999Z,/product/bolacha-de-alfarroba-e-chocolate/5601066401043
9936,Bolachas digestive go,7622300324216,10252,10041,Embalagem de 160g,Triunfo,,"9,31€/Kg","1,49€",https://cdn.intermarche.pt/pt/Content/images/boitmal/produit/zoom/14EC3DAF1DC7914C115F02B63BBB0B8D.jpg,2024-09-25T22:59:59.999Z,/product/bolachas-digestive-go/7622300324216
10180,Bolacha digestiva de aveia/chocolate,8410376026962,10252,10041,Embalagem de 430g,Gullón,,"9,05€/Kg","3,89€",https://cdn.intermarche.pt/pt/Content/images/boitmal/produit/zoom/BAE0B032D9297DF1942AE213D38E1F33.jpg,,/product/bolacha-digestiva-de-aveia-ou-chocolate/8410376026962
18083,Bolacha digestive aveia 258g,5601008200017,10252,10041,Embalagem de 258 g,Vieira,,"9,65€/Kg","2,49€",https://cdn.intermarche.pt/pt/Content/images/boitmal/produit/zoom/F83AF875AA7966708505018927C302C1.jpg,,/product/bolacha-digestive-aveia-258g/5601008200017
20012,Bolacha craker queijo,7622300571351,10252,10041,Embalagem de 100g,Tuc,,"12,90€/Kg","1,29€",https://cdn.intermarche.pt/pt/Content/images/boitmal/produit/zoom/A7E1DD186B24846CF7742C4E35C9AF6F.jpg,,/product/bolacha-craker-queijo/7622300571351
42987,"Bolachas marítimas chia, 200g",5604260310142,10252,10041,,PorSi Viva Bem,,"9,95€/Kg","1,99€",https://cdn.intermarche.pt/pt/Content/images/boitmal/produit/zoom/0FEB965DE5A3AF1EC2E87DEF5C03397A.jpg,,/product/bolachas-maritimas-chia-200g/5604260310142
49348,Bolacha digestive aveia thin - vieira de castro,5601008102779,10252,10041,Embalagem de 174g,Vieira,,"15,46€/Kg","2,69€",https://cdn.intermarche.pt/pt/Content/images/boitmal/produit/zoom/F29786FFFBEEB7C5F21511392823F962.jpg,,/product/bolacha-digestive-aveia-thin-vieira-de-castro/5601008102779
52818,"Bolachas Breakfast Chocolate com Pepitas, 225g",7622210740427,10252,10041,,Belvita,,"11,07€/Kg","2,49€",https://cdn.intermarche.pt/pt/Content/images/boitmal/produit/zoom/B401863916887BAA8F950CA0BA96EE1C.jpg,,/product/bolachas-breakfast-chocolate-com-pepitas-225g/7622210740427
40554,Bolacha com aveia,5604260302239,10252,10041,Embalagem de 300 g,PorSi,,"3,30€/Kg","0,99€",https://cdn.intermarche.pt/pt/Content/images/boitmal/produit/zoom/E6AF3390E3580778FC2CEB91A28AF049.jpg,,/product/bolacha-com-aveia/5604260302239
42147,Bolachas digestive chocolate,5604260308996,10252,10041,Embalagem de 300g,PorSi,,"5,63€/Kg","1,69€",https://cdn.intermarche.pt/pt/Content/images/boitmal/produit/zoom/4A4068CC0C2DB3223627807AC60DB0FC.jpg,,/product/bolachas-digestive-chocolate/5604260308996
1824,Bolachas integrais,5604260032174,10252,10041,Embalagem de 200g,PorSi,,"5,95€/Kg","1,19€",https://cdn.intermarche.pt/pt/Content/images/boitmal/produit/zoom/4A83A7A32B4838D5FD9ED32B78D7FFF8.jpg,,/product/bolachas-integrais/5604260032174
48892,Bolacha Maria Integral,5604260316816,10252,10041,Embalagem de 600g,PorSi,,"2,48€/Kg","1,49€",https://cdn.intermarche.pt/pt/Content/images/boitmal/produit/zoom/7456B8370276B0BF839077DFBA8A1391.jpg,,/product/bolacha-maria-integral/5604260316816
18080,Bolachas água e sal doces,5601008100560,10252,10041,Embalagem de 170g,Vieira,,"17,20€/Kg","2,89€",https://cdn.intermarche.pt/pt/Content/images/boitmal/produit/zoom/8B7FFF96649C214D2C1F59409B1A23A6.jpg,,/product/bolachas-agua-e-sal-doces/5601008100560
1825,Bolachas de aveia e trigo integral,5604260032181,10252,10041,Embalagem de 240g,PorSi Viva Bem,,"4,96€/Kg","1,19€",https://cdn.intermarche.pt/pt/Content/images/boitmal/produit/zoom/0C6EAA13B16862AB0F0D51E429A7426C.jpg,,/product/bolachas-de-aveia-e-trigo-integral/5604260032181
25523,Bolachas digestive aveia e laranja,8410376047578,10252,10041,Embalagem de 430g,Gullón,,"7,51€/Kg","3,19€",https://cdn.intermarche.pt/pt/Content/images/boitmal/produit/zoom/734B1A602CBB0D656FDF51DC3AE06BBA.jpg,,/product/bolachas-digestive-aveia-e-laranja/8410376047578
31433,Bolachas marinheiras naturais,5604321027040,10252,10041,Embalagem de 200g,Cemporcento,,"12,45€/Kg","2,49€",https://cdn.intermarche.pt/pt/Content/images/boitmal/produit/zoom/0C64FB6F818D4BF04BAF43584E347A27.jpg,,/product/bolachas-marinheiras-naturais/5604321027040
36790,Bolacha vitalday crocante,8410376055740,10252,10041,Embalagem de 280 g,Gullón,,"9,25€/Kg","2,59€",https://cdn.intermarche.pt/pt/Content/images/boitmal/produit/zoom/17186090DEE542810F0985819D8B7AD0.jpg,,/product/bolacha-vitalday-crocante/8410376055740
40753,Palmiers integrais,5604260306169,10252,10041,125 g,PorSi Viva Bem,,"7,12€/Kg","0,89€",https://cdn.intermarche.pt/pt/Content/images/boitmal/produit/zoom/D3C313C1C1A9359364952A130852E1E2.jpg,,/product/palmiers-integrais/5604260306169
42989,"Bolachas marítimas clássicas, 200g",5604260310173,10252,10041,,PorSi Viva Bem,,"9,95€/Kg","1,99€",https://cdn.intermarche.pt/pt/Content/images/boitmal/produit/zoom/16CFDFCB002E044BB78156E396DFE441.jpg,,/product/bolachas-maritimas-classicas-200g/5604260310173
40752,Biscoitos integrais chia,5604260306152,10252,10041,100 g,PorSi Viva Bem,,"9,90€/Kg","0,99€",https://cdn.intermarche.pt/pt/Content/images/boitmal/produit/zoom/163984780A32CFC650EB67A561C9E7F8.jpg,,/product/biscoitos-integrais-chia/5604260306152
40754,Argolas integrais laranja e gengibre,5604260306176,10252,10041,100 g,PorSi Viva Bem,,"9,90€/Kg","0,99€",https://cdn.intermarche.pt/pt/Content/images/boitmal/produit/zoom/2DE7063950624E49C148A488082FC3B1.jpg,,/product/argolas-integrais-laranja-e-gengibre/5604260306176
42990,"Bolachas marítimas integrais, 200g",5604260310159,10252,10041,,PorSi Viva Bem,,"9,95€/Kg","1,99€",https://cdn.intermarche.pt/pt/Content/images/boitmal/produit/zoom/9A02E3B82B06D137F5079EF6685592E7.jpg,,/product/bolachas-maritimas-integrais-200g/5604260310159
4780,Bolacha integral,5000396025026,10252,10041,Embalagem de 400g,McVities,,"6,73€/Kg","2,69€",https://cdn.intermarche.pt/pt/Content/images/boitmal/produit/zoom/64E2EEAC284BAD2371A5359EA7C4E958.jpg,,/product/bolacha-integral/5000396025026
47989,Marinheiras natural bio,5604321034338,10252,10041,Embalagem de 200g,Cemporcento,,"12,45€/Kg","2,49€",https://cdn.intermarche.pt/pt/Content/images/boitmal/produit/zoom/20025D7F84DE5707CC7F00A03C3AEB64.jpg,,/product/marinheiras-natural-bio/5604321034338
18082,Bolacha integral doce,5601008100126,10252,10041,Embalagem de 180g,Vieira,,"11,06€/Kg","1,99€",https://cdn.intermarche.pt/pt/Content/images/boitmal/produit/zoom/ADCB1E2FCDC2094CD1FB954C1076611C.jpg,,/product/bolacha-integral-doce/5601008100126
37890,Bolacha digestiva thins,8410376054064,10252,10041,Embalagem de 270 g,Gullón,,"13,30€/Kg","3,59€",https://cdn.intermarche.pt/pt/Content/images/boitmal/produit/zoom/94D3023892DAE4777490563BD7CD5C09.jpg,,/product/bolacha-digestiva-thins/8410376054064
40755,Argolas integrais maçã e canela,5604260306183,10252,10041,100 g,PorSi Viva Bem,,"11,90€/Kg","1,19€",https://cdn.intermarche.pt/pt/Content/images/boitmal/produit/zoom/D47968174EC3004C751A90F9E4016F0F.jpg,,/product/argolas-integrais-maca-e-canela/5604260306183
42240,Bolacha digestiva chocolate negro,5000396041392,10252,10041,Embalagem de 200g,McVities,,"14,45€/Kg","2,89€",https://cdn.intermarche.pt/pt/Content/images/boitmal/produit/zoom/59A028488E9DEEBD2DDB6138E70C20D4.jpg,,/product/bolacha-digestiva-chocolate-negro/5000396041392
44248,Bolachas Vitalday crocantes aveia e chocolate de leite,8410376058796,10252,10041,Embalagem de 300g,Gullón,,"13,30€/Kg","3,99€",https://cdn.intermarche.pt/pt/Content/images/boitmal/produit/zoom/7D18C380701198623F5E1C2DB20FC7AC.jpg,,/product/bolachas-vitalday-crocantes-aveia-e-chocolate-de-leite/8410376058796
47988,Marinheiras chia bio,5604321033928,10252,10041,Embalagem de 200g,Cemporcento,,"12,45€/Kg","2,49€",https://cdn.intermarche.pt/pt/Content/images/boitmal/produit/zoom/618364C8099EDF801A70A5ECFC53D71A.jpg,,/product/marinheiras-chia-bio/5604321033928
47990,Marinheiras sem sal bio,5604321033935,10252,10041,Embalagem de 200g,Cemporcento,,"12,95€/Kg","2,59€",https://cdn.intermarche.pt/pt/Content/images/boitmal/produit/zoom/910ACE61034DDE67E9C510208391AE46.jpg,,/product/marinheiras-sem-sal-bio/5604321033935
49346,"Bolacha digestive maçã, canela e corintos thin - vieira de castro",5601008102786,10252,10041,Embalagem de 174g,Vieira,,"15,46€/Kg","2,69€",https://cdn.intermarche.pt/pt/Content/images/boitmal/produit/zoom/B5D20795831B71DEC94AD574C202A337.jpg,,/product/bolacha-digestive-maca-canela-e-corintos-thin-vieira-de-castro/5601008102786
49347,Bolacha digestive laranja thin - vieira de castro,5601008102793,10252,10041,Embalagem de 174g,Vieira,,"14,31€/Kg","2,49€",https://cdn.intermarche.pt/pt/Content/images/boitmal/produit/zoom/0DA70EAFA60A42BD001118BE38B09BC0.jpg,,/product/bolacha-digestive-laranja-thin-vieira-de-castro/5601008102793
52817,"Bolachas Breakfast Pepitas Chocolate, 225g",7622210689382,10252,10041,,Belvita,,"11,07€/Kg","2,49€",https://cdn.intermarche.pt/pt/Content/images/boitmal/produit/zoom/ABD57BFC9E62E8D2CE2CC7CC278EE933.jpg,,/product/bolachas-breakfast-pepitas-chocolate-225g/7622210689382
52969,"Bolachas com Arroz Cacau, Cevada e Centeio, 250g",8410376069853,10252,10041,,Gullon,,"15,96€/Kg","3,99€",https://cdn.intermarche.pt/pt/Content/images/boitmal/produit/zoom/3EE194E25432C82A8AE87535615ED5C9.jpg,,/product/bolachas-com-arroz-cacau-cevada-e-centeio-250g/8410376069853
16042,Donuts classic,8410022000025,10259,10041,Embalagem de 200g,Donuts,,"10,95€/Kg","2,19€",https://cdn.intermarche.pt/pt/Content/images/boitmal/produit/zoom/9DE87D45842580C95F36B655B1BA5FC5.jpg,2024-09-25T22:59:59.999Z,/product/donuts-classic/8410022000025
12109,Croissant recheado de cacau/avelã,5604260266623,10259,10041,Embalagem de 315g,PorSi,,"5,68€/Kg","1,79€",https://cdn.intermarche.pt/pt/Content/images/boitmal/produit/zoom/6795F2BE6BA4B87FF4A6E3F7B20FA26B.jpg,,/product/croissant-recheado-de-cacau-ou-avela/5604260266623
34367,4 donuts bombom,8410022000063,10259,10041,Embalagem de 188 g,Donuts,,"11,65€/Kg","2,19€",https://cdn.intermarche.pt/pt/Content/images/boitmal/produit/zoom/9CB64B4A336FCB9A509F3CF43640E631.jpg,2024-09-25T22:59:59.999Z,/product/4-donuts-bombom/8410022000063
46157,"Little bites mini brownies, 200g",5601027949867,10259,10041,,Bimbo,,"11,45€/Kg","2,29€",https://cdn.intermarche.pt/pt/Content/images/boitmal/produit/zoom/6826A3880B6503C4E1FCB22417274C9D.jpg,2024-09-25T22:59:59.999Z,/product/little-bites-mini-brownies-200g/5601027949867
47058,Little bites cenoura laranja,5601027956360,10259,10041,Embalagem de 168g,Bimbo,,"13,63€/Kg","2,29€",https://cdn.intermarche.pt/pt/Content/images/boitmal/produit/zoom/E4F532BE1C8962B815D1C1AD748726FF.jpg,2024-09-25T22:59:59.999Z,/product/little-bites-cenoura-laranja/5601027956360
12107,Napolitanas creme cacau,5604260266609,10259,10041,Embalagem de 320g,PorSi,,"5,53€/Kg","1,77€",https://cdn.intermarche.pt/pt/Content/images/boitmal/produit/zoom/640DEFD4DD0F2AB26696F2CB9CF8757C.jpg,,/product/napolitanas-creme-cacau/5604260266609
12106,Napolitas creme baunilha,5604260266593,10259,10041,Embalagem de 320g,PorSi,,"5,53€/Kg","1,77€",https://cdn.intermarche.pt/pt/Content/images/boitmal/produit/zoom/6C0245A4473A0A953C66A26A82773EDB.jpg,,/product/napolitas-creme-baunilha/5604260266593
12110,Croissant simples,5604260266630,10259,10041,Embalagem de 400g,PorSi,,"4,73€/Kg","1,89€",https://cdn.intermarche.pt/pt/Content/images/boitmal/produit/zoom/CE8C02588DD42DC09C5E2945B36F969F.jpg,,/product/croissant-simples/5604260266630
25310,Bollycao de leite 4 un.,8410022011540,10259,10041,Embalagem de 228 g,Bollycao,,"13,11€/Kg","2,99€",https://cdn.intermarche.pt/pt/Content/images/boitmal/produit/zoom/0AFD08C47BB6CAA380643FB41A88C1DC.jpg,,/product/bollycao-de-leite-4-un./8410022011540
47635,Bimbo® bagels clássico 4 un.,8412600018316,10259,10041,Embalagem de 300g,Bimbo,,"8,97€/Kg","2,69€",https://cdn.intermarche.pt/pt/Content/images/boitmal/produit/zoom/E755B43AF6FC6D3F5BD557A4226DF511.jpg,,/product/bimbo®-bagels-classico-4-un./8412600018316
48103,Bolo marmore,5604260323241,10259,10041,Embalagem de 400g,PorSi,,"5,73€/Kg","2,29€",https://cdn.intermarche.pt/pt/Content/images/boitmal/produit/zoom/A787E89F9F3629C41A73965B8BA15802.jpg,,/product/bolo-marmore/5604260323241
36919,Merendinhas com pepitas de chocolate,5604260288878,10259,10041,Embalagem de 240 g,PorSi,,"7,04€/Kg","1,69€",https://cdn.intermarche.pt/pt/Content/images/boitmal/produit/zoom/7F6BE142EBE5B80F8E6D52D9F350984E.jpg,,/product/merendinhas-com-pepitas-de-chocolate/5604260288878
41625,6 argolas com cobertura glace,5604260309399,10259,10041,Embalagem de 252g,PorSi,,"7,10€/Kg","1,79€",https://cdn.intermarche.pt/pt/Content/images/boitmal/produit/zoom/B1C0EDCD145D4F7A1EE6E0C1AAFAC910.jpg,,/product/6-argolas-com-cobertura-glace/5604260309399
42858,Gofres,5604260309030,10259,10041,Embalagem de 150 g,PorSi,,"8,60€/Kg","1,29€",https://cdn.intermarche.pt/pt/Content/images/boitmal/produit/zoom/B898DFD3051A0BE93E02C9EEB44D8A76.jpg,,/product/gofres/5604260309030
5808,Salame de chocolate tradicional,5604260056132,10259,10041,Embalagem de 450g,PorSi,,"5,76€/Kg","2,59€",https://cdn.intermarche.pt/pt/Content/images/boitmal/produit/zoom/58850FDEF09A76E663CA76E9C9D9797C.jpg,,/product/salame-de-chocolate-tradicional/5604260056132
15886,Manhãzitos original,5601027003859,10259,10041,Embalagem 6x2 unidades,Manhãzitos,,"14,24€/Kg","2,99€",https://cdn.intermarche.pt/pt/Content/images/boitmal/produit/zoom/71329DB5D34C05CB20373BAE1032B91A.jpg,,/product/manhazitos-original/5601027003859
38557,Manhãzitos® planetus 9x2 un.,5601027004764,10259,10041,Embalagem de 315g,Manhãzitos,,"12,67€/Kg","3,99€",https://cdn.intermarche.pt/pt/Content/images/boitmal/produit/zoom/9668562796F86C61BB4FA95BDBF9C111.jpg,,/product/manhazitos®-planetus-9x2-un./5601027004764
26274,5 manhãzitos,5601027002609,10259,10041,Embalagem com 175 g,Bollycao,,"17,09€/Kg","2,99€",https://cdn.intermarche.pt/pt/Content/images/boitmal/produit/zoom/72802AF60F8CD24B8A8E082AF13E9F74.jpg,,/product/5-manhazitos/5601027002609
10086,"Briochoco, 4 unidades",8410087280356,10259,10041,Embalagem de 160g,Dulcesol,,"6,25€/Kg","1,00€",https://cdn.intermarche.pt/pt/Content/images/boitmal/produit/zoom/5C5B0069A9904CAACFA217F78DBB3D6D.jpg,,/product/briochoco-4-unidades/8410087280356
18618,Manhãzitos -50% açúcares,5601027004870,10259,10041,Embalagem 6x2 unidades,Manhãzitos,,"15,19€/Kg","3,19€",https://cdn.intermarche.pt/pt/Content/images/boitmal/produit/zoom/C536B78EEF5079E4091AFA5999C1DFFB.jpg,,/product/manhazitos-50%25-acucares/5601027004870
12128,Fatia de salame de chocolate,5604260269846,10259,10041,Embalagem 60G,PorSi,,"13,17€/Kg","0,79€",https://cdn.intermarche.pt/pt/Content/images/boitmal/produit/zoom/7C52D69D2AA68179031691CCE55BBEE5.jpg,,/product/fatia-de-salame-de-chocolate/5604260269846
16973,Bolo recheio chocolate,5601027000216,10259,10041,Embalagem de 4x57g,Bollycao,,"13,11€/Kg","2,99€",https://cdn.intermarche.pt/pt/Content/images/boitmal/produit/zoom/CBD021435C1D8BADDEB8ADF59C1A5B12.jpg,,/product/bolo-recheio-chocolate/5601027000216
24662,Bolos farci kao,8004905550259,10259,10041,Embalagem de 280g,Midi,,"9,61€/Kg","2,69€",https://cdn.intermarche.pt/pt/Content/images/boitmal/produit/zoom/F475C9EB6D1C9C66CEAD1570A346FA28.jpg,,/product/bolos-farci-kao/8004905550259
9712,Torta natas com cobertura de cacau,5604260271917,10259,10041,Embalagem de 300g,PorSi,,"5,30€/Kg","1,59€",https://cdn.intermarche.pt/pt/Content/images/boitmal/produit/zoom/56F2C17AF8EDE2B7840B03997FF038C4.jpg,,/product/torta-natas-com-cobertura-de-cacau/5604260271917
10076,"Pandorino cacau, 4 unidades, 240g",8410087080499,10259,10041,,Dulcesol,,"4,17€/Kg","1,00€",https://cdn.intermarche.pt/pt/Content/images/boitmal/produit/zoom/4B882DA0AC5CEA4720E9202625E5635B.jpg,,/product/pandorino-cacau-4-unidades-240g/8410087080499
40628,4 bolos com recheio de cacau,5604260301928,10259,10041,Embalagem de 240 g,PorSi,,"7,88€/Kg","1,89€",https://cdn.intermarche.pt/pt/Content/images/boitmal/produit/zoom/6810836AA44064E9A53FECC830D1355C.jpg,,/product/4-bolos-com-recheio-de-cacau/5604260301928
33977,4 Chapelas choco,8410087142180,10259,10041,Embalagem de 200g,Dulcesol,,"5,00€/Kg","1,00€",https://cdn.intermarche.pt/pt/Content/images/boitmal/produit/zoom/ED1E1A6AC3AB8F3B1955FBEDF65BAFD7.jpg,,/product/4-chapelas-choco/8410087142180
36725,Tarte de Amêndoa,5604260293353,10259,10041,Embalagem 400G,PorSi,,"12,48€/Kg","4,99€",https://cdn.intermarche.pt/pt/Content/images/boitmal/produit/zoom/5E77CD6D4D8E2DF1F1B5F38E763424B3.jpg,,/product/tarte-de-amendoa/5604260293353
45721,Tarte de maçã,5604260314669,10259,10041,Embalagem de 400g,PorSi,,"11,23€/Kg","4,49€",https://cdn.intermarche.pt/pt/Content/images/boitmal/produit/zoom/7EA1EA71A8D892979669A26E49D13812.jpg,,/product/tarte-de-maca/5604260314669
47636,Bimbo® bagels sementes 4 un.,8412600018323,10259,10041,Embalagem de 300g,Bimbo,,"8,97€/Kg","2,69€",https://cdn.intermarche.pt/pt/Content/images/boitmal/produit/zoom/64C691C53069BB7F8DA412B00033DFA3.jpg,,/product/bimbo®-bagels-sementes-4-un./8412600018323
51569,Suspiros,5604260327713,10259,10041,Embalagem de 70g,PorSi,,"21,29€/Kg","1,49€",https://cdn.intermarche.pt/pt/Content/images/boitmal/produit/zoom/C39C35DCD5CC90ECE344CA3CC0878938.jpg,,/product/suspiros/5604260327713
53139,"Bolo com Recheio Tiramisu, 280g",8004905550020,10259,10041,,Midi,,"9,61€/Kg","2,69€",https://cdn.intermarche.pt/pt/Content/images/boitmal/produit/zoom/9382581AEBD937D74E37B52916CC38F2.jpg,,/product/bolo-com-recheio-tiramisu-280g/8004905550020
9640,Beijinhos de pombal,5604260266739,10259,10041,Embalagem de 90 g,PorSi,,"32,11€/Kg","2,89€",https://cdn.intermarche.pt/pt/Content/images/boitmal/produit/zoom/7A4491F2DDD39DF18BB95E01B55CF3CF.jpg,,/product/beijinhos-de-pombal/5604260266739
10072,Canas de creme,8410087024806,10259,10041,Embalagem de 250g,Dulcesol,,"4,00€/Kg","1,00€",https://cdn.intermarche.pt/pt/Content/images/boitmal/produit/zoom/C0C5B6E632D439BFB56AF64D9D724EF7.jpg,,/product/canas-de-creme/8410087024806
26176,Bolo recheio chocolate balance,8410022013452,10259,10041,Embalagem de 4x57g,Bollycao,,"14,10€/Kg","2,99€",https://cdn.intermarche.pt/pt/Content/images/boitmal/produit/zoom/74AFC7F4B8995CA6CE14E7A5E8AB700E.jpg,,/product/bolo-recheio-chocolate-balance/8410022013452
44945,Biscoitos gemas,5604260312191,10259,10041,200 g,PorSi,,"13,45€/Kg","2,69€",https://cdn.intermarche.pt/pt/Content/images/boitmal/produit/zoom/3F9C89C1EDE39D02D9F80E0F3BB6C12B.jpg,,/product/biscoitos-gemas/5604260312191
45716,"Bolo de Iogurte, 500 g",5604260315932,10259,10041,,PorSi,,"9,98€/Kg","3,99€",https://cdn.intermarche.pt/pt/Content/images/boitmal/produit/zoom/B1016B514B90A083896FE95D1AC08AAF.jpg,,/product/bolo-de-iogurte-500-g/5604260315932
45722,Tarte de coco,5604260314676,10259,10041,Embalagem de 400g,PorSi,,"9,98€/Kg","3,99€",https://cdn.intermarche.pt/pt/Content/images/boitmal/produit/zoom/70A786AA537F4AD17103DB17368999BE.jpg,,/product/tarte-de-coco/5604260314676
5460,Mini croissants de cacau,5601363100229,10259,10041,Embalagem de 80g,Chipicao,,"17,38€/Kg","1,39€",https://cdn.intermarche.pt/pt/Content/images/boitmal/produit/zoom/28524B479A0114094EFAD0596AED6357.jpg,,/product/mini-croissants-de-cacau/5601363100229
5809,"Salame de chocolate com amêndoa, 450g",5604260056149,10259,10041,,PorSi,,"6,64€/Kg","2,99€",https://cdn.intermarche.pt/pt/Content/images/boitmal/produit/zoom/0C52D31C2362CB70922B597A1D7F50B1.jpg,,/product/salame-de-chocolate-com-amendoa-450g/5604260056149
47145,Sortido Princesa,5601008201120,11750,10041,Embalagem de 200g,Vieira,,"10,45€/Kg","2,09€",https://cdn.intermarche.pt/pt/Content/images/boitmal/produit/zoom/64953FEEC58A838CAD361FBDEFD9CD7F.jpg,2024-09-25T22:59:59.999Z,/product/sortido-princesa/5601008201120
18324,Sortido bolacha princesa,5601008200062,11750,10041,Embalagem de 400g,Vieira,,"8,73€/Kg","3,49€",https://cdn.intermarche.pt/pt/Content/images/boitmal/produit/zoom/F2BBB938B8E911ED012217D69383D872.jpg,2024-09-25T22:59:59.999Z,/product/sortido-bolacha-princesa/5601008200062
26635,"Sortido, 210g",8434165488663,11750,10041,,Cuétara,,"16,62€/Kg","3,49€",https://cdn.intermarche.pt/pt/Content/images/boitmal/produit/zoom/BE60D5120880FE491B799774FF6A55FE.jpg,,/product/sortido-210g/8434165488663
52227,Sortido de bolachas recheio morango,5604260328109,11750,10041,Embalagem de 300g,PorSi,,"9,97€/Kg","2,99€",https://cdn.intermarche.pt/pt/Content/images/boitmal/produit/zoom/5BA39DABC7E835BA981A2321A54EFFC7.jpg,,/product/sortido-de-bolachas-recheio-morango/5604260328109
33478,C surtido cuetara 420gr.              *8,8434165488656,11750,10041,Embalagem de 420g,Cuétara,,"14,26€/Kg","5,99€",https://cdn.intermarche.pt/pt/Content/images/boitmal/produit/zoom/4FEAD6372E1E557AF70B9BD85B20F265.jpg,,/product/c-surtido-cuetara-420gr.-*8/8434165488656
52155,Sortido de bolachas,5604260327737,11750,10041,Embalagem de 350g,PorSi,,"9,40€/Kg","3,29€",https://cdn.intermarche.pt/pt/Content/images/boitmal/produit/zoom/E3AD0E950C70766EB4C366896D00CA4A.jpg,,/product/sortido-de-bolachas/5604260327737
53144,"Bolachas Sortidas Choco Premium, 402g",8410376060874,11750,10041,,Gullon,,"14,65€/Kg","5,89€",https://cdn.intermarche.pt/pt/Content/images/boitmal/produit/zoom/8EED667CC79FA48394BEDA5AF28919FC.jpg,,/product/bolachas-sortidas-choco-premium-402g/8410376060874
22941,Tortitas de arroz sem sal,5604260280940,11816,10041,Embalagem de 130g,PorSi Viva Bem,,"6,08€/Kg","0,79€",https://cdn.intermarche.pt/pt/Content/images/boitmal/produit/zoom/4EC68B3BD9D632DE980E2617EFE6C9E8.jpg,,/product/tortitas-de-arroz-sem-sal/5604260280940
22940,Tortitas de arroz com sal,5604260280933,11816,10041,Embalagem de 130g,PorSi Viva Bem,,"6,08€/Kg","0,79€",https://cdn.intermarche.pt/pt/Content/images/boitmal/produit/zoom/FEB82F496517887CF41B08B1A293748C.jpg,,/product/tortitas-de-arroz-com-sal/5604260280933
51382,Cuetara marinheiros classicas  *9,8434165608030,11816,10041,Embalagem de 150g,Cuétara,,"13,27€/Kg","1,99€",https://cdn.intermarche.pt/pt/Content/images/boitmal/produit/zoom/2941898A7B883A384CA2A16BD2F91202.jpg,,/product/cuetara-marinheiros-classicas-*9/8434165608030
51383,Cuet marinheiros chia-quinoa-lin *9,8434165608023,11816,10041,Embalagem de 150g,Cuétara,,"13,27€/Kg","1,99€",https://cdn.intermarche.pt/pt/Content/images/boitmal/produit/zoom/5C8205D363D4015627AE56BB6ED62258.jpg,,/product/cuet-marinheiros-chia-quinoa-lin-*9/8434165608023
38968,"Tortas de Arroz Integral com Pevides de Abóbora, 130 g",5601557044186,11816,10041,,Salutem,,"13,00€/Kg","1,69€",https://cdn.intermarche.pt/pt/Content/images/boitmal/produit/zoom/DDB683D75C86AE13CD71218BE4328C6A.jpg,,/product/tortas-de-arroz-integral-com-pevides-de-abobora-130-g/5601557044186
39183,"Galete crocante de arroz integral e milho, 130g",5601557047590,11816,10041,,Salutem,,"13,00€/Kg","1,69€",https://cdn.intermarche.pt/pt/Content/images/boitmal/produit/zoom/DD21CB4764741F8DD849FEAD6651E87C.jpg,,/product/galete-crocante-de-arroz-integral-e-milho-130g/5601557047590
39192,"Galete arroz finissima, 130g",5601557049228,11816,10041,,Salutem,,"9,15€/Kg","1,19€",https://cdn.intermarche.pt/pt/Content/images/boitmal/produit/zoom/399AF2CE40AA76D20CC1406872A89B83.jpg,,/product/galete-arroz-finissima-130g/5601557049228
39194,"Galete arroz finissima sem sal, 130g",5601557049242,11816,10041,,Salutem,,"9,15€/Kg","1,19€",https://cdn.intermarche.pt/pt/Content/images/boitmal/produit/zoom/C4DD86E8C261014C970D8539B10BE98F.jpg,,/product/galete-arroz-finissima-sem-sal-130g/5601557049242
48590,"Bolachas marinhas integral salutem, 200g",5601557063521,11816,10041,,Salutem,,"10,95€/Kg","2,19€",https://cdn.intermarche.pt/pt/Content/images/boitmal/produit/zoom/D58CCF3B508C6E8EC8F1E3DDB7F71BF3.jpg,,/product/bolachas-marinhas-integral-salutem-200g/5601557063521
48613,"Bolachas marinhas chia salutem, 200g",5601557063538,11816,10041,,Salutem,,"10,95€/Kg","2,19€",https://cdn.intermarche.pt/pt/Content/images/boitmal/produit/zoom/6FF88716AAEE05578FC4E2561EBE48BA.jpg,,/product/bolachas-marinhas-chia-salutem-200g/5601557063538
48614,"Bolachas marinhas integral salutem, 200g",5601557063545,11816,10041,,Salutem,,"10,95€/Kg","2,19€",https://cdn.intermarche.pt/pt/Content/images/boitmal/produit/zoom/1BDF2C9D7D561B3D5DE7A87582F16C17.jpg,,/product/bolachas-marinhas-integral-salutem-200g/5601557063545
48615,"Bolachas marinhas linhaça salutem, 200g",5601557063552,11816,10041,,Salutem,,"10,95€/Kg","2,19€",https://cdn.intermarche.pt/pt/Content/images/boitmal/produit/zoom/BA9B115A8D3FF8940046379BE2186226.jpg,,/product/bolachas-marinhas-linhaca-salutem-200g/5601557063552
48627,"Mini galete de arroz, 120g",5601557061046,11816,10041,,Salutem,,"20,75€/Kg","2,49€",https://cdn.intermarche.pt/pt/Content/images/boitmal/produit/zoom/FF39C4E7760BA0809D59537315BB99A8.jpg,,/product/mini-galete-de-arroz-120g/5601557061046
22943,Tortitas de milho sem sal,5604260280964,11816,10041,Embalagem de 130g,PorSi Viva Bem,,"6,08€/Kg","0,79€",https://cdn.intermarche.pt/pt/Content/images/boitmal/produit/zoom/F6682EEFF545501EB3F144A484BD09D0.jpg,,/product/tortitas-de-milho-sem-sal/5604260280964
22942,Tortitas de milho com sal,5604260280957,11816,10041,Embalagem de 130g,PorSi Viva Bem,,"6,08€/Kg","0,79€",https://cdn.intermarche.pt/pt/Content/images/boitmal/produit/zoom/81D4CCCC6373200A9EE1E900119044F9.jpg,,/product/tortitas-de-milho-com-sal/5604260280957
14223,Tablete chocolate de leite,5604260292721,10306,10049,embalagem de 100 g,PorSi,,"12,90€/Kg","1,29€",https://cdn.intermarche.pt/pt/Content/images/boitmal/produit/zoom/E23ABA87C72BA66273585754CBCFF134.jpg,2024-10-04T22:59:59.999Z,/product/tablete-chocolate-de-leite/5604260292721
48678,Chocolate de Leite com Bolacha,8000300339413,10306,10049,Embalagem de 100g,Crunch,,"19,90€/Kg","1,99€",https://cdn.intermarche.pt/pt/Content/images/boitmal/produit/zoom/E91214FA36AB3689AEFB2DC3B72715BC.jpg,2024-09-25T22:59:59.999Z,/product/chocolate-de-leite-com-bolacha/8000300339413
508,Tablete chocolate de leite,3045140105502,10306,10049,Embalagem de 100g,Milka,,"19,90€/Kg","1,99€",https://cdn.intermarche.pt/pt/Content/images/boitmal/produit/zoom/913CE6059038FB24D6D6DB0F0F385165.jpg,,/product/tablete-chocolate-de-leite/3045140105502
22840,Tablete de chocolate leite,7613035268388,10306,10049,Embalagem de 130g,Nestlé,,"19,92€/Kg","2,49€",https://cdn.intermarche.pt/pt/Content/images/boitmal/produit/zoom/6CC50597F0349032C086C8C21485FBA4.jpg,,/product/tablete-de-chocolate-leite/7613035268388
29227,Bolachas Recheadas com Chocolate B-Ready,8000500227848,10306,10049,Embalagem de 132 g,Nutella,,"24,92€/Kg","3,29€",https://cdn.intermarche.pt/pt/Content/images/boitmal/produit/zoom/3AE33FDF752BFC54FB7A06813AFDB06D.jpg,,/product/bolachas-recheadas-com-chocolate-b-ready/8000500227848
29835,Tablete chocolate oreo,7622210824721,10306,10049,Embalagem de 90g,Milka,,"21,63€/Kg","1,99€",https://cdn.intermarche.pt/pt/Content/images/boitmal/produit/zoom/AF28777B9B029477D7ED3D2DFE694A90.jpg,,/product/tablete-chocolate-oreo/7622210824721
36714,"Tablete de chocolate com arroz tufado, 100 g",5604260292769,10306,10049,,PorSi,,"12,90€/Kg","1,29€",https://cdn.intermarche.pt/pt/Content/images/boitmal/produit/zoom/7AF9B8E756E45C2AC153C880A107CFAF.jpg,,/product/tablete-de-chocolate-com-arroz-tufado-100-g/5604260292769
7585,Tablete de chocolate leite,4000607850004,10306,10049,Embalagem de 100g,Schogetten,,"13,80€/Kg","1,38€",https://cdn.intermarche.pt/pt/Content/images/boitmal/produit/zoom/27254404FC1D9D9349122187959DAEFB.jpg,,/product/tablete-de-chocolate-leite/4000607850004
832,"Snack de chocolate, pack de 3 unidades",5000159429153,10306,10049,Embalagem de 150g,Snickers,,"19,93€/Kg","2,99€",https://cdn.intermarche.pt/pt/Content/images/boitmal/produit/zoom/2D6CC0587395A7C6753C783A73E3111A.jpg,,/product/snack-de-chocolate-pack-de-3-unidades/5000159429153
848,Chocolate mini,5000189974579,10306,10049,Embalagem de 200g,Kit Kat,,"19,45€/Kg","3,89€",https://cdn.intermarche.pt/pt/Content/images/boitmal/produit/zoom/33F684DC544CDCED4E93A337A33052D5.jpg,,/product/chocolate-mini/5000189974579
26599,Tablete de chocolate leite,7622210693280,10306,10049,Embalagem de 270g,Milka,,"18,48€/Kg","4,99€",https://cdn.intermarche.pt/pt/Content/images/boitmal/produit/zoom/7332FD90ADF2D65FF67BAAF6DF4E088D.jpg,,/product/tablete-de-chocolate-leite/7622210693280
2581,Tablete de chocolate com creme de caramelo,7622300086404,10306,10049,Embalagem de 100g,Milka,,"19,90€/Kg","1,99€",https://cdn.intermarche.pt/pt/Content/images/boitmal/produit/zoom/F8D5162A9CD2BB6CC870C7C585B6D422.jpg,,/product/tablete-de-chocolate-com-creme-de-caramelo/7622300086404
21374,Chocolate maxi 6 barritas,0000080310167,10306,10049,Embalagem de 130g,Kinder,,"23,00€/Kg","2,99€",https://cdn.intermarche.pt/pt/Content/images/boitmal/produit/zoom/504AE94960555605EA2E7C0713F0391E.jpg,,/product/chocolate-maxi-6-barritas/0000080310167
19933,Tablete de chocolate leite bubbly,7622210476838,10306,10049,Embalagem de 90g,Milka,,"22,11€/Kg","1,99€",https://cdn.intermarche.pt/pt/Content/images/boitmal/produit/zoom/28E25E8A2E758F84CE1C2E49551A49B3.jpg,,/product/tablete-de-chocolate-leite-bubbly/7622210476838
2603,Tablete de chocolate,7622300631574,10306,10049,Embalagem de 100g,Milka,,"19,90€/Kg","1,99€",https://cdn.intermarche.pt/pt/Content/images/boitmal/produit/zoom/02BB17BD1727FA5D1A551CABF31FFDD9.jpg,,/product/tablete-de-chocolate/7622300631574
14293,Kinder choc.maxi t10 210g,4008400221021,10306,10049,Embalagem de 210G,Kinder,,"19,00€/Kg","3,99€",https://cdn.intermarche.pt/pt/Content/images/boitmal/produit/zoom/F4552CCB7E2D8A8637455128EEB4432D.jpg,,/product/kinder-choc.maxi-t10-210g/4008400221021
52536,Snack Chocolate Bueno,4008400320328,10306,10049,Embalagem de 3x43g,Kinder,,"23,18€/Kg","2,99€",https://cdn.intermarche.pt/pt/Content/images/boitmal/produit/zoom/7D0C6F0D8A14FE6E20497AD8E847B60F.jpg,,/product/snack-chocolate-bueno/4008400320328
43382,Tablete de chocolate de leite,5604260308583,10306,10049,Embalagem de 200g,PorSi Select,,"11,75€/Kg","2,35€",https://cdn.intermarche.pt/pt/Content/images/boitmal/produit/zoom/10ACAB8F572FAEB9254E0F625EA524B6.jpg,,/product/tablete-de-chocolate-de-leite/5604260308583
6145,Tablete de chocolate daim,7622300370367,10306,10049,Embalagem de 100g,Milka,,"19,90€/Kg","1,99€",https://cdn.intermarche.pt/pt/Content/images/boitmal/produit/zoom/56F3B954FB338E83AF76BA02ADD8C6E3.jpg,,/product/tablete-de-chocolate-daim/7622300370367
833,"Snack  de chocolate, pack de 3 unidades",5000159429245,10306,10049,Embalagem de 3x45 g,Mars,,"21,36€/Kg","2,99€",https://cdn.intermarche.pt/pt/Content/images/boitmal/produit/zoom/444443569A80E5E33EC173AFEA00DA34.jpg,,/product/snack-de-chocolate-pack-de-3-unidades/5000159429245
43336,Tablete de chocolate de leite com caramelo,5604260310425,10306,10049,Embalagem de 100g,PorSi Select,,"14,90€/Kg","1,49€",https://cdn.intermarche.pt/pt/Content/images/boitmal/produit/zoom/498E60DA49B58DBD8733DD48B38DEB97.jpg,,/product/tablete-de-chocolate-de-leite-com-caramelo/5604260310425
460,Tablete de chocolate bolacha,9012200872739,10306,10049,Embalagem de 300g,Milka,,"16,63€/Kg","4,99€",https://cdn.intermarche.pt/pt/Content/images/boitmal/produit/zoom/6F8C876424C90029D1A5E69D3BC77E04.jpg,,/product/tablete-de-chocolate-bolacha/9012200872739
53219,"Chocolate Extrafino Dulce de Leche, 83g",8445290771858,10306,10049,,Nestlé,,"20,36€/Kg","1,69€",https://cdn.intermarche.pt/pt/Content/images/boitmal/produit/zoom/98956F1946F55DAF2594B42A4D09505D.jpg,,/product/chocolate-extrafino-dulce-de-leche-83g/8445290771858
15740,Tablete de chocolate oreo,7622210293381,10306,10049,Embalagem de 300g,Milka,,"16,63€/Kg","4,99€",https://cdn.intermarche.pt/pt/Content/images/boitmal/produit/zoom/D24251E62B6D277735B671C9BA8FD0A9.jpg,,/product/tablete-de-chocolate-oreo/7622210293381
19196,Chocolate chunky,3800020456262,10306,10049,Embalagem de 160g,Kit Kat,,"24,94€/Kg","3,99€",https://cdn.intermarche.pt/pt/Content/images/boitmal/produit/zoom/9225F588BFCBBD1C1F482DA3257FFB07.jpg,,/product/chocolate-chunky/3800020456262
22355,Tablete de chocolate de leite,8593893753082,10306,10049,Embalagem de 90g,Nestlé,,"22,11€/Kg","1,99€",https://cdn.intermarche.pt/pt/Content/images/boitmal/produit/zoom/6015C695DCD2B71343F0EB46B69E1B6C.jpg,,/product/tablete-de-chocolate-de-leite/8593893753082
835,"Snack chocolate, 3 packs",5000159461313,10306,10049,Embalagem de 150 g,Twix,,"19,93€/Kg","2,99€",https://cdn.intermarche.pt/pt/Content/images/boitmal/produit/zoom/3F5C666C1037CB1E687C956A030215E6.jpg,,/product/snack-chocolate-3-packs/5000159461313
19841,Chocolate kit kat,0000040052526,10306,10049,Embalagem de 130g,Kit Kat,,"26,00€/Kg","3,25€",https://cdn.intermarche.pt/pt/Content/images/boitmal/produit/zoom/BA88B703E0F1A0C766A21A37C6F5AA84.jpg,,/product/chocolate-kit-kat/0000040052526
20290,Tablete triple chocolate,7622210609908,10306,10049,Embalagem de 90g,Milka,,"22,11€/Kg","1,99€",https://cdn.intermarche.pt/pt/Content/images/boitmal/produit/zoom/F9C1A236D85F94CD156CD3E856215324.jpg,,/product/tablete-triple-chocolate/7622210609908
20291,Tablete triple caramelo,7622210609885,10306,10049,Embalagem de 90g,Milka,,"22,11€/Kg","1,99€",https://cdn.intermarche.pt/pt/Content/images/boitmal/produit/zoom/5839CAED9313D5038F6618DF343CF462.jpg,,/product/tablete-triple-caramelo/7622210609885
23883,Cadbury chocolate bar supermix r,7622300743574,10306,10049,Embalagem de 45g,Cadbury,,"26,44€/Kg","1,19€",https://cdn.intermarche.pt/pt/Content/images/boitmal/produit/zoom/7882201B487E04E3B875F81A015A9BD1.jpg,,/product/cadbury-chocolate-bar-supermix-r/7622300743574
26393,Chocolate milka oreo,7622210718693,10306,10049,Embalagem de 40g,Milka,,"32,16€/Kg","1,19€",https://cdn.intermarche.pt/pt/Content/images/boitmal/produit/zoom/D5F79E90F11DE17E870BAF91647BB0BB.jpg,,/product/chocolate-milka-oreo/7622210718693
31485,Nutella b-ready t.2,8000500264850,10306,10049,Embalagem de 50g,Nutella,,"35,33€/Kg","1,59€",https://cdn.intermarche.pt/pt/Content/images/boitmal/produit/zoom/994A7823E4FD51781551707B0585B514.jpg,,/product/nutella-b-ready-t.2/8000500264850
43292,Chocolate cheesecake,7622210678171,10306,10049,Embalagem de 300g,Milka,,"16,63€/Kg","4,99€",https://cdn.intermarche.pt/pt/Content/images/boitmal/produit/zoom/69C5E30887DF2D0F453801C4D6E4A654.jpg,,/product/chocolate-cheesecake/7622210678171
51879,"Snack Chocolate de Leite, 9x20,7 g",8445290061294,10306,10049,,Kit Kat,,"13,92€/Kg","2,59€",https://cdn.intermarche.pt/pt/Content/images/boitmal/produit/zoom/E608155CBDB2ABB126CFC078E77EFBF9.jpg,,/product/snack-chocolate-de-leite-9x207-g/8445290061294
830,"Chocolate, 2 pack",5000159407410,10306,10049,Embalagem de 80 g,Snickers,,"24,88€/Kg","1,99€",https://cdn.intermarche.pt/pt/Content/images/boitmal/produit/zoom/D81DE510A764755B3C434D20B393FA91.jpg,,/product/chocolate-2-pack/5000159407410
9891,Snack de chocolate,7613032649647,10306,10049,Embalagem de 130g,Lion,,"18,38€/Kg","2,39€",https://cdn.intermarche.pt/pt/Content/images/boitmal/produit/zoom/81D17A4FA4D6E98C4DA6029A37B9FCCD.jpg,,/product/snack-de-chocolate/7613032649647
22381,Chocolate lion,7613032625474,10306,10049,Embalagem de 40g,Lion,,"30,71€/Kg","1,29€",https://cdn.intermarche.pt/pt/Content/images/boitmal/produit/zoom/2E82A6817FED2FFEF73F47732D00D78F.jpg,,/product/chocolate-lion/7613032625474
2437,"Chocolate, extra single",5900951028502,10306,10049,Embalagem de 80g,Twix,,"26,53€/Kg","1,99€",https://cdn.intermarche.pt/pt/Content/images/boitmal/produit/zoom/562AF9AA86A9FF70473694D73A4E6BFB.jpg,,/product/chocolate-extra-single/5900951028502
2580,Tablete chocolate creme de cacau,7622300033781,10306,10049,Embalagem de 100g,Milka,,"19,90€/Kg","1,99€",https://cdn.intermarche.pt/pt/Content/images/boitmal/produit/zoom/404A712A5EA2681CBDBD2F922EFC84BB.jpg,,/product/tablete-chocolate-creme-de-cacau/7622300033781
34205,"Tablete de chocolate negro, 100 g",8000300300390,10746,10049,,Nestlé,,"19,90€/Kg","1,99€",https://cdn.intermarche.pt/pt/Content/images/boitmal/produit/zoom/69FE7BE7EC39818D3FF314DBE4ECD3FC.jpg,2024-09-25T22:59:59.999Z,/product/tablete-de-chocolate-negro-100-g/8000300300390
48148,Tablete de chocolate negro 74% cacau,5604260322848,10746,10049,Embalagem de 100 g,PorSi Select,,"12,90€/Kg","1,29€",https://cdn.intermarche.pt/pt/Content/images/boitmal/produit/zoom/6E5261B1D47E3033166DBEE63A393E7A.jpg,,/product/tablete-de-chocolate-negro-74%25-cacau/5604260322848
43361,Tablete de chocolate negro com menta,5604260310401,10746,10049,Embalagem de 100g,PorSi Select,,"18,90€/Kg","1,89€",https://cdn.intermarche.pt/pt/Content/images/boitmal/produit/zoom/80BFD277561E81614DD5BF67E61AA97B.jpg,,/product/tablete-de-chocolate-negro-com-menta/5604260310401
7587,Tablete de chocolate preto schoget,4000607852008,10746,10049,Embalagem de 100g,Schogetten,,"13,80€/Kg","1,38€",https://cdn.intermarche.pt/pt/Content/images/boitmal/produit/zoom/E8619392B36AC4B9E4BAE0C41FC6CACF.jpg,,/product/tablete-de-chocolate-preto-schoget/4000607852008
36707,Tablete de chocolate negro,5604260292714,10746,10049,Embalagem de 100 g,PorSi,,"12,90€/Kg","1,29€",https://cdn.intermarche.pt/pt/Content/images/boitmal/produit/zoom/A7F591B248A7EFDC9632CB9AAA34E968.jpg,,/product/tablete-de-chocolate-negro/5604260292714
42959,Tablete de chocolate negro,5604260308569,10746,10049,200 g,PorSi Select,,"11,45€/Kg","2,29€",https://cdn.intermarche.pt/pt/Content/images/boitmal/produit/zoom/05AB9307FBF1E771A363560DDB005DBE.jpg,,/product/tablete-de-chocolate-negro/5604260308569
44785,Chocolate negro 85% cacau,7613039960196,10746,10049,Embalagem de 120g,Nestlé,,"31,58€/Kg","3,79€",https://cdn.intermarche.pt/pt/Content/images/boitmal/produit/zoom/E193EA40CA2247742F14C5EF162DA9C4.jpg,,/product/chocolate-negro-85%25-cacau/7613039960196
22413,Tablete de chocolate preto,7613035314375,10746,10049,Embalagem de 130g,Nestlé,,"22,32€/Kg","2,79€",https://cdn.intermarche.pt/pt/Content/images/boitmal/produit/zoom/3EBD64F76D5E56D19B710C7F803E3D4F.jpg,,/product/tablete-de-chocolate-preto/7613035314375
39427,Milka chocolate tablet cocoa,7622201106621,10746,10049,Embalagem de 100g,Milka,,"19,90€/Kg","1,99€",https://cdn.intermarche.pt/pt/Content/images/boitmal/produit/zoom/B7CFF6D75C915283D1BC7A9FA7DC7501.jpg,,/product/milka-chocolate-tablet-cocoa/7622201106621
43330,Tablete de chocolate negro 85% cacau,5604260310395,10746,10049,Embalagem de 100g,PorSi Select,,"19,90€/Kg","1,99€",https://cdn.intermarche.pt/pt/Content/images/boitmal/produit/zoom/5E53D45B7C26F83595AF5C83B9E35ED2.jpg,,/product/tablete-de-chocolate-negro-85%25-cacau/5604260310395
43362,Tablete de chocolate negro com pedaços,5604260310418,10746,10049,Embalagem de 100g,PorSi Select,,"18,90€/Kg","1,89€",https://cdn.intermarche.pt/pt/Content/images/boitmal/produit/zoom/1D6E873DE7DBAF64570960A58F291B29.jpg,,/product/tablete-de-chocolate-negro-com-pedacos/5604260310418
22356,Tablete de chocolate de preto,8593893753105,10746,10049,Embalagem de 90g,Nestlé,,"22,11€/Kg","1,99€",https://cdn.intermarche.pt/pt/Content/images/boitmal/produit/zoom/09B3016D280503C55A8592D2CD670A60.jpg,,/product/tablete-de-chocolate-de-preto/8593893753105
41781,Tablete de chocolate negro - sem açúcar,5604260308064,10746,10049,Embalagem de 100 g,PorSi Viva Bem,,"14,90€/Kg","1,49€",https://cdn.intermarche.pt/pt/Content/images/boitmal/produit/zoom/9643E3A8A67AF575A1294593282217B9.jpg,,/product/tablete-de-chocolate-negro-sem-acucar/5604260308064
44784,"Tablete Chocolate Preto com Amêndoas, 270g",7613039993354,10746,10049,,Nestlé,,"18,48€/Kg","4,99€",https://cdn.intermarche.pt/pt/Content/images/boitmal/produit/zoom/713B57E56E8920CEB46EBB4BD8CD7A38.jpg,,/product/tablete-chocolate-preto-com-amendoas-270g/7613039993354
12239,Tablete de chocolate meio amargo,7614500010617,10746,10049,Embalagem de 100g,Toblerone,,"34,90€/Kg","3,49€",https://cdn.intermarche.pt/pt/Content/images/boitmal/produit/zoom/146CAD3D67B7CC39309BD7B902FC5A63.jpg,,/product/tablete-de-chocolate-meio-amargo/7614500010617
42151,"Tablete de chocolate preto extra fina, 270 g",7613039994016,10746,10049,,Nestlé,,"18,48€/Kg","4,99€",https://cdn.intermarche.pt/pt/Content/images/boitmal/produit/zoom/27E1D638E2899DE39AA98E8734E8D8D4.jpg,,/product/tablete-de-chocolate-preto-extra-fina-270-g/7613039994016
48242,Tablete chocolate negro c/ flor de sal,5604260318469,10746,10049,Embalagem de 100g,PorSi Select,,"23,90€/Kg","2,39€",https://cdn.intermarche.pt/pt/Content/images/boitmal/produit/zoom/30E3B8953FC93FB19FC8F1056B1B2198.jpg,,/product/tablete-chocolate-negro-c-ou-flor-de-sal/5604260318469
53014,"Tablete Chocolate Preto com Framboesa e Avelã 70% Cacau, 100g",7610400090957,10746,10049,,Lindt,,"39,90€/Kg","3,99€",https://cdn.intermarche.pt/pt/Content/images/boitmal/produit/zoom/81F086CD4AC2666F9E4F3DDACB998A47.jpg,,/product/tablete-chocolate-preto-com-framboesa-e-avela-70%25-cacau-100g/7610400090957
53015,"Tablete Chocolate Preto com Caramelo e Flor de Sal 70% Cacau, 100g",7610400090933,10746,10049,,Lindt,,"39,90€/Kg","3,99€",https://cdn.intermarche.pt/pt/Content/images/boitmal/produit/zoom/A813914A06481DD8002C15418305484F.jpg,,/product/tablete-chocolate-preto-com-caramelo-e-flor-de-sal-70%25-cacau-100g/7610400090933
511,"Tablete de chocolate excellence, 85% cacau",3046920028363,10746,10049,Embalagem de 100g,Lindt,,"32,90€/Kg","3,29€",https://cdn.intermarche.pt/pt/Content/images/boitmal/produit/zoom/05B4E950A6290D86B9B96B210C726A38.jpg,,/product/tablete-de-chocolate-excellence-85%25-cacau/3046920028363
25867,Tablete de chocolate branco,4005500534600,10747,10049,Embalagem de 100 g,Crunch,,"19,90€/Kg","1,99€",https://cdn.intermarche.pt/pt/Content/images/boitmal/produit/zoom/7A2083BB2AB95CD5C6F336E859964865.jpg,2024-09-25T22:59:59.999Z,/product/tablete-de-chocolate-branco/4005500534600
37498,"Tablete chocolate branco, 100g",5604260292745,10747,10049,,PorSi,,"14,90€/Kg","1,49€",https://cdn.intermarche.pt/pt/Content/images/boitmal/produit/zoom/106ACEDA71FEAEF05B1FCF1466B6E67D.jpg,,/product/tablete-chocolate-branco-100g/5604260292745
7578,Tablete de chocolate branco,4000415856601,10747,10049,Embalagem de 100g,Schogetten,,"13,80€/Kg","1,38€",https://cdn.intermarche.pt/pt/Content/images/boitmal/produit/zoom/BB4F2E45B239015D82610C2EA8CB3413.jpg,,/product/tablete-de-chocolate-branco/4000415856601
2646,Chocolate branco,8000500121436,10747,10049,Embalagem de 130g,Kinder,,"23,00€/Kg","2,99€",https://cdn.intermarche.pt/pt/Content/images/boitmal/produit/zoom/CD5BFC26BD8B86E8E1FD2572F77D4C70.jpg,,/product/chocolate-branco/8000500121436
286,Snack chocolate bueno white,0000080761761,10747,10049,Embalagem de 40g,Kinder,,"31,25€/Kg","1,25€",https://cdn.intermarche.pt/pt/Content/images/boitmal/produit/zoom/993E3142FDB97A2129E3343FF32BA9B9.jpg,,/product/snack-chocolate-bueno-white/0000080761761
43290,Chocolate Branco e Óreo,7622201109615,10747,10049,Embalagem de 100g,Milka,,"19,90€/Kg","1,99€",https://cdn.intermarche.pt/pt/Content/images/boitmal/produit/zoom/3A1D00D562B8D4267A1C9A9A8257B353.jpg,,/product/chocolate-branco-e-oreo/7622201109615
52081,"Twix barras de chocolate branco, biscoito e caramelo,",5000159486972,10747,10049,Embalagem de 46g,Twix,,"29,35€/Kg","1,35€",https://cdn.intermarche.pt/pt/Content/images/boitmal/produit/zoom/4BA8BA2B58A7A15BCB97FC51AB2EF6C3.jpg,,/product/twix-barras-de-chocolate-branco-biscoito-e-caramelo/5000159486972
48677,Chocolate Branco Milkybar,8000300371031,10747,10049,Embalagem de 100g,Nestlé,,"23,90€/Kg","2,39€",https://cdn.intermarche.pt/pt/Content/images/boitmal/produit/zoom/2D3745C2E6BFCB0483EA49F17EC56D16.jpg,,/product/chocolate-branco-milkybar/8000300371031
51806,Tablete Chocolate Branco,8000500359884,10747,10049,Embalagem de 90 g,Ferrero Rocher,,"33,22€/Kg","2,99€",https://cdn.intermarche.pt/pt/Content/images/boitmal/produit/zoom/3838B7D93DC44AE3FB1CAD2202C6A822.jpg,,/product/tablete-chocolate-branco/8000500359884
792,Tablete de chocolate branco,4025700001962,10747,10049,Embalagem de 100g,Milka,,"19,90€/Kg","1,99€",https://cdn.intermarche.pt/pt/Content/images/boitmal/produit/zoom/448E206EC3DA3A6C8D51D02D6C9C46F1.jpg,,/product/tablete-de-chocolate-branco/4025700001962
52904,"Chocolate Extrafino Filipinos Branco, 84g",8445290926029,10747,10049,,Nestlé,,"20,12€/Kg","1,69€",https://cdn.intermarche.pt/pt/Content/images/boitmal/produit/zoom/E120C8BF5434763B5E3155415B02A155.jpg,,/product/chocolate-extrafino-filipinos-branco-84g/8445290926029
42957,Tablete de chocolate leite com amêndoas,5604260308576,10751,10049,200 g,PorSi Select,,"11,45€/Kg","2,29€",https://cdn.intermarche.pt/pt/Content/images/boitmal/produit/zoom/44C34F0ACA18F3216BBCCAA771D78F40.jpg,,/product/tablete-de-chocolate-leite-com-amendoas/5604260308576
42958,Tablete de chocolate leite com avelã,5604260308590,10751,10049,200 g,PorSi Select,,"11,45€/Kg","2,29€",https://cdn.intermarche.pt/pt/Content/images/boitmal/produit/zoom/869EFB3C8F5800EA3F44CA820A22A20F.jpg,,/product/tablete-de-chocolate-leite-com-avela/5604260308590
42235,"Tablete de chocolate de leite com amêndoas, 100 g",5604260292776,10751,10049,,PorSi,,"12,90€/Kg","1,29€",https://cdn.intermarche.pt/pt/Content/images/boitmal/produit/zoom/85BF87684A8152785B5A4DE7BC089D09.jpg,,/product/tablete-de-chocolate-de-leite-com-amendoas-100-g/5604260292776
36705,Tablete de chocolate com avelãs,5604260292752,10751,10049,Embalagem de 100 g,PorSi,,"12,90€/Kg","1,29€",https://cdn.intermarche.pt/pt/Content/images/boitmal/produit/zoom/DDEB724702CFFCB079128C0036D24C4F.jpg,,/product/tablete-de-chocolate-com-avelas/5604260292752
41778,Tablete de chocolate de leite com amêndoas - sem açúcar,5604260308033,10751,10049,Embalagem de 100 g,PorSi Viva Bem,,"14,90€/Kg","1,49€",https://cdn.intermarche.pt/pt/Content/images/boitmal/produit/zoom/A3CCE70722E3E70B5DCCB1282E26A3C0.jpg,,/product/tablete-de-chocolate-de-leite-com-amendoas-sem-acucar/5604260308033
26600,Tablete de chocolate leite c/ avelãs,7622210693266,10751,10049,Embalagem de 270g,Milka,,"18,48€/Kg","4,99€",https://cdn.intermarche.pt/pt/Content/images/boitmal/produit/zoom/719CC28901F8BB7348667EFCC4BB476A.jpg,,/product/tablete-de-chocolate-leite-c-ou-avelas/7622210693266
7586,"Tablete de chocolate, leite com avelãs",4000607851001,10751,10049,Embalagem de 100g,Schogetten,,"13,80€/Kg","1,38€",https://cdn.intermarche.pt/pt/Content/images/boitmal/produit/zoom/A76CBC7AD631E0F9A49F005667C29003.jpg,,/product/tablete-de-chocolate-leite-com-avelas/4000607851001
22414,Tablete de chocolate extra fina leite/avelã,7613035268364,10751,10049,Embalagem de 120g,Nestlé,,"20,24€/Kg","2,49€",https://cdn.intermarche.pt/pt/Content/images/boitmal/produit/zoom/7736CE4E28C5141493617380C6AC07C4.jpg,,/product/tablete-de-chocolate-extra-fina-leite-ou-avela/7613035268364
11132,"Bombons de chocolate, praleine",4000415851705,10751,10049,Embalagem de 100g,Schogetten,,"13,80€/Kg","1,38€",https://cdn.intermarche.pt/pt/Content/images/boitmal/produit/zoom/385FD0BFD3F12650D650DAECAB4A0D1D.jpg,,/product/bombons-de-chocolate-praleine/4000415851705
2586,Tablete de chocolate caramelo e avelã,7622300134532,10751,10049,Embalagem de 300g,Milka,,"16,63€/Kg","4,99€",https://cdn.intermarche.pt/pt/Content/images/boitmal/produit/zoom/A1FE4A561B5A263EA7EFD1009E1AA7AB.jpg,,/product/tablete-de-chocolate-caramelo-e-avela/7622300134532
48722,Tablete chocolate de leite e avelã,8000500359488,10751,10049,Embalagem de 90g,Ferrero Rocher,,"31,00€/Kg","2,79€",https://cdn.intermarche.pt/pt/Content/images/boitmal/produit/zoom/DAF1F9A6C85F5C727271CDB738885F5C.jpg,,/product/tablete-chocolate-de-leite-e-avela/8000500359488
48724,Tablete coco e amêndoa,8000500359556,10751,10049,Embalagem de 90g,Raffaello,,"33,22€/Kg","2,99€",https://cdn.intermarche.pt/pt/Content/images/boitmal/produit/zoom/A6628DBB759AC5BC26DB99EA7EF52D12.jpg,,/product/tablete-coco-e-amendoa/8000500359556
21345,Tablete de chocolate caramel peanut,7622210612267,10751,10049,Embalagem de 280g,Milka,,"18,08€/Kg","4,99€",https://cdn.intermarche.pt/pt/Content/images/boitmal/produit/zoom/DCA305427C6FC55B5FD4BD27F3706BB6.jpg,,/product/tablete-de-chocolate-caramel-peanut/7622210612267
2550,Tablete de chocolate de leite,7614500010013,10751,10049,Embalagem de 100g,Toblerone,,"32,90€/Kg","3,29€",https://cdn.intermarche.pt/pt/Content/images/boitmal/produit/zoom/24ECD834AC250A4E2C68F6B3A51B9E03.jpg,,/product/tablete-de-chocolate-de-leite/7614500010013
29726,Tablete de chocolate amêndoa e caramelo,7622210834003,10751,10049,Embalagem de 300g,Milka,,"16,63€/Kg","4,99€",https://cdn.intermarche.pt/pt/Content/images/boitmal/produit/zoom/5F4793EDA4B429BD638EF0BC64C44945.jpg,,/product/tablete-de-chocolate-amendoa-e-caramelo/7622210834003
34557,Barra de chocolate leite,0000076145759,10751,10049,Embalagem de 35g,Toblerone,,"34,00€/Kg","1,19€",https://cdn.intermarche.pt/pt/Content/images/boitmal/produit/zoom/C4485928711B120FA7101017E1AE8382.jpg,,/product/barra-de-chocolate-leite/0000076145759
34898,"Tablete de chocolate amendoim, 90 g",8593893755154,10751,10049,,Nestlé,,"22,11€/Kg","1,99€",https://cdn.intermarche.pt/pt/Content/images/boitmal/produit/zoom/449013C4B28A1EB7B546FAF77B48BC70.jpg,,/product/tablete-de-chocolate-amendoim-90-g/8593893755154
37707,Chocolate de leite com caramelo e amendoim,7622210822383,10751,10049,Embalagem de 90 g,Milka,,"22,11€/Kg","1,99€",https://cdn.intermarche.pt/pt/Content/images/boitmal/produit/zoom/22B3F6C03528779C95C5539369E4F2C3.jpg,,/product/chocolate-de-leite-com-caramelo-e-amendoim/7622210822383
41324,Chocolate de leite e amêndoas,8410172652600,10751,10049,Embalagem de 125g,Milka,,"17,52€/Kg","2,19€",https://cdn.intermarche.pt/pt/Content/images/boitmal/produit/zoom/2E0665E299EA0A1F9C5B24FC8AE2C6F2.jpg,,/product/chocolate-de-leite-e-amendoas/8410172652600
48723,Tablete chocolate negro com avelâ,8000500359815,10751,10049,Embalagem de 90g,Ferrero Rocher,,"33,22€/Kg","2,99€",https://cdn.intermarche.pt/pt/Content/images/boitmal/produit/zoom/70A437D223DC1891B765906BCF5A7B6E.jpg,,/product/tablete-chocolate-negro-com-avela/8000500359815
49454,Chocolate Nutty Choco Wafer,7622201677176,10751,10049,Embalagem de 270g,Milka,,"18,48€/Kg","4,99€",https://cdn.intermarche.pt/pt/Content/images/boitmal/produit/zoom/3E64124087BC991F02897AC4D9496D2F.jpg,,/product/chocolate-nutty-choco-wafer/7622201677176
52022,Tablete de Chocolate de Leite com Amêndoas Inteiras,7622201735654,10751,10049,Embalagem de 270g,Milka,,"18,48€/Kg","4,99€",https://cdn.intermarche.pt/pt/Content/images/boitmal/produit/zoom/DB0854CF84F64042DFE1776A60C1B799.jpg,,/product/tablete-de-chocolate-de-leite-com-amendoas-inteiras/7622201735654
22415,"Tablete de chocolate leite e amêndoa, 120g",7613035314016,10751,10049,,Nestlé,,"20,24€/Kg","2,49€",https://cdn.intermarche.pt/pt/Content/images/boitmal/produit/zoom/C4435238A0B880B5B84CDD571DB00FAD.jpg,,/product/tablete-de-chocolate-leite-e-amendoa-120g/7613035314016
7763,Bombons de chocolate merci,4014400901191,10304,10049,Embalagem de 250g,Merci,,"30,76€/Kg","7,69€",https://cdn.intermarche.pt/pt/Content/images/boitmal/produit/zoom/62C8077B8C028E6BFE4663715DBD5D3C.jpg,,/product/bombons-de-chocolate-merci/4014400901191
22167,Chocolate,7613034944849,10304,10049,Embalagem de 200g,After Eight,,"19,95€/Kg","3,99€",https://cdn.intermarche.pt/pt/Content/images/boitmal/produit/zoom/245F7F4095BCE74B8441E4600DD3127A.jpg,,/product/chocolate/7613034944849
29082,Frutos do mar,5410976140122,10304,10049,250 g,Guylian,,"31,96€/Kg","7,99€",https://cdn.intermarche.pt/pt/Content/images/boitmal/produit/zoom/5300050A251CD9AC5B915C0922AABC75.jpg,,/product/frutos-do-mar/5410976140122
23297,Chocolate,5000189983281,10304,10049,Embalagem de 400 g,After Eight,,"17,98€/Kg","7,19€",https://cdn.intermarche.pt/pt/Content/images/boitmal/produit/zoom/A640EDF5718564B06C1C08C63850BC12.jpg,,/product/chocolate/5000189983281
27415,Bombons collection t24,8000500247167,10304,10049,Embalagem de 270g,Collection,,"44,41€/Kg","11,99€",https://cdn.intermarche.pt/pt/Content/images/boitmal/produit/zoom/E65F7958AB4D76E3386BDC3DEA2EC1A3.jpg,,/product/bombons-collection-t24/8000500247167
43768,"Smarties mini chocolate, 187g",7613287121783,10308,10049,,Smarties,,"18,07€/Kg","3,38€",https://cdn.intermarche.pt/pt/Content/images/boitmal/produit/zoom/7A552A060795A355D30AAAB4BC193B70.jpg,2024-09-25T22:59:59.999Z,/product/smarties-mini-chocolate-187g/7613287121783
14675,Drageias de chocolate de leite,0000040345192,10308,10049,Embalagem de 38g,Smarties,,"30,26€/Kg","1,15€",https://cdn.intermarche.pt/pt/Content/images/boitmal/produit/zoom/E9B97FA300E8AB6ECAA320656A006C28.jpg,2024-09-25T22:59:59.999Z,/product/drageias-de-chocolate-de-leite/0000040345192
53179,"Chocolate Minions Sortido, 20g",8410740911597,10308,10049,,Lacasitos,,"112,00€/Kg","2,24€",https://cdn.intermarche.pt/pt/Content/images/boitmal/produit/zoom/B7C0F3DBCDEAFA40F4AA115036F50C8E.jpg,2024-09-25T22:59:59.999Z,/product/chocolate-minions-sortido-20g/8410740911597
49871,Drageias de chocolate de leite,5604260325160,10308,10049,200 g,PorSi,,"9,45€/Kg","1,89€",https://cdn.intermarche.pt/pt/Content/images/boitmal/produit/zoom/1EC42F97632575FC0B460DEB6A837DA7.jpg,,/product/drageias-de-chocolate-de-leite/5604260325160
34404,Chocolate lion mini,7613034675842,10308,10049,Embalagem de 198 g,Lion,,"18,13€/Kg","3,59€",https://cdn.intermarche.pt/pt/Content/images/boitmal/produit/zoom/E01713645BBE2905958004B9A9FB13F5.jpg,,/product/chocolate-lion-mini/7613034675842
48712,"M&m's drageias de amendoim e chocolate de leite,",5000159386821,10308,10049,Embalagem de 200g,M&M's,,"22,45€/Kg","4,49€",https://cdn.intermarche.pt/pt/Content/images/boitmal/produit/zoom/4CCF8D7717DBC8A64F31A447DC45B064.jpg,,/product/m&m's-drageias-de-amendoim-e-chocolate-de-leite/5000159386821
1040,"Chocolate, tripack",5601055005375,10308,10049,Embalagem de 70g,Pintarolas,,"28,43€/Kg","1,99€",https://cdn.intermarche.pt/pt/Content/images/boitmal/produit/zoom/EE9E24CF7B4A233D7EEFDEFA1D224686.jpg,,/product/chocolate-tripack/5601055005375
47048,"M&m's drageias de chocolate de leite,",4011100005860,10308,10049,Embalagem de 400g,M&M's,,"19,98€/Kg","7,99€",https://cdn.intermarche.pt/pt/Content/images/boitmal/produit/zoom/268962D7CABB546D659E0A4E243D59D2.jpg,,/product/m&m's-drageias-de-chocolate-de-leite/4011100005860
48714,"M&m's drageias de chocolate de leite,",5900951141638,10308,10049,Embalagem de 200g,M&M's,,"23,95€/Kg","4,79€",https://cdn.intermarche.pt/pt/Content/images/boitmal/produit/zoom/66CEBA59E32A178730BC7075240F1601.jpg,,/product/m&m's-drageias-de-chocolate-de-leite/5900951141638
7936,Drageias de chocolate single,5000159020312,10308,10049,Embalagem de 40g,Maltesers,,"34,86€/Kg","1,29€",https://cdn.intermarche.pt/pt/Content/images/boitmal/produit/zoom/DB86992E1CB4957878D8838D3F2994B6.jpg,,/product/drageias-de-chocolate-single/5000159020312
35291,Snack de chocolate crispy,5000159416177,10308,10049,Embalagem de 170 g,M&M's,,"28,18€/Kg","4,79€",https://cdn.intermarche.pt/pt/Content/images/boitmal/produit/zoom/24010876B137F75E5A7CB6401C01F55E.jpg,,/product/snack-de-chocolate-crispy/5000159416177
46684,Mini wafers,7622201492786,10308,10049,Embalagem de 110g,Milka,,"18,09€/Kg","1,99€",https://cdn.intermarche.pt/pt/Content/images/boitmal/produit/zoom/A13043B0E75B0BF7C1B15E84E1493C06.jpg,,/product/mini-wafers/7622201492786
48676,"M&m's drageias de chocolate de leite,",0000040111490,10308,10049,Embalagem de 45g,M&M's,,"30,00€/Kg","1,35€",https://cdn.intermarche.pt/pt/Content/images/boitmal/produit/zoom/28267BA836F4E5BEFA90D31D2C99D948.jpg,,/product/m&m's-drageias-de-chocolate-de-leite/0000040111490
6962,"Chocolate m&m s, amendoim",0000040111445,10308,10049,Embalagem de 45 g,M&M's,,"27,00€/Kg","1,35€",https://cdn.intermarche.pt/pt/Content/images/boitmal/produit/zoom/E5B5F584733A1C8E7D283D280EAC1471.jpg,,/product/chocolate-m&m-s-amendoim/0000040111445
11245,"M&ms pouch, amendoim",4011100005884,10308,10049,Embalagem de 400 g,M&M's,,"19,98€/Kg","7,99€",https://cdn.intermarche.pt/pt/Content/images/boitmal/produit/zoom/DE869D7F093BA8800A8BC7E78EBCC4DC.jpg,,/product/m&ms-pouch-amendoim/4011100005884
52080,"M&m's drageias de brownie e chocolate de leite,",5900951294143,10308,10049,Embalagem de 160g,M&M's,,"28,06€/Kg","4,49€",https://cdn.intermarche.pt/pt/Content/images/boitmal/produit/zoom/D042495DE1BA3766D284E5BEF2AB0BA6.jpg,,/product/m&m's-drageias-de-brownie-e-chocolate-de-leite/5900951294143
47087,"M&m's drageias de caramelo salgado e chocolate de leite,",5900951291685,10308,10049,Embalagem de 160g,M&M's,,"29,94€/Kg","4,79€",https://cdn.intermarche.pt/pt/Content/images/boitmal/produit/zoom/CAC7D29B049D06DC25BCA5BAF898A20F.jpg,,/product/m&m's-drageias-de-caramelo-salgado-e-chocolate-de-leite/5900951291685
2551,Tablete chocolate de iogurte morango,7622200007332,10307,10049,Embalagem de 100g,Milka,,"19,90€/Kg","1,99€",https://cdn.intermarche.pt/pt/Content/images/boitmal/produit/zoom/47259089D2915C67983E5DDFE4FCEE7C.jpg,,/product/tablete-chocolate-de-iogurte-morango/7622200007332
36730,Tablete chocolate com recheio de morango,5604260292738,10307,10049,embalagem de 100 g,PorSi,,"14,90€/Kg","1,49€",https://cdn.intermarche.pt/pt/Content/images/boitmal/produit/zoom/5F17AAEA84329258E9A168A9032BE07D.jpg,,/product/tablete-chocolate-com-recheio-de-morango/5604260292738
40266,Bolachas Recheio de Laranja e Cobertura Chocolate,7622300603281,10307,10049,Embalagem de 147g,Milka,,"16,94€/Kg","2,49€",https://cdn.intermarche.pt/pt/Content/images/boitmal/produit/zoom/40298ABFF8AA91B9118CC24AAE7C9058.jpg,,/product/bolachas-recheio-de-laranja-e-cobertura-chocolate/7622300603281
7588,Tablete de chocolate de morango,4000607854705,10307,10049,Embalagem de 100g,Schogetten,,"13,80€/Kg","1,38€",https://cdn.intermarche.pt/pt/Content/images/boitmal/produit/zoom/ABB3C1FF746FDC439C884FEC27E0F35A.jpg,,/product/tablete-de-chocolate-de-morango/4000607854705
26766,Tablete de Chocolate Excellence Limão,3046920017541,10307,10049,Embalagem de 100 g,Lindt,,"32,90€/Kg","3,29€",https://cdn.intermarche.pt/pt/Content/images/boitmal/produit/zoom/BD26C658B6B8019E331020770884D2F6.jpg,,/product/tablete-de-chocolate-excellence-limao/3046920017541
5114,Snack de chocolate,5601055002237,10307,10049,Embalagem de 70g,Regina,,"28,43€/Kg","1,99€",https://cdn.intermarche.pt/pt/Content/images/boitmal/produit/zoom/294E975E776D89EB31FAF0FA0E31A535.jpg,,/product/snack-de-chocolate/5601055002237
14377,Kinder chocolate t24,8000500111581,10305,10049,Embalagem de 300g,Kinder,,"16,63€/Kg","4,99€",https://cdn.intermarche.pt/pt/Content/images/boitmal/produit/zoom/329E0343A295CF725E97C6356BA55602.jpg,,/product/kinder-chocolate-t24/8000500111581
2644,"Chocolate, 16 tabletes",8000500071083,10305,10049,Embalagem de 200g,Kinder,,"18,95€/Kg","3,79€",https://cdn.intermarche.pt/pt/Content/images/boitmal/produit/zoom/ADB8FDD8CA3480DA39CCE605774A1A8F.jpg,,/product/chocolate-16-tabletes/8000500071083
888,Chocolate chokobons,5413548283128,10305,10049,Embalagem de 200g,Kinder,,"24,45€/Kg","4,89€",https://cdn.intermarche.pt/pt/Content/images/boitmal/produit/zoom/4967526F4CB12D21BEBE46000F78B16F.jpg,,/product/chocolate-chokobons/5413548283128
887,Chocolate shokobons,5413548280189,10305,10049,Embalagem de 130g,Kinder,,"27,92€/Kg","3,49€",https://cdn.intermarche.pt/pt/Content/images/boitmal/produit/zoom/185CCEF867B25C830AF04A47AE436445.jpg,,/product/chocolate-shokobons/5413548280189
259,Ovo chocolate surpresa,0000040084107,10305,10049,Embalagem de 20g,Kinder,,"74,50€/Kg","1,49€",https://cdn.intermarche.pt/pt/Content/images/boitmal/produit/zoom/9C519E1225D29D2F4EF28252E842019F.jpg,,/product/ovo-chocolate-surpresa/0000040084107
42085,Chocolate chokobons,4008400280127,10305,10049,Embalagem de 300g,Kinder,,"19,97€/Kg","5,99€",https://cdn.intermarche.pt/pt/Content/images/boitmal/produit/zoom/AC40BA76FAB8AD946755376B66AF1262.jpg,,/product/chocolate-chokobons/4008400280127
46816,Shoko-bons white,8000500289877,10305,10049,Embalagem de 200g,Kinder,,"24,45€/Kg","4,89€",https://cdn.intermarche.pt/pt/Content/images/boitmal/produit/zoom/45ADCF877A750EF9A1A76FB0E452FFF6.jpg,,/product/shoko-bons-white/8000500289877
47550,Pai Natal de Chocolate,5604260319732,10305,10049,Embalagem de 60 g,PorSi,,"11,50€/Kg","0,69€",https://cdn.intermarche.pt/pt/Content/images/boitmal/produit/zoom/CCA31143C25C0E53C30DBB03EC6CF01F.jpg,,/product/pai-natal-de-chocolate/5604260319732
5118,Chocolate sombrinhas,5601055403270,10305,10049,Embalagem de 15 g,Regina,,"37,50€/Kg","0,75€",https://cdn.intermarche.pt/pt/Content/images/boitmal/produit/zoom/E968428E99E8997087E6B9ABA5E656A7.jpg,,/product/chocolate-sombrinhas/5601055403270
27398,Kinder delice cacau,8000500267103,10259,10041,Embalagem de 400g,Kinder,,"14,98€/Kg","5,99€",https://cdn.intermarche.pt/pt/Content/images/boitmal/produit/zoom/E8F909D1F90261AE4E9DAA1778E9E888.jpg,,/product/kinder-delice-cacau/8000500267103
30984,Kinder schokobons,4008400284620,10305,10049,Embalagem de 50g,Kinder,,"29,80€/Kg","1,49€",https://cdn.intermarche.pt/pt/Content/images/boitmal/produit/zoom/6416623D3A8B52B2B2DE943E3C3377A2.jpg,,/product/kinder-schokobons/4008400284620
31486,Kinder delice cacau,8000500267035,10259,10041,Embalagem de 40g,Kinder,,"24,75€/Kg","0,99€",https://cdn.intermarche.pt/pt/Content/images/boitmal/produit/zoom/70E9A3CC44233110BA8B69E094BB0449.jpg,,/product/kinder-delice-cacau/8000500267035
33246,Ovos de chocolate,8000500222751,10305,10049,embalagem com 3 unidades,Kinder,,"189,50€/Kg","3,79€",https://cdn.intermarche.pt/pt/Content/images/boitmal/produit/zoom/D4ED318056E1FD88FD94CE4383AA7A15.jpg,,/product/ovos-de-chocolate/8000500222751
47551,"Pai Natal de Chocolate, 125 g",5604260319749,10305,10049,,PorSi,,"9,52€/Kg","1,19€",https://cdn.intermarche.pt/pt/Content/images/boitmal/produit/zoom/B860F5BD93F35679C712BBD71C63ADEA.jpg,,/product/pai-natal-de-chocolate-125-g/5604260319749
25808,Gomas ositos de oro,8426617002510,11748,10049,Embalagem de 100g,Haribo,,"10,40€/Kg","1,04€",https://cdn.intermarche.pt/pt/Content/images/boitmal/produit/zoom/D25D6900B46F8C2565F09DD42E0CDF4D.jpg,2024-09-25T22:59:59.999Z,/product/gomas-ositos-de-oro/8426617002510
25397,Gomas favoritos açúcar,8426617014032,11748,10049,Embalagem de 90g,Haribo,,"11,56€/Kg","1,04€",https://cdn.intermarche.pt/pt/Content/images/boitmal/produit/zoom/CB2D3A429B70394C527322D309B14285.jpg,2024-09-25T22:59:59.999Z,/product/gomas-favoritos-acucar/8426617014032
25811,Gomas favoritos pica,8426617013400,11748,10049,Embalagem de 90g,Haribo,,"11,56€/Kg","1,04€",https://cdn.intermarche.pt/pt/Content/images/boitmal/produit/zoom/F06F3E48CABC66B0D25DCF6D4ADB977F.jpg,2024-09-25T22:59:59.999Z,/product/gomas-favoritos-pica/8426617013400
2722,Chupa original,8410031132519,11748,10049,Embalagem de 120g,Chupa Chups,,"20,75€/Kg","2,49€",https://cdn.intermarche.pt/pt/Content/images/boitmal/produit/zoom/D2F28C30A0D1CE43806B0B75F083CD2C.jpg,2024-09-25T22:59:59.999Z,/product/chupa-original/8410031132519
25812,Gomas starmix,8426617013455,11748,10049,Embalagem de 90g,Haribo,,"11,56€/Kg","1,04€",https://cdn.intermarche.pt/pt/Content/images/boitmal/produit/zoom/6069DF2B2FD88763E78D26B941394462.jpg,2024-09-25T22:59:59.999Z,/product/gomas-starmix/8426617013455
2723,Chupa sortidos s/ açúcar,8410031944839,11748,10049,Embalagem de 70g,Chupa Chups,,"36,29€/Kg","2,54€",https://cdn.intermarche.pt/pt/Content/images/boitmal/produit/zoom/67980CE751DDC4BA0081AF7E6B5D1A54.jpg,2024-09-25T22:59:59.999Z,/product/chupa-sortidos-s-ou-acucar/8410031944839
25114,Gomas funky mix,8426617014087,11748,10049,Embalagem de 100g,Haribo,,"10,40€/Kg","1,04€",https://cdn.intermarche.pt/pt/Content/images/boitmal/produit/zoom/C31DA74D90BF43FEBCEBB855C6649FB7.jpg,2024-09-25T22:59:59.999Z,/product/gomas-funky-mix/8426617014087
25810,Gomas favoritos classic,8426617013356,11748,10049,Embalagem de 90g,Haribo,,"11,56€/Kg","1,04€",https://cdn.intermarche.pt/pt/Content/images/boitmal/produit/zoom/B1F076057141395559C5EDFBE23033A8.jpg,2024-09-25T22:59:59.999Z,/product/gomas-favoritos-classic/8426617013356
25813,Gomas happy cola,8426617002572,11748,10049,Embalagem de 100g,Haribo,,"10,40€/Kg","1,04€",https://cdn.intermarche.pt/pt/Content/images/boitmal/produit/zoom/41D1C9EE37DDB2ED1B7C21BC7EB94946.jpg,2024-09-25T22:59:59.999Z,/product/gomas-happy-cola/8426617002572
25814,Gomas spaghetti pica morango,8426617003432,11748,10049,Embalagem de 80g,Haribo,,"13,87€/Kg","1,04€",https://cdn.intermarche.pt/pt/Content/images/boitmal/produit/zoom/F44C50C774E95F3A4B8E8CF6D4301678.jpg,2024-09-25T22:59:59.999Z,/product/gomas-spaghetti-pica-morango/8426617003432
25815,Gomas tropifrutti,8426617002534,11748,10049,Embalagem de 100g,Haribo,,"10,40€/Kg","1,04€",https://cdn.intermarche.pt/pt/Content/images/boitmal/produit/zoom/16F645822334AA6A4FC24246B91468C9.jpg,2024-09-25T22:59:59.999Z,/product/gomas-tropifrutti/8426617002534
53060,"Chupa Chupa de Leite com Sabores Sortidos, 120g",8410031972146,11748,10049,,Chupa Chups,,"20,33€/Kg","2,44€",https://cdn.intermarche.pt/pt/Content/images/boitmal/produit/zoom/66B4DC71F93F9FB1738DDF8FA0A4E399.jpg,2024-09-25T22:59:59.999Z,/product/chupa-chupa-de-leite-com-sabores-sortidos-120g/8410031972146
43974,Gomas amoras,5604260313648,11748,10049,Embalagem de 300 g,PorSi,,"5,97€/Kg","1,79€",https://cdn.intermarche.pt/pt/Content/images/boitmal/produit/zoom/C1DCA72979EEF0661DC89812E00F5922.jpg,,/product/gomas-amoras/5604260313648
2003,Rebuçados de mentol,5604260094967,11748,10049,Embalagem de 250g,PorSi,,"4,36€/Kg","1,09€",https://cdn.intermarche.pt/pt/Content/images/boitmal/produit/zoom/208DDFA3C1D127DD06B62A2ECC5620AB.jpg,,/product/rebucados-de-mentol/5604260094967
43977,Gomas brilho,5604260313655,11748,10049,Embalagem de 300 g,PorSi,,"5,63€/Kg","1,69€",https://cdn.intermarche.pt/pt/Content/images/boitmal/produit/zoom/8560B014A5D2C7D66530D0CCCD0B2EA3.jpg,,/product/gomas-brilho/5604260313655
43980,Gomas tijolos ácidos,5604260313631,11748,10049,Embalagem de 300 g,PorSi,,"5,97€/Kg","1,79€",https://cdn.intermarche.pt/pt/Content/images/boitmal/produit/zoom/53384890085EE7D4C4841349E3EC7FA2.jpg,,/product/gomas-tijolos-acidos/5604260313631
43979,Gomas tubarões,5604260313587,11748,10049,Embalagem de 300 g,PorSi,,"5,97€/Kg","1,79€",https://cdn.intermarche.pt/pt/Content/images/boitmal/produit/zoom/7FFC624E3AADBAEFA0C0852517893D79.jpg,,/product/gomas-tubaroes/5604260313587
43984,Gomas açúcar,5604260313679,11748,10049,Embalagem de 300 g,PorSi,,"5,63€/Kg","1,69€",https://cdn.intermarche.pt/pt/Content/images/boitmal/produit/zoom/F0CE90C94ED4786E1013CE1F3CED0C90.jpg,,/product/gomas-acucar/5604260313679
43975,Gomas bananas,5604260313600,11748,10049,Embalagem de 300 g,PorSi,,"5,97€/Kg","1,79€",https://cdn.intermarche.pt/pt/Content/images/boitmal/produit/zoom/9D7F2581665D08C7908CE89759530DDC.jpg,,/product/gomas-bananas/5604260313600
43981,Gomas ovinhos,5604260313563,11748,10049,Embalagem de 300 g,PorSi,,"5,97€/Kg","1,79€",https://cdn.intermarche.pt/pt/Content/images/boitmal/produit/zoom/1D1A1E244E30E76779D68C6B2C1368E1.jpg,,/product/gomas-ovinhos/5604260313563
43976,Gomas beijinhos,5604260313594,11748,10049,Embalagem de 300 g,PorSi,,"5,83€/Kg","1,75€",https://cdn.intermarche.pt/pt/Content/images/boitmal/produit/zoom/A76CB38AD71BF052F0DC2360871310B1.jpg,,/product/gomas-beijinhos/5604260313594
43982,Gomas ursinhos,5604260313570,11748,10049,Embalagem de 200 g,PorSi,,"8,75€/Kg","1,75€",https://cdn.intermarche.pt/pt/Content/images/boitmal/produit/zoom/6D9CFC1E604C99BE6474F209361ECAD6.jpg,,/product/gomas-ursinhos/5604260313570
46797,Marshmallows,5604260317325,11748,10049,Embalagem de 300 g,PorSi,,"6,63€/Kg","1,99€",https://cdn.intermarche.pt/pt/Content/images/boitmal/produit/zoom/2AAEBD80739D749E66A1B86B4509AAEE.jpg,,/product/marshmallows/5604260317325
1997,Caramelos de fruta,5604260094905,11748,10049,Embalagem de 250g,PorSi,,"5,56€/Kg","1,39€",https://cdn.intermarche.pt/pt/Content/images/boitmal/produit/zoom/DF0436392271A3BC3BE411F165A9DE9E.jpg,,/product/caramelos-de-fruta/5604260094905
785,Caramelos de nata com recheio,4014400909876,11748,10049,Embalagem de 140g,Werthers,,"21,36€/Kg","2,99€",https://cdn.intermarche.pt/pt/Content/images/boitmal/produit/zoom/EA90894C99C3CB3B8D0700E245E90C7A.jpg,,/product/caramelos-de-nata-com-recheio/4014400909876
44040,Caramelos de fruta,5604260312047,11748,10049,Embalagem de 450g,PorSi,,"5,09€/Kg","2,29€",https://cdn.intermarche.pt/pt/Content/images/boitmal/produit/zoom/BD71822C93486A4AA676D69ADCC0C45F.jpg,,/product/caramelos-de-fruta/5604260312047
18089,"Rebuçados peitorais, 200g",5601398052005,11748,10049,,Dr. Bayard,,"11,45€/Kg","2,29€",https://cdn.intermarche.pt/pt/Content/images/boitmal/produit/zoom/A11523994D21582AD874803F9153DC27.jpg,,/product/rebucados-peitorais-200g/5601398052005
1998,Caramelos de nata,5604260094912,11748,10049,Embalagem de 250g,PorSi,,"5,96€/Kg","1,49€",https://cdn.intermarche.pt/pt/Content/images/boitmal/produit/zoom/3C3FB4A7C0C25BE06DBF6EF14C3D1695.jpg,,/product/caramelos-de-nata/5604260094912
1999,Rebuçados drops recheio de fruta,5604260094929,11748,10049,Embalagem de 250g,PorSi,,"5,96€/Kg","1,49€",https://cdn.intermarche.pt/pt/Content/images/boitmal/produit/zoom/D9CB2E9C11298A95677628445122DD5B.jpg,,/product/rebucados-drops-recheio-de-fruta/5604260094929
29653,"Rebuçados sem açúcar, mel/limão",7622210698001,11748,10049,Embalagem de 128 g,Halls,,"24,92€/Kg","3,19€",https://cdn.intermarche.pt/pt/Content/images/boitmal/produit/zoom/DE91D23051C2BCE372A263A6E387ABF6.jpg,,/product/rebucados-sem-acucar-mel-ou-limao/7622210698001
46473,Rebuçados de frutas sem açúcar,5604260314713,11748,10049,115 g,PorSi,,"11,22€/Kg","1,29€",https://cdn.intermarche.pt/pt/Content/images/boitmal/produit/zoom/A35AD41CC07B47ED7304C6FE8B917A2D.jpg,,/product/rebucados-de-frutas-sem-acucar/5604260314713
8845,Caramelos de fruta,5601283141302,11748,10049,Embalagem de 100g,Penha,,"15,90€/Kg","1,59€",https://cdn.intermarche.pt/pt/Content/images/boitmal/produit/zoom/BC005EC01DFB398E26B3BEB4FC1E1AC9.jpg,,/product/caramelos-de-fruta/5601283141302
12135,"Rebuçados de fruta, diamante",5604260271627,11748,10049,Embalagem de 200 g,PorSi,,"6,25€/Kg","1,25€",https://cdn.intermarche.pt/pt/Content/images/boitmal/produit/zoom/222328C0EBEF00F2627E477EF1E9C4D3.jpg,,/product/rebucados-de-fruta-diamante/5604260271627
1447,Caramelos de fruta,5601283141500,11748,10049,Embalagem de 250 g,Penha,,"11,96€/Kg","2,99€",https://cdn.intermarche.pt/pt/Content/images/boitmal/produit/zoom/3955DCEB3FD3339D9971A94A7BD14E33.jpg,,/product/caramelos-de-fruta/5601283141500
46081,Chupas Party Mix,5604260316861,11748,10049,150 g,PorSi,,"13,27€/Kg","1,99€",https://cdn.intermarche.pt/pt/Content/images/boitmal/produit/zoom/82E0636ED729C72B7801EFFA748718C0.jpg,,/product/chupas-party-mix/5604260316861
786,Caramelos de nata,4014400910063,11748,10049,Embalagem de 140g,Werthers,,"23,21€/Kg","3,25€",https://cdn.intermarche.pt/pt/Content/images/boitmal/produit/zoom/F033619D76A01839663DA59AE36659B5.jpg,,/product/caramelos-de-nata/4014400910063
12449,"Rebuçados de Eucalipto sem Açúcar, Pack 4 x 32 g",8416400906132,11748,10049,,Halls,,"24,92€/Kg","3,19€",https://cdn.intermarche.pt/pt/Content/images/boitmal/produit/zoom/168A751B667830B6AE695005ADEBEA4A.jpg,,/product/rebucados-de-eucalipto-sem-acucar-pack-4-x-32-g/8416400906132
1446,Caramelos de leite,5601283140503,11748,10049,Embalagem de 250g,Penha,,"11,96€/Kg","2,99€",https://cdn.intermarche.pt/pt/Content/images/boitmal/produit/zoom/238CAF8F003D75DEE0CDB75D21AE4F3C.jpg,,/product/caramelos-de-leite/5601283140503
17536,Rebuçados peitorais,5601398051008,11748,10049,Embalagem de 100g,Dr. Bayard,,"12,90€/Kg","1,29€",https://cdn.intermarche.pt/pt/Content/images/boitmal/produit/zoom/7226D480C19D4A079583BED57B4AAD51.jpg,,/product/rebucados-peitorais/5601398051008
2001,Rebuçado recheio morango,5604260094943,11748,10049,Embalagem de 250g,PorSi,,"5,96€/Kg","1,49€",https://cdn.intermarche.pt/pt/Content/images/boitmal/produit/zoom/A19829AD19B18056585B3F4E72336B22.jpg,,/product/rebucado-recheio-morango/5604260094943
18182,Chiclets morango 16.8g,7622210461179,11749,10049,Embalagem de 20g,Chiclets,,"61,88€/Kg","0,99€",https://cdn.intermarche.pt/pt/Content/images/boitmal/produit/zoom/A30E0C789B541A002A27173FBE95BD83.jpg,,/product/chiclets-morango-16.8g/7622210461179
36501,Pastilhas de menta fresca sem açúcar,7622210642707,11749,10049,Embalagem com 82 g,Trident,,"36,02€/Kg","2,99€",https://cdn.intermarche.pt/pt/Content/images/boitmal/produit/zoom/EF79D8DDCEA1125334ECE00F4BABD11B.jpg,,/product/pastilhas-de-menta-fresca-sem-acucar/7622210642707
36500,Pastilhas de menta trident white,7622210686916,11749,10049,Embalagem com 82 g,Trident,,"37,38€/Kg","2,99€",https://cdn.intermarche.pt/pt/Content/images/boitmal/produit/zoom/874EE52BE4D91B6B18FD83B93D1A020C.jpg,,/product/pastilhas-de-menta-trident-white/7622210686916
25869,Pastilha Elástica Bottle Morango,7622210642660,11749,10049,Embalagem de 82 g,Trident,,"36,46€/Kg","2,99€",https://cdn.intermarche.pt/pt/Content/images/boitmal/produit/zoom/903A5F5816817EFF091CDD2B182D5C95.jpg,,/product/pastilha-elastica-bottle-morango/7622210642660
18181,Pastilhas ice spearmint,7622210461162,11749,10049,Embalagem de 17 g,Chiclets,,"58,24€/Kg","0,99€",https://cdn.intermarche.pt/pt/Content/images/boitmal/produit/zoom/B436A9C74A2095A0E0D87017FBC1065B.jpg,,/product/pastilhas-ice-spearmint/7622210461162
28188,Pastilhas Max Splash Morango e Lima,0000052016363,11749,10049,Embalagem de 22 g,Trident,,"49,55€/Kg","1,09€",https://cdn.intermarche.pt/pt/Content/images/boitmal/produit/zoom/D43519BC0003E31EB2445776BEA016B3.jpg,,/product/pastilhas-max-splash-morango-e-lima/0000052016363
25868,Pastilha Elástica Bottle Spearmint,7622210642776,11749,10049,Embalagem de 82 g,Trident,,"36,46€/Kg","2,99€",https://cdn.intermarche.pt/pt/Content/images/boitmal/produit/zoom/B39330BDF53697FDBACBF5BD77636C87.jpg,,/product/pastilha-elastica-bottle-spearmint/7622210642776
28161,"Pastilhas de morango, 25 g",7622210644244,11749,10049,,Trident,,"47,60€/Kg","1,19€",https://cdn.intermarche.pt/pt/Content/images/boitmal/produit/zoom/2D3C19CA95FFCF89533A456FD0775D36.jpg,,/product/pastilhas-de-morango-25-g/7622210644244
51906,"Trident white spearmint sugar free gum r, 56g",7622201814151,11749,10049,,Trident,,"50,89€/Kg","2,85€",https://cdn.intermarche.pt/pt/Content/images/boitmal/produit/zoom/E117A24911068AEDE8631DD735378C5D.jpg,,/product/trident-white-spearmint-sugar-free-gum-r-56g/7622201814151
53084,"Pastilhas Oral B White, 68g",7622201689520,11749,10049,,Trident,,"51,32€/Kg","3,49€",https://cdn.intermarche.pt/pt/Content/images/boitmal/produit/zoom/3555BD24EA483396F1F21E5FA9231386.jpg,,/product/pastilhas-oral-b-white-68g/7622201689520
18183,Pastilhas peppermint,7622210461186,11749,10049,Embalagem de 17 g,Chiclets,,"58,24€/Kg","0,99€",https://cdn.intermarche.pt/pt/Content/images/boitmal/produit/zoom/D17217BC81BFAB801E129EB7BDE6DC52.jpg,,/product/pastilhas-peppermint/7622210461186
26601,Senses Watermelon,0000084199133,11749,10049,1 un.,Trident,,"0,99€/Unidade","0,99€",https://cdn.intermarche.pt/pt/Content/images/boitmal/produit/zoom/A161B24C9BE961AB00C1D364486FB968.jpg,,/product/senses-watermelon/0000084199133
27523,Pastilhas Trident Senses Watermelon,7622210722867,11749,10049,6 x 23 g,Trident,,"40,43€/Kg","2,79€",https://cdn.intermarche.pt/pt/Content/images/boitmal/produit/zoom/ED0C642D9DF76507A537767216D654D9.jpg,,/product/pastilhas-trident-senses-watermelon/7622210722867
27553,Trident senses spearmint,0000084199126,11749,10049,23 g,Trident,,"43,04€/Kg","0,99€",https://cdn.intermarche.pt/pt/Content/images/boitmal/produit/zoom/BBE88A24C8C7B41BBB293A255A92F1BF.jpg,,/product/trident-senses-spearmint/0000084199126
28308,Pastilhas Senses Berry,0000084199119,11749,10049,Embalagem de 23 g,Trident,,"43,04€/Kg","0,99€",https://cdn.intermarche.pt/pt/Content/images/boitmal/produit/zoom/23C8D11C8A0AFA8B62A133E5A92BA8A0.jpg,,/product/pastilhas-senses-berry/0000084199119
20556,Pastilhas fire canela,7622210461155,11749,10049,Embalagem de 16 g,Chiclets,,"61,88€/Kg","0,99€",https://cdn.intermarche.pt/pt/Content/images/boitmal/produit/zoom/2C6BD20A7ED604F527E9EDCE7535E496.jpg,,/product/pastilhas-fire-canela/7622210461155
23098,"Pastilhas elásticas frost watermelon, 60 g",7622210612793,11749,10049,,Trident Max,,"46,50€/Kg","2,79€",https://cdn.intermarche.pt/pt/Content/images/boitmal/produit/zoom/CDFAF8A16C84E1AE9A4E4CABDAA01818.jpg,,/product/pastilhas-elasticas-frost-watermelon-60-g/7622210612793
25870,"Pastilha Elástica Bottle Frutos Vermelhos, 82 g",7622210642752,11749,10049,,Trident,,"36,46€/Kg","2,99€",https://cdn.intermarche.pt/pt/Content/images/boitmal/produit/zoom/367107D274F4C8FDF58C23A2F043B773.jpg,,/product/pastilha-elastica-bottle-frutos-vermelhos-82-g/7622210642752
26602,Senses Tropical,0000084199140,11749,10049,1 un.,Trident,,"0,99€/Unidade","0,99€",https://cdn.intermarche.pt/pt/Content/images/boitmal/produit/zoom/D55A21ABFA5F3B757ABBF255B2A831EF.jpg,,/product/senses-tropical/0000084199140
52020,"Trident oral-b gum white spearmint sugar free r, 17g",7622201690144,11749,10049,,Trident,,"70,00€/Kg","1,19€",https://cdn.intermarche.pt/pt/Content/images/boitmal/produit/zoom/8A1BF8D6983EEF3D53C2EA2C21924743.jpg,,/product/trident-oral-b-gum-white-spearmint-sugar-free-r-17g/7622201690144
53128,"Pastilhas de Melão-Melancia sem Açúcar, 14g",7622201814571,11749,10049,,Trident,,"70,71€/Kg","0,99€",https://cdn.intermarche.pt/pt/Content/images/boitmal/produit/zoom/76863F35B7C3DFF2682B01831CCB0DBF.jpg,,/product/pastilhas-de-melao-melancia-sem-acucar-14g/7622201814571
53129,"Pastilhas de Frutos Silvestres sem Açúcar, 14g",7622201814335,11749,10049,,Trident,,"70,71€/Kg","0,99€",https://cdn.intermarche.pt/pt/Content/images/boitmal/produit/zoom/1CD719092F667D54D369BA362FBBDB5C.jpg,,/product/pastilhas-de-frutos-silvestres-sem-acucar-14g/7622201814335
53131,"Pastilhas de Menta sem Açúcar, 14g",7622201815011,11749,10049,,Trident,,"70,71€/Kg","0,99€",https://cdn.intermarche.pt/pt/Content/images/boitmal/produit/zoom/9C811A10B718DA71A9D4BDDB7FA5EC7B.jpg,,/product/pastilhas-de-menta-sem-acucar-14g/7622201815011
23100,"Pastilhas elásticas splash morango e lima, 66 g",7622210612618,11749,10049,,Trident Max,,"42,27€/Kg","2,79€",https://cdn.intermarche.pt/pt/Content/images/boitmal/produit/zoom/344B2237702E7AD7BAFD6F3B810A9344.jpg,,/product/pastilhas-elasticas-splash-morango-e-lima-66-g/7622210612618
2724,Pastilhas peppermint,8410031945737,11749,10049,Embalagem de 35 g,Smint,,"68,29€/Kg","2,39€",https://cdn.intermarche.pt/pt/Content/images/boitmal/produit/zoom/7AB2317F2CB2E9DB27E4CCB0443A0DCC.jpg,,/product/pastilhas-peppermint/8410031945737
2728,Pastilhas de morango,8410031948745,11749,10049,Embalagem de 35 g,Smint,,"68,29€/Kg","2,39€",https://cdn.intermarche.pt/pt/Content/images/boitmal/produit/zoom/571A4135BBDFCBB17BE791951EFCF8D6.jpg,,/product/pastilhas-de-morango/8410031948745
33116,Halls canela,0000052100499,11749,10049,32 g,Halls,,"30,94€/Kg","0,99€",https://cdn.intermarche.pt/pt/Content/images/boitmal/produit/zoom/CA6635634FF2D7E1138043646D113E07.jpg,,/product/halls-canela/0000052100499
50668,"Trident white gum white spearmint sugar free r, 14g",7622201814434,11749,10049,,Trident,,"70,71€/Kg","0,99€",https://cdn.intermarche.pt/pt/Content/images/boitmal/produit/zoom/D8E5B453C8CAB18DD0DB1883F14228D4.jpg,,/product/trident-white-gum-white-spearmint-sugar-free-r-14g/7622201814434
50669,"Trident fresh gum eucalyptus sugar free r, 14g",7622201777401,11749,10049,,Trident,,"70,71€/Kg","0,99€",https://cdn.intermarche.pt/pt/Content/images/boitmal/produit/zoom/741BDFB98183EF3ED71F55AC638A6B09.jpg,,/product/trident-fresh-gum-eucalyptus-sugar-free-r-14g/7622201777401
51907,"Trident oral-b spearmint gum r, 68g",7622201815677,11749,10049,,Trident,,"52,65€/Kg","3,58€",https://cdn.intermarche.pt/pt/Content/images/boitmal/produit/zoom/FBC4F35C467A35071F0FA34ED5CF58D7.jpg,,/product/trident-oral-b-spearmint-gum-r-68g/7622201815677
52178,"Trident spearmint gum r, 17g",7622201135430,11749,10049,,Trident,,"70,00€/Kg","1,19€",https://cdn.intermarche.pt/pt/Content/images/boitmal/produit/zoom/2DB11D6023042CFEDE2F30BAF7D98D4F.jpg,,/product/trident-spearmint-gum-r-17g/7622201135430
52987,"Pastilhas Sem Açúcar Peppermint, 68g",7622201763695,11749,10049,,Trident,,"48,38€/Kg","3,29€",https://cdn.intermarche.pt/pt/Content/images/boitmal/produit/zoom/276AC386B4F5CA51718F56EB507ABE22.jpg,,/product/pastilhas-sem-acucar-peppermint-68g/7622201763695
52988,"Pastilhas Sem Açúcar Spearmint, 68g",7622201763732,11749,10049,,Trident,,"48,38€/Kg","3,29€",https://cdn.intermarche.pt/pt/Content/images/boitmal/produit/zoom/B4AD2F96288C59369F8FA9FBB4A6720E.jpg,,/product/pastilhas-sem-acucar-spearmint-68g/7622201763732
53083,Pastilhas Elásticas Morango,0000056090581,11749,10049,Unidade de 32g,Gorila,,"20,31€/Kg","0,65€",https://cdn.intermarche.pt/pt/Content/images/boitmal/produit/zoom/C728BF819FA60738560E6C9C53AEB796.jpg,,/product/pastilhas-elasticas-morango/0000056090581
53130,"Pastilhas de Morango sem Açúcar, 14g",7622201814472,11749,10049,,Trident,,"70,71€/Kg","0,99€",https://cdn.intermarche.pt/pt/Content/images/boitmal/produit/zoom/F87997BFA230E56F0E4A61454AFC9AE0.jpg,,/product/pastilhas-de-morango-sem-acucar-14g/7622201814472
53132,"Pastilhas de Hortelã sem Açúcar, 14g",7622201814519,11749,10049,,Trident,,"70,71€/Kg","0,99€",https://cdn.intermarche.pt/pt/Content/images/boitmal/produit/zoom/4DB41B8C747C14AACFA31E3379BED961.jpg,,/product/pastilhas-de-hortela-sem-acucar-14g/7622201814519
53135,"Pastilhas Peppermint sem Açúcar, 68g",7622201815714,11749,10049,,Trident,,"52,65€/Kg","3,58€",https://cdn.intermarche.pt/pt/Content/images/boitmal/produit/zoom/92C98173A9681BD13BC9713967EC124B.jpg,,/product/pastilhas-peppermint-sem-acucar-68g/7622201815714
53136,"Pastilhas de Extreme Mentol sem Açúcar, 56g",7622201778682,11749,10049,,Trident,,"49,82€/Kg","2,79€",https://cdn.intermarche.pt/pt/Content/images/boitmal/produit/zoom/6C31B6829BEF25EBB0C7490AD6F4537D.jpg,,/product/pastilhas-de-extreme-mentol-sem-acucar-56g/7622201778682
53164,"Pastilhas Peppermint sem Açúcar, 17g",7622201135232,11749,10049,,Trident,,"70,00€/Kg","1,19€",https://cdn.intermarche.pt/pt/Content/images/boitmal/produit/zoom/94AEC36079134D9EB3FAB0C694B64BE8.jpg,,/product/pastilhas-peppermint-sem-acucar-17g/7622201135232
53186,"Pastilhas Watermelon sem Açúcar, 20g",7622210607614,11749,10049,,Trident,,"54,50€/Kg","1,09€",https://cdn.intermarche.pt/pt/Content/images/boitmal/produit/zoom/2B58008D16EC14068A5156063F959731.jpg,,/product/pastilhas-watermelon-sem-acucar-20g/7622210607614
37618,Azeitonas verdes sem caroço,5604260300907,11727,10038,Frasco de 165 g,PorSi,,"7,82€/Kg","1,29€",https://cdn.intermarche.pt/pt/Content/images/boitmal/produit/zoom/513B0C33E89C72E0F915A86EF325E9AD.jpg,,/product/azeitonas-verdes-sem-caroco/5604260300907
37619,"Azeitonas pretas sem caroço, frasco de 165 g",5604260300914,11727,10038,Embalagem de 165g,PorSi,,"7,21€/Kg","1,19€",https://cdn.intermarche.pt/pt/Content/images/boitmal/produit/zoom/DFC385C9E0FDB27D21733FE0DED18E44.jpg,,/product/azeitonas-pretas-sem-caroco-frasco-de-165-g/5604260300914
40518,Tremoço médio,5604260298310,11727,10038,Embalagem de 350 g,PorSi,,"3,11€/Kg","1,09€",https://cdn.intermarche.pt/pt/Content/images/boitmal/produit/zoom/0FFE59D18555D97DE36FC2AA5CC1C2D1.jpg,,/product/tremoco-medio/5604260298310
40619,Azeitona verde com pimento,5604260300938,11727,10038,Frasco com 200 g,PorSi,,"6,45€/Kg","1,29€",https://cdn.intermarche.pt/pt/Content/images/boitmal/produit/zoom/0F68D872CA4589B7A32D8A70058710BF.jpg,,/product/azeitona-verde-com-pimento/5604260300938
40590,Azeitonas pretas,5604260301263,11727,10038,210 g,PorSi,,"5,67€/Kg","1,19€",https://cdn.intermarche.pt/pt/Content/images/boitmal/produit/zoom/DF82C62A75ED4F41AC3A00FCE6476F42.jpg,,/product/azeitonas-pretas/5604260301263
40589,Azeitonas verdes,5604260301270,11727,10038,210 g,PorSi,,"5,19€/Kg","1,09€",https://cdn.intermarche.pt/pt/Content/images/boitmal/produit/zoom/2FE9044135339E37505C72ACB7FB8D90.jpg,,/product/azeitonas-verdes/5604260301270
40517,Azeitona preta,5604260297177,11727,10038,Embalagem de 560 g,PorSi,,"5,34€/Kg","2,99€",https://cdn.intermarche.pt/pt/Content/images/boitmal/produit/zoom/3BFBA9136772CCADCC908A0F4E4BFF12.jpg,,/product/azeitona-preta/5604260297177
40622,Azeitonas preta às rodelas,5604260300921,11727,10038,165 g,PorSi,,"7,82€/Kg","1,29€",https://cdn.intermarche.pt/pt/Content/images/boitmal/produit/zoom/BC6540940CBD38AA99E075B6485C8709.jpg,,/product/azeitonas-preta-as-rodelas/5604260300921
40588,Azeitonas verdes gordal,5604260300983,11727,10038,210 g,PorSi,,"6,62€/Kg","1,39€",https://cdn.intermarche.pt/pt/Content/images/boitmal/produit/zoom/8EB45BDFE83D31E92A1A42D3F7217581.jpg,,/product/azeitonas-verdes-gordal/5604260300983
40620,Azeitona verde com recheio de anchova,5604260300945,11727,10038,Frasco com 200 g,PorSi,,"12,45€/Kg","2,49€",https://cdn.intermarche.pt/pt/Content/images/boitmal/produit/zoom/920EFA8624208F96A42D8F59DFD4950B.jpg,,/product/azeitona-verde-com-recheio-de-anchova/5604260300945
40519,Tremoço extra,5604260298327,11727,10038,Embalagem de 235 g,PorSi,,"5,06€/Kg","1,19€",https://cdn.intermarche.pt/pt/Content/images/boitmal/produit/zoom/AC195924B6169F41E7AAC123E65A46C5.jpg,,/product/tremoco-extra/5604260298327
42177,Azeitona galega mista inteira com orégãos,5604260306046,11727,10038,Embalagem de 300 g,PorSi,,"6,30€/Kg","1,89€",https://cdn.intermarche.pt/pt/Content/images/boitmal/produit/zoom/96198071E9285F366997D7BA8FCA35DF.jpg,,/product/azeitona-galega-mista-inteira-com-oregaos/5604260306046
40559,Azeitonas verdes inteiras,5604260297184,11727,10038,Frasco de 560 g,PorSi,,"4,45€/Kg","2,49€",https://cdn.intermarche.pt/pt/Content/images/boitmal/produit/zoom/A3E338D8288506F6BD4F55CB8F971CF9.jpg,,/product/azeitonas-verdes-inteiras/5604260297184
45681,Azeitona verde rodelas,5604260312788,11727,10038,Embalagem de 165g,PorSi,,"8,18€/Kg","1,35€",https://cdn.intermarche.pt/pt/Content/images/boitmal/produit/zoom/E1AB90454079C1AAE5EA3BEB40AADDC5.jpg,,/product/azeitona-verde-rodelas/5604260312788
40621,Azeitonas mistas inteiras ao natural galega,5604260300969,11727,10038,Frasco com 210 g,PorSi,,"8,05€/Kg","1,69€",https://cdn.intermarche.pt/pt/Content/images/boitmal/produit/zoom/9BBF5E89DD1AF57D79223CF2E5106B84.jpg,,/product/azeitonas-mistas-inteiras-ao-natural-galega/5604260300969
42817,Azeitona mista,5604260300952,11727,10038,Embalagem de 210g,PorSi,,"7,57€/Kg","1,59€",https://cdn.intermarche.pt/pt/Content/images/boitmal/produit/zoom/C95607C0EEFB07597A530B802D75B76F.jpg,,/product/azeitona-mista/5604260300952
1498,Azeitona preta em frasco,5601378070319,11727,10038,Embalagem de 210g,Maçarico,,"10,71€/Kg","2,25€",https://cdn.intermarche.pt/pt/Content/images/boitmal/produit/zoom/FAB56B2312E4DF10E3113546F2F87576.jpg,,/product/azeitona-preta-em-frasco/5601378070319
1499,Azeitona verde 200-231,5601378490315,11727,10038,Embalagem de 210g,Maçarico,,"14,24€/Kg","2,99€",https://cdn.intermarche.pt/pt/Content/images/boitmal/produit/zoom/65129350E112F6ADCEA97387A9568A74.jpg,,/product/azeitona-verde-200-231/5601378490315
2312,Cogumelos laminados 1/2,5604260271832,11728,10038,Embalagem de 355 g,PorSi,,"3,35€/Kg","1,19€",https://cdn.intermarche.pt/pt/Content/images/boitmal/produit/zoom/60708037644026A27C2FB6731A0DAB33.jpg,2024-10-04T22:59:59.999Z,/product/cogumelos-laminados-1-ou-2/5604260271832
1285,Ervilhas,5601151160060,11728,10038,Lata com 410 ml,Compal,,"2,66€/L","1,09€",https://cdn.intermarche.pt/pt/Content/images/boitmal/produit/zoom/DF6554E20C53A2A8ED5E7D70B3F45F64.jpg,2024-09-25T22:59:59.999Z,/product/ervilhas/5601151160060
42191,Milho doce,5604260308859,11728,10038,Embalagem de 3 x 140 g,PorSi,,"4,64€/Kg","1,95€",https://cdn.intermarche.pt/pt/Content/images/boitmal/produit/zoom/266EAC28722339A277E45CFD753A8D80.jpg,,/product/milho-doce/5604260308859
43938,Ervilhas extra finas,5604260311248,11728,10038,Embalagem de 400 g,PorSi,,"2,98€/Kg","1,19€",https://cdn.intermarche.pt/pt/Content/images/boitmal/produit/zoom/CDBDF2518547A675E2E3C5D057184B51.jpg,,/product/ervilhas-extra-finas/5604260311248
1286,Cogumelos cortados,5601151248201,11728,10038,Lata de 290 g,Compal,,"5,14€/Kg","1,49€",https://cdn.intermarche.pt/pt/Content/images/boitmal/produit/zoom/CAFD530B09F6E4DEDBBC0C691C4427BE.jpg,,/product/cogumelos-cortados/5601151248201
14137,Ervilhas cozidas,5604260302758,11728,10038,Embalagem 425 g,PorSi,,"3,16€/Kg","0,79€",https://cdn.intermarche.pt/pt/Content/images/boitmal/produit/zoom/470A13ECDECCC3C010CD597597AC4998.jpg,,/product/ervilhas-cozidas/5604260302758
42997,Ervilhas extra finas com cenoura,5604260309641,11728,10038,Embalagem de 400 g,PorSi,,"3,48€/Kg","1,39€",https://cdn.intermarche.pt/pt/Content/images/boitmal/produit/zoom/80BF3E2B840EEE2AE6FFCFF90C189F3F.jpg,,/product/ervilhas-extra-finas-com-cenoura/5604260309641
46128,Milho sem resíduos de pesticidas,3083681137811,11728,10038,Embalagem de 450g,Bonduelle,,"8,87€/Kg","3,99€",https://cdn.intermarche.pt/pt/Content/images/boitmal/produit/zoom/E6D97A8B55ABFCA716FA2F870A17E271.jpg,,/product/milho-sem-residuos-de-pesticidas/3083681137811
52566,Cogumelos Laminados,5604260329502,11728,10038,Pack de 3 x 185 g,PorSi,,"4,05€/Kg","2,25€",https://cdn.intermarche.pt/pt/Content/images/boitmal/produit/zoom/CAE31729F1814975AABE2147FB00CFB2.jpg,,/product/cogumelos-laminados/5604260329502
35441,Cogumelos laminados,5604260291168,11728,10038,780 g,PorSi,,"2,81€/Kg","2,19€",https://cdn.intermarche.pt/pt/Content/images/boitmal/produit/zoom/7A81BC8B3B036AB47A77402AA6265B0C.jpg,,/product/cogumelos-laminados/5604260291168
42994,Ervilhas extra finas,5604260309634,11728,10038,3 x 200 g,PorSi,,"4,15€/Kg","2,49€",https://cdn.intermarche.pt/pt/Content/images/boitmal/produit/zoom/881E128C3EB0A69AC4A9E6B2E05E3A25.jpg,,/product/ervilhas-extra-finas/5604260309634
2314,Cogumelos inteiros,5604260271856,11728,10038,Embalagem de 355 g,PorSi,,"3,63€/Kg","1,29€",https://cdn.intermarche.pt/pt/Content/images/boitmal/produit/zoom/674586758C80AD6AE5C2D320F44396AF.jpg,,/product/cogumelos-inteiros/5604260271856
44982,Ervilhas bio,5604260310883,11280,10119,Frasco com 290 g,PorSi Bio,,"9,94€/Kg","1,79€",https://cdn.intermarche.pt/pt/Content/images/boitmal/produit/zoom/5A7F78D251286393D68837DA62F62FC3.jpg,,/product/ervilhas-bio/5604260310883
30477,Milho doce,3083681070187,11728,10038,Embalagem 3 x 75 g,Bonduelle,,"11,96€/Kg","2,69€",https://cdn.intermarche.pt/pt/Content/images/boitmal/produit/zoom/B88D91E26E2E4EC1AD4A37E6DC73B146.jpg,,/product/milho-doce/3083681070187
42996,Ervilhas com cenoura,5604260309658,11728,10038,Embalagem de 3x200 g,PorSi,,"4,15€/Kg","2,49€",https://cdn.intermarche.pt/pt/Content/images/boitmal/produit/zoom/EC022E4D95123C36488ABAC4580E66A4.jpg,,/product/ervilhas-com-cenoura/5604260309658
40583,Ervilhas cozidas,5604260302741,11728,10038,Embalagem 850 g,PorSi,,"1,64€/Kg","1,39€",https://cdn.intermarche.pt/pt/Content/images/boitmal/produit/zoom/39D5D023D92A423029A4CFF68898F5FA.jpg,,/product/ervilhas-cozidas/5604260302741
10175,Milho tenro e doce,8410375110211,11728,10038,Embalagem de 300 g,Bonduelle,,"8,97€/Kg","2,69€",https://cdn.intermarche.pt/pt/Content/images/boitmal/produit/zoom/FF9A7D9DA8774E0BDF91C9183E7DCF4F.jpg,,/product/milho-tenro-e-doce/8410375110211
33532,Milho doce,8410375110228,11728,10038,Embalagem de 150 g,Bonduelle,,"10,60€/Kg","1,59€",https://cdn.intermarche.pt/pt/Content/images/boitmal/produit/zoom/4E120222FAAAD0D56ACE6DFCD6AA553A.jpg,,/product/milho-doce/8410375110228
28145,Cogumelos laminados,5601319000481,11728,10038,Embalagem de 290g,Ferbar,,"6,17€/Kg","1,79€",https://cdn.intermarche.pt/pt/Content/images/boitmal/produit/zoom/76268A4954C88BC9DCAC88D4AA6A7B9C.jpg,,/product/cogumelos-laminados/5601319000481
42993,Ervilhas extra finas,5604260309627,11728,10038,800 g,PorSi,,"2,86€/Kg","2,29€",https://cdn.intermarche.pt/pt/Content/images/boitmal/produit/zoom/ACA7C6B47E442D3EC4AF77C867D2641B.jpg,,/product/ervilhas-extra-finas/5604260309627
28218,Cogumelos inteiros,5601319000474,11728,10038,Embalagem de 290g,Ferbar,,"6,86€/Kg","1,99€",https://cdn.intermarche.pt/pt/Content/images/boitmal/produit/zoom/42A04401B1E6ECF35E91418EA97F3F8D.jpg,,/product/cogumelos-inteiros/5601319000474
1274,Feijão manteiga,5601151070758,11729,10038,Lata de 410 ml,Compal,,"2,66€/L","1,09€",https://cdn.intermarche.pt/pt/Content/images/boitmal/produit/zoom/F0994D6790474BD2BB5E91E2063CEE44.jpg,2024-09-25T22:59:59.999Z,/product/feijao-manteiga/5601151070758
1301,Feijão encarnado,5601151660751,11729,10038,Lata de 410ml,Compal,,"2,66€/L","1,09€",https://cdn.intermarche.pt/pt/Content/images/boitmal/produit/zoom/DCE7303C6541213F906341A870E69C47.jpg,2024-09-25T22:59:59.999Z,/product/feijao-encarnado/5601151660751
1287,Grão de bico,5601151260753,11729,10038,Lata de 410 ml,Compal,,"2,66€/L","1,09€",https://cdn.intermarche.pt/pt/Content/images/boitmal/produit/zoom/64A11988E77915EAC2B803C89620197A.jpg,2024-09-25T22:59:59.999Z,/product/grao-de-bico/5601151260753
1304,Feijão frade,5601151860755,11729,10038,Lata de 410 ml,Compal,,"2,66€/L","1,09€",https://cdn.intermarche.pt/pt/Content/images/boitmal/produit/zoom/066688CD8BF0590497712193ADD4FE5F.jpg,2024-09-25T22:59:59.999Z,/product/feijao-frade/5601151860755
5243,Feijão preto,5601151170755,11729,10038,Lata de 410 ml,Compal,,"2,66€/L","1,09€",https://cdn.intermarche.pt/pt/Content/images/boitmal/produit/zoom/148292276E212E85BD820FA0193628A4.jpg,2024-09-25T22:59:59.999Z,/product/feijao-preto/5601151170755
1273,Feijão branco,5601151060759,11729,10038,Lata de 410 ml,Compal,,"2,66€/L","1,09€",https://cdn.intermarche.pt/pt/Content/images/boitmal/produit/zoom/3E2AA120F60445DEF4C4302D800E6B17.jpg,2024-09-25T22:59:59.999Z,/product/feijao-branco/5601151060759
37745,Grão de bico,5604260301874,11729,10038,Frasco com 540 g,PorSi,,"1,63€/Kg","0,88€",https://cdn.intermarche.pt/pt/Content/images/boitmal/produit/zoom/77D23BA481231831A9C01ADAAE623EE6.jpg,,/product/grao-de-bico/5604260301874
1816,Feijão frade,5604260301775,11729,10038,Embalagem de 540g,PorSi,,"1,63€/Kg","0,88€",https://cdn.intermarche.pt/pt/Content/images/boitmal/produit/zoom/25CD338A4171E90B52B47088CEA7E1FF.jpg,,/product/feijao-frade/5604260301775
37744,Feijão manteiga,5604260301805,11729,10038,Frasco com 540 g,PorSi,,"1,63€/Kg","0,88€",https://cdn.intermarche.pt/pt/Content/images/boitmal/produit/zoom/CFD3ED93682C45710B18B82937D4ADA9.jpg,,/product/feijao-manteiga/5604260301805
37869,Feijão manteiga,5604260301782,11729,10038,Embalagem de 420g,PorSi,,"1,98€/Kg","0,83€",https://cdn.intermarche.pt/pt/Content/images/boitmal/produit/zoom/BD4D021B59EB4A247C5F2348AF30A52F.jpg,,/product/feijao-manteiga/5604260301782
1847,Feijão branco,5604260301683,11729,10038,Embalagem de 540g,PorSi,,"1,63€/Kg","0,88€",https://cdn.intermarche.pt/pt/Content/images/boitmal/produit/zoom/A198E9529C538F30AA32674122A0DEA0.jpg,,/product/feijao-branco/5604260301683
28316,"Ferbar - feijocas, 560g",5601319038798,11729,10038,Embalagem de 560g,Ferbar,,"4,09€/Kg","2,29€",https://cdn.intermarche.pt/pt/Content/images/boitmal/produit/zoom/5CC1AB999D2131187B8F89C6E1A1D734.jpg,,/product/ferbar-feijocas-560g/5601319038798
37867,Feijão manteiga,5604260301799,11729,10038,Embalagem de 820g,PorSi,,"1,45€/Kg","1,19€",https://cdn.intermarche.pt/pt/Content/images/boitmal/produit/zoom/B8EEE1148DF55FD57F5F0B3F8535A02A.jpg,,/product/feijao-manteiga/5604260301799
37868,Grão de bico,5604260301850,11729,10038,Embalagem de 420g,PorSi,,"2,02€/Kg","0,85€",https://cdn.intermarche.pt/pt/Content/images/boitmal/produit/zoom/FF1BD7B0AD3495A27AD329CA1F31E7A4.jpg,,/product/grao-de-bico/5604260301850
40508,Feijão branco cozido,5604260301669,11729,10038,Embalagem de 820g,PorSi,,"1,45€/Kg","1,19€",https://cdn.intermarche.pt/pt/Content/images/boitmal/produit/zoom/D2BCB0BA35B5ABD1C2D3169D8E59B10D.jpg,,/product/feijao-branco-cozido/5604260301669
40510,Feijão preto cozido,5604260301812,11729,10038,Embalagem de 420 g,PorSi,,"2,00€/Kg","0,84€",https://cdn.intermarche.pt/pt/Content/images/boitmal/produit/zoom/24EBE0CFCE84669129156CF08B9C24CD.jpg,,/product/feijao-preto-cozido/5604260301812
40511,Feijão preto cozido,5604260301836,11729,10038,Embalagem de 820g,PorSi,,"1,45€/Kg","1,19€",https://cdn.intermarche.pt/pt/Content/images/boitmal/produit/zoom/120D893B15D0F0EFF5A39D1C25117F2D.jpg,,/product/feijao-preto-cozido/5604260301836
40553,Feijão encarnado,5604260301713,11729,10038,Embalagem de 820 g,PorSi,,"1,45€/Kg","1,19€",https://cdn.intermarche.pt/pt/Content/images/boitmal/produit/zoom/73987DE6FEAEA7CE329FF2F4FD8CCEA6.jpg,,/product/feijao-encarnado/5604260301713
41640,Feijão encarnado em frasco,5604260301737,11729,10038,frasco de 540 g,PorSi,,"1,63€/Kg","0,88€",https://cdn.intermarche.pt/pt/Content/images/boitmal/produit/zoom/FDDBE10BDECF5970449FBB779C03F35A.jpg,,/product/feijao-encarnado-em-frasco/5604260301737
44979,Feijão mungo rebentos,5604260311255,11729,10038,400 g,PorSi,,"7,72€/Kg","1,39€",https://cdn.intermarche.pt/pt/Content/images/boitmal/produit/zoom/F77348D1A4CC71D7C8E10D17692F470D.jpg,,/product/feijao-mungo-rebentos/5604260311255
40512,Feijão frade cozido,5604260301751,11729,10038,Embalagem de 820g,PorSi,,"1,45€/Kg","1,19€",https://cdn.intermarche.pt/pt/Content/images/boitmal/produit/zoom/0A8664302927E85A992F5812C80ED162.jpg,,/product/feijao-frade-cozido/5604260301751
1302,Grão de bico,5601151700754,11729,10038,Lata de 850g,Compal,,"2,46€/Kg","2,09€",https://cdn.intermarche.pt/pt/Content/images/boitmal/produit/zoom/7BEB4F1F2A34C3C3B01503DD510ABAFA.jpg,,/product/grao-de-bico/5601151700754
1960,Feijão encarnado,5604260301706,11729,10038,Embalagem de 420 g,PorSi,,"2,00€/Kg","0,84€",https://cdn.intermarche.pt/pt/Content/images/boitmal/produit/zoom/D2B0CABC588C06BB132B821046C4ADE8.jpg,,/product/feijao-encarnado/5604260301706
40509,Feijão frade cozido,5604260301744,11729,10038,Embalagem de 420g,PorSi,,"1,98€/Kg","0,83€",https://cdn.intermarche.pt/pt/Content/images/boitmal/produit/zoom/B21EFC6230A3B97A228F98F3EE1213BE.jpg,,/product/feijao-frade-cozido/5604260301744
1269,Feijão preto 4/4,5601151021750,11729,10038,Lata de 850g,Compal,,"2,46€/L","2,09€",https://cdn.intermarche.pt/pt/Content/images/boitmal/produit/zoom/21DABA3EFA33FCE5CAC8AAB060A46375.jpg,,/product/feijao-preto-4-ou-4/5601151021750
43002,Feijão verde muito fino,5604260309719,11729,10038,Embalagem de 400 g,PorSi,,"2,98€/Kg","1,19€",https://cdn.intermarche.pt/pt/Content/images/boitmal/produit/zoom/D96A920BDC9841F707FB58F0E5598A6B.jpg,,/product/feijao-verde-muito-fino/5604260309719
5247,Feijão frade,5601151720752,11729,10038,Lata de 850g,Compal,,"2,46€/Kg","2,09€",https://cdn.intermarche.pt/pt/Content/images/boitmal/produit/zoom/9F9B431A96B6B05E71B79E3CE414A982.jpg,,/product/feijao-frade/5601151720752
40507,Feijão branco cozido,5604260301652,11729,10038,Embalagem de 420g,PorSi,,"1,98€/Kg","0,83€",https://cdn.intermarche.pt/pt/Content/images/boitmal/produit/zoom/4E1406E9884F331EA49A75BA0E41C325.jpg,,/product/feijao-branco-cozido/5604260301652
42995,Feijão branco com tomate,5604260310029,11729,10038,400 g,PorSi,,"3,96€/Kg","0,99€",https://cdn.intermarche.pt/pt/Content/images/boitmal/produit/zoom/56082E8A9CF0003CA7D72971F9897964.jpg,,/product/feijao-branco-com-tomate/5604260310029
42998,Rebentos de feijão mungo,5604260309665,11729,10038,Embalagem de 3 x 200 g,PorSi,,"3,32€/Kg","1,99€",https://cdn.intermarche.pt/pt/Content/images/boitmal/produit/zoom/5F2573BDBBB6184B9C7E03267BC35D71.jpg,,/product/rebentos-de-feijao-mungo/5604260309665
42999,Feijão verde,5604260309672,11729,10038,Embalagem de 800 g,PorSi,,"4,52€/Kg","1,99€",https://cdn.intermarche.pt/pt/Content/images/boitmal/produit/zoom/237E9F5AF773FFBE5B5B43BCDE890F0D.jpg,,/product/feijao-verde/5604260309672
1294,Feijão manteiga,5601151450758,11729,10038,Lata de 850g,Compal,,"2,46€/Kg","2,09€",https://cdn.intermarche.pt/pt/Content/images/boitmal/produit/zoom/6FA62F2ED9DBA77E1AF2A2492B6A9743.jpg,,/product/feijao-manteiga/5601151450758
1288,Feijão branco,5601151300756,11729,10038,Lata de 850g,Compal,,"2,46€/Kg","2,09€",https://cdn.intermarche.pt/pt/Content/images/boitmal/produit/zoom/367FF58B393A37854E3F243B57409D70.jpg,,/product/feijao-branco/5601151300756
45673,Feijão verde extra fino cortado,5604260311309,11729,10038,Embalagem de 660g,PorSi,,"3,02€/Kg","1,99€",https://cdn.intermarche.pt/pt/Content/images/boitmal/produit/zoom/953524DCC3CDE2CECD0C44FB8B7CBF71.jpg,,/product/feijao-verde-extra-fino-cortado/5604260311309
5244,Feijão encarnado,5601151510759,11729,10038,Lata de 850g,Compal,,"2,46€/Kg","2,09€",https://cdn.intermarche.pt/pt/Content/images/boitmal/produit/zoom/606A85BE0216806A1AC1DB5B88F76288.jpg,,/product/feijao-encarnado/5601151510759
43000,Feijão flageolet verde extra fino,5604260309696,11729,10038,Embalagem de 800 g,PorSi,,"2,74€/Kg","2,19€",https://cdn.intermarche.pt/pt/Content/images/boitmal/produit/zoom/2EC2BF35F150DD00A01E46EEA22E1542.jpg,,/product/feijao-flageolet-verde-extra-fino/5604260309696
38434,Feijão mexicano com molho de chili cantina mexicana,0011359650846,11729,10038,Embalagem de 410g,Cantina Mexicana,,"14,61€/Kg","5,99€",https://cdn.intermarche.pt/pt/Content/images/boitmal/produit/zoom/8C96945DA16B4DB95B352F62539CDACD.jpg,,/product/feijao-mexicano-com-molho-de-chili-cantina-mexicana/0011359650846
43001,Feijão flageolet verde extra fino,5604260309702,11729,10038,Embalagem de 400 g,PorSi,,"3,73€/Kg","1,49€",https://cdn.intermarche.pt/pt/Content/images/boitmal/produit/zoom/A6C2773BB6D8956F167F7D6232946109.jpg,,/product/feijao-flageolet-verde-extra-fino/5604260309702
40464,Atum posta em óleo vegetal,5604260300815,11730,10038,Embalagem de 120g,PorSi,,"7,75€/Kg","0,93€",https://cdn.intermarche.pt/pt/Content/images/boitmal/produit/zoom/173B9FE9B4C2B9F9F15A0D5B1DBEDB60.jpg,2024-10-04T22:59:59.999Z,/product/atum-posta-em-oleo-vegetal/5604260300815
20101,Atum em azeite,5601010131231,11730,10038,Embalagem de 120g,Ramirez,,"12,83€/Kg","1,54€",https://cdn.intermarche.pt/pt/Content/images/boitmal/produit/zoom/2C3AFEA545E0483E06B1434C41105979.jpg,2024-09-25T22:59:59.999Z,/product/atum-em-azeite/5601010131231
951,Atum posta em óleo,5601010131217,11730,10038,Embalagem de 120g,Ramirez,,"9,67€/Kg","1,16€",https://cdn.intermarche.pt/pt/Content/images/boitmal/produit/zoom/5BE3B05F210FF0425C989109F8B84C66.jpg,2024-09-25T22:59:59.999Z,/product/atum-posta-em-oleo/5601010131217
11471,Atum posta ao natural,5601029004076,11730,10038,Embalagem de 120 g,Bom Petisco,,"10,75€/Kg","1,29€",https://cdn.intermarche.pt/pt/Content/images/boitmal/produit/zoom/3740C19A3967CA1D1D99F6625E0A4BA4.jpg,2024-09-25T22:59:59.999Z,/product/atum-posta-ao-natural/5601029004076
20100,Atum ao natural,5601010131279,11730,10038,Embalagem de 120g,Ramirez,,"9,92€/Kg","1,19€",https://cdn.intermarche.pt/pt/Content/images/boitmal/produit/zoom/539B136F387B16A0754FB9CB2659CDDC.jpg,2024-09-25T22:59:59.999Z,/product/atum-ao-natural/5601010131279
8280,Sardinhas em óleo,5601010111219,11730,10038,Embalagem de 130g,Ramirez,,"8,00€/Kg","1,04€",https://cdn.intermarche.pt/pt/Content/images/boitmal/produit/zoom/708A96E75FA2DD9866B55D784B3683E8.jpg,2024-09-25T22:59:59.999Z,/product/sardinhas-em-oleo/5601010111219
33291,Atum posta natural,5601029000047,11730,10038,385 g,Bom Petisco,,"11,66€/Kg","4,49€",https://cdn.intermarche.pt/pt/Content/images/boitmal/produit/zoom/1311B3C7247424246055C22705B31421.jpg,2024-09-25T22:59:59.999Z,/product/atum-posta-natural/5601029000047
8282,"Sardinhas em tomate, 130g",5601010111240,11730,10038,,Ramirez,,"8,00€/Kg","1,04€",https://cdn.intermarche.pt/pt/Content/images/boitmal/produit/zoom/E87EA420F2FF9FBD18B61ADFB58F50EC.jpg,2024-09-25T22:59:59.999Z,/product/sardinhas-em-tomate-130g/5601010111240
8283,Sardinhas em tomate picante,5601010111257,11730,10038,Embalagem de 130g,Ramirez,,"8,00€/Kg","1,04€",https://cdn.intermarche.pt/pt/Content/images/boitmal/produit/zoom/5D1BF2D384D4FEB6025C232C5FB460F5.jpg,2024-09-25T22:59:59.999Z,/product/sardinhas-em-tomate-picante/5601010111257
8281,"Sardinhas em óleo picante, 130g",5601010111226,11730,10038,,Ramirez,,"8,00€/Kg","1,04€",https://cdn.intermarche.pt/pt/Content/images/boitmal/produit/zoom/C05CB763F26D002B2FDF305DD0F8BD0E.jpg,2024-09-25T22:59:59.999Z,/product/sardinhas-em-oleo-picante-130g/5601010111226
37422,Posta de atum ao natural,5604260300808,11730,10038,Embalagem de 120g,PorSi,,"7,42€/Kg","0,89€",https://cdn.intermarche.pt/pt/Content/images/boitmal/produit/zoom/D989142AC11885DE24C151383DD5FBC7.jpg,,/product/posta-de-atum-ao-natural/5604260300808
37495,Atum posta em azeite,5604260300792,11730,10038,Embalagem de 120g,PorSi,,"9,33€/Kg","1,12€",https://cdn.intermarche.pt/pt/Content/images/boitmal/produit/zoom/AE7B2E924DA903204DE1245FAEECF40A.jpg,,/product/atum-posta-em-azeite/5604260300792
16962,Atum posta em azeite,5601029004113,11730,10038,Embalagem de 390g,Bom Petisco,,"17,92€/Kg","6,99€",https://cdn.intermarche.pt/pt/Content/images/boitmal/produit/zoom/1B91710086B8F360AE5F50CD51D75118.jpg,,/product/atum-posta-em-azeite/5601029004113
37571,Atum posta em azeite,5604260300648,11730,10038,Embalagem de 385 g,PorSi,,"8,55€/Kg","3,29€",https://cdn.intermarche.pt/pt/Content/images/boitmal/produit/zoom/410C9CA49D8A6287A1AAE7FB59EBAAC1.jpg,,/product/atum-posta-em-azeite/5604260300648
991,Atum posta em azeite,5601029004090,11730,10038,Embalagem de 120 g,Bom Petisco,,"14,08€/Kg","1,69€",https://cdn.intermarche.pt/pt/Content/images/boitmal/produit/zoom/40ABAA5E8C339E4103EB73DD68903264.jpg,,/product/atum-posta-em-azeite/5601029004090
17189,"Atum em posta, em azeite",5603344531107,11730,10038,Embalagem de 110g,General,,"16,27€/Kg","1,79€",https://cdn.intermarche.pt/pt/Content/images/boitmal/produit/zoom/23F9119BF17F96B8DBD56B1983340EF6.jpg,,/product/atum-em-posta-em-azeite/5603344531107
1859,Pate atum,5604260042227,11730,10038,Embalagem de 4 x 22 g,PorSi,,"13,52€/Kg","1,19€",https://cdn.intermarche.pt/pt/Content/images/boitmal/produit/zoom/91E7F139D440C43AEE217AEBA8B5B56F.jpg,,/product/pate-atum/5604260042227
2211,Sardinha em tomate,5604260265794,11730,10038,Embalagem de 120g,PorSi,,"8,25€/Kg","0,99€",https://cdn.intermarche.pt/pt/Content/images/boitmal/produit/zoom/611D0838774FA5B149A8F7C03CC65FA2.jpg,,/product/sardinha-em-tomate/5604260265794
2212,Sardinha em óleo picante,5604260265800,11730,10038,Embalagem de 120g,PorSi,,"8,25€/Kg","0,99€",https://cdn.intermarche.pt/pt/Content/images/boitmal/produit/zoom/E7D279ACFA1AB717F742CDC9A0DADB67.jpg,,/product/sardinha-em-oleo-picante/5604260265800
34311,Sardinhas em azeite,5604260281626,11730,10038,Embalagem de 120g,PorSi,,"9,08€/Kg","1,09€",https://cdn.intermarche.pt/pt/Content/images/boitmal/produit/zoom/BAF0143A28186F67EAF840B3D0146B03.jpg,,/product/sardinhas-em-azeite/5604260281626
3493,Filete de anchovas em azeite,0000056003703,11730,10038,Embalagem de 80 g,Pitéu,,"37,38€/Kg","2,99€",https://cdn.intermarche.pt/pt/Content/images/boitmal/produit/zoom/BE573B29E6CEB71A0582FD9364F1002E.jpg,,/product/filete-de-anchovas-em-azeite/0000056003703
36704,Atum posta ao natural,5604260300655,11730,10038,Lata de 385 g,PorSi,,"6,99€/Kg","2,69€",https://cdn.intermarche.pt/pt/Content/images/boitmal/produit/zoom/98B8D8AF95627C26A14A019E67211289.jpg,,/product/atum-posta-ao-natural/5604260300655
40485,Atum posta em óleo vegetal,5604260300822,11730,10038,Embalagem de 385g,PorSi,,"6,88€/Kg","2,65€",https://cdn.intermarche.pt/pt/Content/images/boitmal/produit/zoom/492DF86734CE6F972A8B42C08B7B9298.jpg,,/product/atum-posta-em-oleo-vegetal/5604260300822
42080,Atum posta ao natural 3x80g,5604260300839,11730,10038,Embalagem de 240g,PorSi,,"9,54€/Kg","2,29€",https://cdn.intermarche.pt/pt/Content/images/boitmal/produit/zoom/0309C810A4A9FA47B0FB86154080387E.jpg,,/product/atum-posta-ao-natural-3x80g/5604260300839
989,Atum posta em óleo,5601029004014,11730,10038,Embalagem de 120 g,Bom Petisco,,"9,92€/Kg","1,19€",https://cdn.intermarche.pt/pt/Content/images/boitmal/produit/zoom/824E43DBA120CAA5D21A19E116ABF32B.jpg,,/product/atum-posta-em-oleo/5601029004014
17827,Atum posta em óleo,5603344531022,11730,10038,Embalagem de 110g,General,,"14,45€/Kg","1,59€",https://cdn.intermarche.pt/pt/Content/images/boitmal/produit/zoom/0B70BBA12E696DF4BBA1975714F843B4.jpg,,/product/atum-posta-em-oleo/5603344531022
16857,Atum natural,5603344531114,11730,10038,Embalagem de 110g,General,,"14,09€/Kg","1,55€",https://cdn.intermarche.pt/pt/Content/images/boitmal/produit/zoom/134BCB035260DA080E0EB7CE51D7253D.jpg,,/product/atum-natural/5603344531114
35103,Sardinhas em azeite,5601029000115,11730,10038,Lata com 120 g,Bom Petisco,,"14,92€/Kg","1,79€",https://cdn.intermarche.pt/pt/Content/images/boitmal/produit/zoom/C04E3695F77420B1311611DC74837D3E.jpg,,/product/sardinhas-em-azeite/5601029000115
2210,Sardinha em tomate picante,5604260265787,11730,10038,Embalagem de 120g,PorSi,,"8,25€/Kg","0,99€",https://cdn.intermarche.pt/pt/Content/images/boitmal/produit/zoom/4268E75DD2B4F2B5429BDAD244A99420.jpg,,/product/sardinha-em-tomate-picante/5604260265787
44996,Salmão posta ao natural,5604260315505,11730,10038,Lata de 120 g,PorSi Select,,"29,29€/Kg","2,49€",https://cdn.intermarche.pt/pt/Content/images/boitmal/produit/zoom/A5BA7BF1D035BA442C9A7827FC534207.jpg,,/product/salmao-posta-ao-natural/5604260315505
2180,Sardinhas pequenas em óleo,5604260263882,11730,10038,Embalagem de 90g,PorSi,,"10,78€/Kg","0,97€",https://cdn.intermarche.pt/pt/Content/images/boitmal/produit/zoom/AF1BA77A47295B301CC77FFB7485DD83.jpg,,/product/sardinhas-pequenas-em-oleo/5604260263882
2219,"Filetes de cavala, em óleo",5604260266197,11730,10038,Embalagem de 120 g,PorSi,,"12,42€/Kg","1,49€",https://cdn.intermarche.pt/pt/Content/images/boitmal/produit/zoom/ACF2A82DF7538F58F1EF4289D46DB609.jpg,,/product/filetes-de-cavala-em-oleo/5604260266197
45005,Ventrescas de atum dos Açores em azeite,5604260314683,11730,10038,Lata de 120 g,PorSi Select,,"31,18€/Kg","2,65€",https://cdn.intermarche.pt/pt/Content/images/boitmal/produit/zoom/5BB43B7ED7844C36C7F4E6B3F4F5D2F7.jpg,,/product/ventrescas-de-atum-dos-acores-em-azeite/5604260314683
986,Lulas recheadas,5601029001273,11730,10038,Embalagem de 120g,Pitéu,,"24,08€/Kg","2,89€",https://cdn.intermarche.pt/pt/Content/images/boitmal/produit/zoom/ABAC76CDC184DED7BCD596F8B9057231.jpg,,/product/lulas-recheadas/5601029001273
987,Iguarias Pota com Alho,5601029001303,11730,10038,Embalagem de 120 g,Pitéu,,"20,75€/Kg","2,49€",https://cdn.intermarche.pt/pt/Content/images/boitmal/produit/zoom/B0BCCBC950687D019B48D7A56B818080.jpg,,/product/iguarias-pota-com-alho/5601029001303
16097,Atum filete azeite biológico,5601029003406,11730,10038,Embalagem de 120g,Tenorio,,"27,42€/Kg","3,29€",https://cdn.intermarche.pt/pt/Content/images/boitmal/produit/zoom/E8E6CEF089D51BC3A4DBE956FA334C6B.jpg,,/product/atum-filete-azeite-biologico/5601029003406
1693,Filete de anchovas estendidas,5603344681017,11730,10038,Embalagem de 40g,General,,"54,75€/Kg","2,19€",https://cdn.intermarche.pt/pt/Content/images/boitmal/produit/zoom/96A841288ED8A7D04158591EC80D9676.jpg,,/product/filete-de-anchovas-estendidas/5603344681017
35102,Sardinhas em tomate,5601029000092,11730,10038,Lata com 120 g,Bom Petisco,,"12,42€/Kg","1,49€",https://cdn.intermarche.pt/pt/Content/images/boitmal/produit/zoom/53D8444606EB880CC5002D4253F38C9E.jpg,,/product/sardinhas-em-tomate/5601029000092
37496,Atum em óleo,5604260300846,11730,10038,Embalagem de 3 x 52 g,PorSi,,"16,60€/Kg","2,59€",https://cdn.intermarche.pt/pt/Content/images/boitmal/produit/zoom/2FC0362F55655A79D49F0409A258E751.jpg,,/product/atum-em-oleo/5604260300846
45373,Filetes de cavala em azeite virgem extra,5601159000443,11730,10038,Embalagem de 120g,Bom Petisco,,"33,25€/Kg","3,99€",https://cdn.intermarche.pt/pt/Content/images/boitmal/produit/zoom/8430270472A57661D7C19AFE54EA5A0A.jpg,,/product/filetes-de-cavala-em-azeite-virgem-extra/5601159000443
41129,8 salsichas aves,5604260303762,11731,10038,Embalagem de 200 g,PorSi,,"5,45€/Kg","1,09€",https://cdn.intermarche.pt/pt/Content/images/boitmal/produit/zoom/B0DF7D5316DF865B4DCE8F58163C3E81.jpg,2024-10-04T22:59:59.999Z,/product/8-salsichas-aves/5604260303762
1187,6 Salsichas de porco,5601119007963,11731,10038,Lata de 120g,Nobre,,"9,08€/Kg","1,09€",https://cdn.intermarche.pt/pt/Content/images/boitmal/produit/zoom/120DC1535B1AFA150D13CE3A5CE70137.jpg,2024-09-25T22:59:59.999Z,/product/6-salsichas-de-porco/5601119007963
28610,8 salsichas bockwurst,5604260272099,11731,10038,1 Frasco 720G,PorSi,,"8,32€/Kg","5,99€",https://cdn.intermarche.pt/pt/Content/images/boitmal/produit/zoom/0A0406022087C08A984483E22FDBE86D.jpg,,/product/8-salsichas-bockwurst/5604260272099
14597,Salsicha bockwurst 5 unidades,5604260272082,11731,10038,Embalagem de 250g,PorSi,,"9,96€/Kg","2,49€",https://cdn.intermarche.pt/pt/Content/images/boitmal/produit/zoom/87DB7F74E1DB2599A125DB73D61A0907.jpg,,/product/salsicha-bockwurst-5-unidades/5604260272082
14196,Salsichas frasco hot dog,5604260272105,11731,10038,Embalagem 540G,PorSi,,"6,46€/Kg","3,49€",https://cdn.intermarche.pt/pt/Content/images/boitmal/produit/zoom/AA2B7F820A66FC2AB3C40C2B0AD4C82C.jpg,,/product/salsichas-frasco-hot-dog/5604260272105
1188,Salsichas de porco,5601119007970,11731,10038,Lata de 200g,Nobre,,"9,95€/Kg","1,99€",https://cdn.intermarche.pt/pt/Content/images/boitmal/produit/zoom/01CF2549C0E08C23060DD310D0C9B5DD.jpg,,/product/salsichas-de-porco/5601119007970
1189,Salsichas de porco,5601119007987,11731,10038,Lata de 250g,Nobre,,"7,96€/Kg","1,99€",https://cdn.intermarche.pt/pt/Content/images/boitmal/produit/zoom/098AB25EB23B66D623E253A97FD15BDF.jpg,,/product/salsichas-de-porco/5601119007987
37900,Salsicha hot dog,5601119305007,11731,10038,Frasco de 250 g,Nobre,,"14,24€/Kg","2,99€",https://cdn.intermarche.pt/pt/Content/images/boitmal/produit/zoom/DBE67CEBD33E352115BE3A5E4EBF94C8.jpg,,/product/salsicha-hot-dog/5601119305007
1195,Salsichas extra suculentas,5601119230224,11731,10038,Frasco de 650 g,Nobre,,"4,29€/Kg","2,79€",https://cdn.intermarche.pt/pt/Content/images/boitmal/produit/zoom/8D9323C0AA785F7D26E063775F0C6C13.jpg,,/product/salsichas-extra-suculentas/5601119230224
24377,5 Salsichas tofu,5601119268012,11731,10038,Embalagem de 200g,Nobre,,"15,95€/Kg","3,19€",https://cdn.intermarche.pt/pt/Content/images/boitmal/produit/zoom/D936B1BE443D6438C4709B6F92C9964B.jpg,,/product/5-salsichas-tofu/5601119268012
1196,Salsichas de aves,5601119942608,11731,10038,Lata de 200 g,Nobre,,"9,95€/Kg","1,99€",https://cdn.intermarche.pt/pt/Content/images/boitmal/produit/zoom/E7AAE34DF3D6C2B149A624A478B3E3DF.jpg,,/product/salsichas-de-aves/5601119942608
24378,5 Salsichas soja,5601119268029,11731,10038,Embalagem de 200g,Nobre,,"14,95€/Kg","2,99€",https://cdn.intermarche.pt/pt/Content/images/boitmal/produit/zoom/97BBC19A41A402E687839695634025E2.jpg,,/product/5-salsichas-soja/5601119268029
51193,"5 Salsichas Aves, 250g",5604260326600,11731,10038,,PorSi,,"7,96€/Kg","1,99€",https://cdn.intermarche.pt/pt/Content/images/boitmal/produit/zoom/9FCA84BC30253C01904F73101221972C.jpg,,/product/5-salsichas-aves-250g/5604260326600
1506,8 salsichas frankfurt,5601383014513,11731,10038,Embalagem de 200g,Izidoro,,"7,95€/Kg","1,59€",https://cdn.intermarche.pt/pt/Content/images/boitmal/produit/zoom/4F422CE7940A68A49F23AC8BC8304DBE.jpg,,/product/8-salsichas-frankfurt/5601383014513
41137,Salsichas cocktail,5604260306282,11731,10038,Lata com 180 g,PorSi,,"9,94€/Kg","1,79€",https://cdn.intermarche.pt/pt/Content/images/boitmal/produit/zoom/07EAF56493CA349E3B6820AD08B447EE.jpg,,/product/salsichas-cocktail/5604260306282
14386,"Salsichas hot dog, frasco",5601383025342,11731,10038,Embalagem de 240g,Izidoro,,"16,13€/Kg","3,79€",https://cdn.intermarche.pt/pt/Content/images/boitmal/produit/zoom/94DAD04980BE384F62A189F01B200F20.jpg,,/product/salsichas-hot-dog-frasco/5601383025342
33805,Choucroute,3250390001461,11731,10038,Embalagem de 800g,Claude Léger,,"4,61€/Kg","3,69€",https://cdn.intermarche.pt/pt/Content/images/boitmal/produit/zoom/7B5B794FF9BC55D7B435C80D2095BC31.jpg,,/product/choucroute/3250390001461
51280,Salsichas Frankfurt 12 Unidades,5602348102733,11731,10038,Embalagem de 240g,Izidoro,,"9,54€/Kg","2,29€",https://cdn.intermarche.pt/pt/Content/images/boitmal/produit/zoom/533F3E58CC0E32367343E6B6E9DDD82D.jpg,,/product/salsichas-frankfurt-12-unidades/5602348102733
1211,"Salsichas wiennerwurt em frasco, 6 un",5601119945876,11731,10038,Embalagem de 250g,Nobre,,"11,96€/Kg","2,99€",https://cdn.intermarche.pt/pt/Content/images/boitmal/produit/zoom/6D47BEF0FECAD24149F14A228B4BDCD0.jpg,,/product/salsichas-wiennerwurt-em-frasco-6-un/5601119945876
1505,Salsichas Frankfurt em lata,5601383014506,11731,10038,Embalagem de 120g,Izidoro,,"10,75€/Kg","1,29€",https://cdn.intermarche.pt/pt/Content/images/boitmal/produit/zoom/8577674F64B16918632AA37BE8A01B7E.jpg,,/product/salsichas-frankfurt-em-lata/5601383014506
15980,Salsichas extra suculentas de peru,5601119244368,11731,10038,Frasco de 210g,Nobre,,"14,24€/Kg","2,99€",https://cdn.intermarche.pt/pt/Content/images/boitmal/produit/zoom/777EA415D5DED2EBA379260001C63756.jpg,,/product/salsichas-extra-suculentas-de-peru/5601119244368
20438,Salsichas cuida-t + de peru,5601119250833,11731,10038,Lata de 160g,Nobre,,"14,94€/Kg","2,39€",https://cdn.intermarche.pt/pt/Content/images/boitmal/produit/zoom/549158EAF234787E74F253420580E8F8.jpg,,/product/salsichas-cuida-t-+-de-peru/5601119250833
32545,Salsichas de Aves Cocktail,5601119261402,11731,10038,Lata de 180g,Nobre,,"13,28€/Kg","2,39€",https://cdn.intermarche.pt/pt/Content/images/boitmal/produit/zoom/8597FD6A0CD322B67DACE8001F286A2A.jpg,,/product/salsichas-de-aves-cocktail/5601119261402
50440,"Salsichas vegan izidoro 5un frasco, 220g",5602348100968,11731,10038,,Izidoro,,"22,68€/Kg","4,99€",https://cdn.intermarche.pt/pt/Content/images/boitmal/produit/zoom/6184DDD6C2581D6F1B3575CAD81059AA.jpg,,/product/salsichas-vegan-izidoro-5un-frasco-220g/5602348100968
51366,Salsichas peru forno a lenha 5un frasco,5602348109572,11731,10038,Embalagem de 220g,Izidoro,,"18,14€/Kg","3,99€",https://cdn.intermarche.pt/pt/Content/images/boitmal/produit/zoom/A7E170AB44509BAAC0A3FB963DFD0EED.jpg,,/product/salsichas-peru-forno-a-lenha-5un-frasco/5602348109572
1504,"Salsichas bockwurst em frasco, 8 unidades",5601383014445,11731,10038,Embalagem de 400g,Izidoro,,"11,23€/Kg","4,49€",https://cdn.intermarche.pt/pt/Content/images/boitmal/produit/zoom/94D45C8DD779266214B9AD05E3765642.jpg,,/product/salsichas-bockwurst-em-frasco-8-unidades/5601383014445
1507,Salsichas Frankfurt em lata,5601383014537,11731,10038,Embalagem de 250g,Izidoro,,"7,96€/Kg","1,99€",https://cdn.intermarche.pt/pt/Content/images/boitmal/produit/zoom/2F007D77C245888A3F3F0F69D08EF71D.jpg,,/product/salsichas-frankfurt-em-lata/5601383014537
15981,Salsichas extra suculentas de frango,5601119244375,11731,10038,Frasco de 210g,Nobre,,"14,24€/Kg","2,99€",https://cdn.intermarche.pt/pt/Content/images/boitmal/produit/zoom/9377F1AC54A3AFE8E58484C3F13B4B3B.jpg,,/product/salsichas-extra-suculentas-de-frango/5601119244375
19893,Salsichas cuida-t + de frango,5601119250840,11731,10038,lata de 160g,Nobre,,"14,94€/Kg","2,39€",https://cdn.intermarche.pt/pt/Content/images/boitmal/produit/zoom/1FBD7604517B0288707BA3B9CFEB3D6B.jpg,,/product/salsichas-cuida-t-+-de-frango/5601119250840
20989,"Salsicha hot dog aves, frasco 4 unidades",5602348082394,11731,10038,Embalagem de 430g,Izidoro,,"6,95€/Kg","2,99€",https://cdn.intermarche.pt/pt/Content/images/boitmal/produit/zoom/0F74127155BDAF07F2CAD4E88CC05D91.jpg,,/product/salsicha-hot-dog-aves-frasco-4-unidades/5602348082394
15979,Salsichas de Aves Extra Suculentas,5601119242364,11731,10038,frasco de 650g,Nobre,,"4,29€/Kg","2,79€",https://cdn.intermarche.pt/pt/Content/images/boitmal/produit/zoom/96E028FA4B876A7EDCC2B01C6774E1B0.jpg,,/product/salsichas-de-aves-extra-suculentas/5601119242364
1191,Mini salsichas cocktail,5601119009660,11731,10038,lata de 180g,Nobre,,"13,28€/Kg","2,39€",https://cdn.intermarche.pt/pt/Content/images/boitmal/produit/zoom/823F6F019E644C8CAAB58DB89986EEFD.jpg,,/product/mini-salsichas-cocktail/5601119009660
51367,Salsichas forno a lenha porco 5 un.frasco,5602348109589,11731,10038,Embalagem de 220g,Izidoro,,"18,14€/Kg","3,99€",https://cdn.intermarche.pt/pt/Content/images/boitmal/produit/zoom/2DD0F9EDE2BEBF7650479C7F1806442C.jpg,,/product/salsichas-forno-a-lenha-porco-5-un.frasco/5602348109589
11806,Pasta de atum,5601943000024,11732,10038,Embalagem de 90g,Fides,,"22,11€/Kg","1,99€",https://cdn.intermarche.pt/pt/Content/images/boitmal/produit/zoom/90C9422A2AEF4596E7A64EBBC2EC2851.jpg,,/product/pasta-de-atum/5601943000024
2179,Patê de sardinha,5604260263875,11732,10038,Embalagem de 65 g,PorSi,,"10,62€/Kg","0,69€",https://cdn.intermarche.pt/pt/Content/images/boitmal/produit/zoom/35D9D47636AA9FF480D4C479716D54BD.jpg,,/product/pate-de-sardinha/5604260263875
1860,Paté de sardinha,5604260042234,11732,10038,Embalagem de 4 x 22 g,PorSi,,"13,52€/Kg","1,19€",https://cdn.intermarche.pt/pt/Content/images/boitmal/produit/zoom/5507389C7C96BC48A6BEF39BA4D86D7D.jpg,,/product/pate-de-sardinha/5604260042234
48233,Paté de pato,5604260314133,11732,10038,Frasco com 125 g,PorSi,,"14,32€/Kg","1,79€",https://cdn.intermarche.pt/pt/Content/images/boitmal/produit/zoom/3C526BC8A58260AAAB6E48DA444656D7.jpg,,/product/pate-de-pato/5604260314133
2178,Paté de atum,5604260263868,11732,10038,Embalagem de 65 g,PorSi,,"10,62€/Kg","0,69€",https://cdn.intermarche.pt/pt/Content/images/boitmal/produit/zoom/C7C3B9D78B82AB676B7E61B6F39F7144.jpg,,/product/pate-de-atum/5604260263868
14364,Patê frango,8412500910642,11732,10038,Embalagem de 80g,La Piara,,"25,20€/Kg","1,89€",https://cdn.intermarche.pt/pt/Content/images/boitmal/produit/zoom/C1C40D21D84C2E9AFD2792321036798C.jpg,,/product/pate-frango/8412500910642
1861,"Patê de sardinha,atum e salmão",5604260042241,11732,10038,Embalagem de 4 x 22 g,PorSi,,"16,11€/Kg","1,45€",https://cdn.intermarche.pt/pt/Content/images/boitmal/produit/zoom/A12C9B2CB81E0796F506D6CECA3CEDB1.jpg,,/product/pate-de-sardinhaatum-e-salmao/5604260042241
48231,Paté de frango,5604260314119,11732,10038,Frasco com 125 g,PorSi,,"10,32€/Kg","1,29€",https://cdn.intermarche.pt/pt/Content/images/boitmal/produit/zoom/3CEF38BE6BDDA52A98C38495BABB71E1.jpg,,/product/pate-de-frango/5604260314119
48232,Paté fígado de porco,5604260314126,11732,10038,Frasco com 125 g,PorSi,,"10,32€/Kg","1,29€",https://cdn.intermarche.pt/pt/Content/images/boitmal/produit/zoom/EFA5DC41E708C16DE8DFA3207DF211CC.jpg,,/product/pate-figado-de-porco/5604260314126
10448,Bocadelia de caranguejo,8412500996622,11732,10038,Embalagem de 170g,La Piara,,"17,59€/Kg","2,99€",https://cdn.intermarche.pt/pt/Content/images/boitmal/produit/zoom/AA57444BD4A424E08AEF5356FDCDB6CF.jpg,,/product/bocadelia-de-caranguejo/8412500996622
14361,Patê atum,8412500910451,11732,10038,Embalagem de 80g,La Piara,,"22,40€/Kg","1,68€",https://cdn.intermarche.pt/pt/Content/images/boitmal/produit/zoom/3162DDCD459762C482C25EB8760AC3B6.jpg,,/product/pate-atum/8412500910451
14366,Pate picante 73gr.                ce *24,8412500927893,11732,10038,Embalagem de 70g,La Piara,,"28,63€/Kg","2,09€",https://cdn.intermarche.pt/pt/Content/images/boitmal/produit/zoom/020E677218389A51AB46207315F8BB1C.jpg,,/product/pate-picante-73gr.-ce-*24/8412500927893
14360,Patê sardinha,8412500379555,11732,10038,Embalagem de 80g,La Piara,,"22,40€/Kg","1,68€",https://cdn.intermarche.pt/pt/Content/images/boitmal/produit/zoom/D0F3D29CB367853556A90566875C7EFB.jpg,,/product/pate-sardinha/8412500379555
14362,Patê atum em escabeche,8412500910468,11732,10038,Embalagem de 80g,La Piara,,"22,40€/Kg","1,68€",https://cdn.intermarche.pt/pt/Content/images/boitmal/produit/zoom/6AFA2BCA9E7B7A16A729D8E36E064AC5.jpg,,/product/pate-atum-em-escabeche/8412500910468
14365,Patê figado de porco,8412500922034,11732,10038,Embalagem de 80g,La Piara,,"22,53€/Kg","1,69€",https://cdn.intermarche.pt/pt/Content/images/boitmal/produit/zoom/64F1FCDA79963671A1B97E0C9E73ABCD.jpg,,/product/pate-figado-de-porco/8412500922034
1631,"Paté de sarinha, atum e marisco",5601943000079,11732,10038,Embalagem de 90g,Fides,,"22,11€/Kg","1,99€",https://cdn.intermarche.pt/pt/Content/images/boitmal/produit/zoom/C4FCB183B91FF81F25F4C10C56E602CA.jpg,,/product/pate-de-sarinha-atum-e-marisco/5601943000079
12438,Patê de salmão,8412500910475,11732,10038,Embalagem de 80g,La Piara,,"32,34€/Kg","2,49€",https://cdn.intermarche.pt/pt/Content/images/boitmal/produit/zoom/D7221CE27C175723D01FFE4F5315130D.jpg,,/product/pate-de-salmao/8412500910475
27357,Patê de marisco,5601943000031,11732,10038,Embalagem de 90g,Fides,,"27,16€/Kg","2,39€",https://cdn.intermarche.pt/pt/Content/images/boitmal/produit/zoom/7BFF9519902D3D1DCAEA5BAC4BD30B91.jpg,,/product/pate-de-marisco/5601943000031
44681,"Paté com cebola caramelizada, 125g",8413828116075,11732,10038,,Cuit's,,"23,92€/Kg","2,99€",https://cdn.intermarche.pt/pt/Content/images/boitmal/produit/zoom/B925540913F932657480E3FC673D94AA.jpg,,/product/pate-com-cebola-caramelizada-125g/8413828116075
1630,Pasta de sardinha,5601943000017,11732,10038,Embalagem de 90g,Fides,,"22,11€/Kg","1,99€",https://cdn.intermarche.pt/pt/Content/images/boitmal/produit/zoom/41DEB1EE6F15D1E18AD71AA93063782D.jpg,,/product/pasta-de-sardinha/5601943000017
43004,Macedónia de legumes,5604260309689,11733,10038,Embalagem de 400 g,PorSi,,"2,48€/Kg","0,99€",https://cdn.intermarche.pt/pt/Content/images/boitmal/produit/zoom/D75F3D45F367AAD63B34F0754BDAFD3A.jpg,,/product/macedonia-de-legumes/5604260309689
40520,Pickles em vinagre,5604260297047,11733,10038,Embalagem de 200 g,PorSi,,"5,95€/Kg","1,19€",https://cdn.intermarche.pt/pt/Content/images/boitmal/produit/zoom/B8801E083D49E3E3184A1E4D6107EA9F.jpg,,/product/pickles-em-vinagre/5604260297047
45636,Pepinos em vinagre,5604260314010,11733,10038,Embalagem de 200g,PorSi,,"8,75€/Kg","1,75€",https://cdn.intermarche.pt/pt/Content/images/boitmal/produit/zoom/007A7853DF770B9EF9CDB22658CFCB99.jpg,,/product/pepinos-em-vinagre/5604260314010
7935,Backed beans,5000157024671,11733,10038,Embalagem de 415 g,Heinz,,"4,74€/Kg","1,99€",https://cdn.intermarche.pt/pt/Content/images/boitmal/produit/zoom/D27DAA2238E27408CFAF7A647FB4E65B.jpg,,/product/backed-beans/5000157024671
43005,Lentilhas,5604260309733,11733,10038,Embalagem de 400 g,PorSi,,"3,23€/Kg","1,29€",https://cdn.intermarche.pt/pt/Content/images/boitmal/produit/zoom/21B633399EB304357F9E70028F8A6AAC.jpg,,/product/lentilhas/5604260309733
44914,Vegalia especialidade vegetariana de soja,5601119345379,10713,10022,Lata com 8 unidades,Nobre,,"17,44€/Kg","2,79€",https://cdn.intermarche.pt/pt/Content/images/boitmal/produit/zoom/54ED9714421A275D2E718198BEFF1393.jpg,,/product/vegalia-especialidade-vegetariana-de-soja/5601119345379
37775,Pickles em vinagre,5604260298259,11733,10038,Embalagem de 380 g,PorSi,,"6,03€/Kg","2,29€",https://cdn.intermarche.pt/pt/Content/images/boitmal/produit/zoom/FF61B9B71A0BFF311A22C941B450E058.jpg,,/product/pickles-em-vinagre/5604260298259
46652,Lentilhas,3083681137996,11733,10038,Embalagem de 600g,Bonduelle,,"6,65€/Kg","3,99€",https://cdn.intermarche.pt/pt/Content/images/boitmal/produit/zoom/6448716CECF38B7F7E165BDCA6CC72E5.jpg,,/product/lentilhas/3083681137996
1970,Cebolinhos em vinagre,5604260062447,11733,10038,Embalagem de 200 g,PorSi,,"6,95€/Kg","1,39€",https://cdn.intermarche.pt/pt/Content/images/boitmal/produit/zoom/7D6F3BFD74C4EC8A8801C4E9A3BBD54C.jpg,,/product/cebolinhos-em-vinagre/5604260062447
28220,Espargos brancos,5601319000566,11733,10038,Frasco de 345g,Ferbar,,"11,28€/Kg","3,89€",https://cdn.intermarche.pt/pt/Content/images/boitmal/produit/zoom/D57AA8AE4060711F3B36957CC72ACDF2.jpg,,/product/espargos-brancos/5601319000566
43740,Cenouras extra finas,5604260309740,11733,10038,400 g,PorSi,,"4,49€/Kg","1,19€",https://cdn.intermarche.pt/pt/Content/images/boitmal/produit/zoom/D2B47FC372613E05954FB61C5A1E3DB1.jpg,,/product/cenouras-extra-finas/5604260309740
43746,Jardineira de legumes,5604260311262,11733,10038,800 g,PorSi,,"3,11€/Kg","2,49€",https://cdn.intermarche.pt/pt/Content/images/boitmal/produit/zoom/678B42BC44221A000DF8C7C4A5CB2B6A.jpg,,/product/jardineira-de-legumes/5604260311262
2039,Couve flor em conserva,5604260128754,11733,10038,Embalagem 180G,PorSi,,"8,83€/Kg","1,59€",https://cdn.intermarche.pt/pt/Content/images/boitmal/produit/zoom/B97608222BB3A734D138B66015F5E011.jpg,,/product/couve-flor-em-conserva/5604260128754
28221,Espargos verdes,5601319035599,11733,10038,Frasco de 345g,Ferbar,,"11,57€/Kg","3,99€",https://cdn.intermarche.pt/pt/Content/images/boitmal/produit/zoom/DD1978BF1979EBEED13C0A7D767084A8.jpg,,/product/espargos-verdes/5601319035599
43003,Macedónia de legumes,5604260309726,11733,10038,Embalagem de 3 x 200 g,PorSi,,"4,15€/Kg","2,49€",https://cdn.intermarche.pt/pt/Content/images/boitmal/produit/zoom/7DC1CA8E520315400FEE12F7AFEA83A8.jpg,,/product/macedonia-de-legumes/5604260309726
53051,"Beringelas à Mediterrânea, 375g",3083681145816,11733,10038,,Bonduelle,,"11,97€/Kg","4,49€",https://cdn.intermarche.pt/pt/Content/images/boitmal/produit/zoom/11148A97C4993E08A39ACDE3F67837A8.jpg,,/product/beringelas-a-mediterranea-375g/3083681145816
53259,"Ratatouille, 375g",3083681145786,11733,10038,,Bonduelle,,"11,97€/Kg","4,49€",https://cdn.intermarche.pt/pt/Content/images/boitmal/produit/zoom/A45336FE86F03A96153F37DD4CA07785.jpg,,/product/ratatouille-375g/3083681145786
28318,Pimentos morrones,5601319030402,11733,10038,Frasco com 285 g,Ferbar,,"8,04€/Kg","2,29€",https://cdn.intermarche.pt/pt/Content/images/boitmal/produit/zoom/40D21848C4030D74F6DBFFA23481AD77.jpg,,/product/pimentos-morrones/5601319030402
34087,Edamame Cozido sem Glúten,3083681079647,11733,10038,Embalagem de 2 x 80 g,Bonduelle,,"15,56€/Kg","2,49€",https://cdn.intermarche.pt/pt/Content/images/boitmal/produit/zoom/CB452D3E85F4C2CB33DDDEA9DC420E85.jpg,,/product/edamame-cozido-sem-gluten/3083681079647
46129,Legumes primavera,3083681138023,11733,10038,Embalagem de 600g,Bonduelle,,"6,32€/Kg","3,79€",https://cdn.intermarche.pt/pt/Content/images/boitmal/produit/zoom/DE40B22C05B0845140194DBF49221BF5.jpg,,/product/legumes-primavera/3083681138023
43747,Beterraba aos cubos,5604260311279,11733,10038,Embalagem de 200 g,PorSi,,"21,46€/Kg","2,79€",https://cdn.intermarche.pt/pt/Content/images/boitmal/produit/zoom/09CCAFF183495DC754D2ABCC297A1368.jpg,,/product/beterraba-aos-cubos/5604260311279
41307,Pimentos piquillo água/sal,5601319031126,11733,10038,Frasco de 284g,Ferbar,,"11,75€/Kg","3,29€",https://cdn.intermarche.pt/pt/Content/images/boitmal/produit/zoom/0C2CC986FF499A0BC4BD6522C4E6EF3A.jpg,,/product/pimentos-piquillo-agua-ou-sal/5601319031126
1212,Refeição caseira almôndegas,5601119950481,10245,10040,Embalagem de 420g,Nobre,,"6,88€/Kg","2,89€",https://cdn.intermarche.pt/pt/Content/images/boitmal/produit/zoom/47CB38BAA4CE4E3A9784CEF63DE5F6DC.jpg,2024-09-25T22:59:59.999Z,/product/refeicao-caseira-almondegas/5601119950481
1214,"Receita caseira de bolonhesa, 420g",5601119950504,10245,10040,,Nobre,,"6,88€/Kg","2,89€",https://cdn.intermarche.pt/pt/Content/images/boitmal/produit/zoom/8CC4A829E458CB73CE8F705F388FCA87.jpg,2024-09-25T22:59:59.999Z,/product/receita-caseira-de-bolonhesa-420g/5601119950504
1213,"Receita caseira de jardineira, 420g",5601119950498,10245,10040,,Nobre,,"6,88€/Kg","2,89€",https://cdn.intermarche.pt/pt/Content/images/boitmal/produit/zoom/C5B47D9CF40508C723D8F1B6EC7EB44A.jpg,2024-09-25T22:59:59.999Z,/product/receita-caseira-de-jardineira-420g/5601119950498
49838,"Bolonhesa Seitan Vegalia, 420g",5601119359147,10245,10040,,Nobre,,"8,02€/Kg","3,37€",https://cdn.intermarche.pt/pt/Content/images/boitmal/produit/zoom/E217B19121540ED3C0A65E480B184806.jpg,2024-09-25T22:59:59.999Z,/product/bolonhesa-seitan-vegalia-420g/5601119359147
2284,Sopa da pedra,5604260270149,10245,10040,Embalagem de 420 g,PorSi,,"5,93€/Kg","2,49€",https://cdn.intermarche.pt/pt/Content/images/boitmal/produit/zoom/38771CF827292E92094A509A8DAA3ED1.jpg,,/product/sopa-da-pedra/5604260270149
27374,Chouriço com feijão,5604260282494,10245,10040,Embalagem de 420g,PorSi,,"4,74€/Kg","1,99€",https://cdn.intermarche.pt/pt/Content/images/boitmal/produit/zoom/31479D4B2EB830640E67CA397099F701.jpg,,/product/chourico-com-feijao/5604260282494
2282,Feijoada,5604260270125,10245,10040,Embalagem de 420 g,PorSi,,"5,93€/Kg","2,49€",https://cdn.intermarche.pt/pt/Content/images/boitmal/produit/zoom/E988CC7888D8C841239391C6C1BE93DE.jpg,,/product/feijoada/5604260270125
2283,Feijão com dobrada,5604260270132,10245,10040,Embalagem de 420 g,PorSi,,"5,45€/Kg","2,29€",https://cdn.intermarche.pt/pt/Content/images/boitmal/produit/zoom/8B32D324A2D0D98CC624DCED17316D80.jpg,,/product/feijao-com-dobrada/5604260270132
33971,"Cassoulet, 420g",3250390009511,10245,10040,,Claude Léger,,"4,26€/Kg","1,79€",https://cdn.intermarche.pt/pt/Content/images/boitmal/produit/zoom/31FF0FC59F63309418E92BE7D8F01F1C.jpg,,/product/cassoulet-420g/3250390009511
42168,Mão de vaca com grão,5604260306732,10245,10040,Embalagem de 420g,PorSi,,"5,93€/Kg","2,49€",https://cdn.intermarche.pt/pt/Content/images/boitmal/produit/zoom/8E7F08651985E649322A5C109B695B1F.jpg,,/product/mao-de-vaca-com-grao/5604260306732
2285,Chispalhada,5604260270156,10245,10040,Embalagem de 420 g,PorSi,,"5,45€/Kg","2,29€",https://cdn.intermarche.pt/pt/Content/images/boitmal/produit/zoom/8CE046F1D9A3C9DE4193911F9864259F.jpg,,/product/chispalhada/5604260270156
23477,"Le cassoulet, 840g",3250390009504,10245,10040,,Claude Léger,,"4,15€/Kg","3,49€",https://cdn.intermarche.pt/pt/Content/images/boitmal/produit/zoom/3C76C742BF5F51F904FC4C06E3DE4174.jpg,,/product/le-cassoulet-840g/3250390009504
14105,"Chili com carne, embalagem 300g",3250391489237,10245,10040,,Itinéraire des Saveurs,,"8,63€/Kg","2,59€",https://cdn.intermarche.pt/pt/Content/images/boitmal/produit/zoom/14A7AADC2804E58E0031D4BAF3BB351F.jpg,,/product/chili-com-carne-embalagem-300g/3250391489237
14106,Ravioli com tomate,3250391489350,10245,10040,Embalagem 300G,Claude Léger,,"8,63€/Kg","2,59€",https://cdn.intermarche.pt/pt/Content/images/boitmal/produit/zoom/3EA299825225B6237B1E0F0D021922AA.jpg,,/product/ravioli-com-tomate/3250391489350
14108,Paella,3250391490806,10245,10040,Embalagem de 300g,Itinéraire des Saveurs,,"8,63€/Kg","2,59€",https://cdn.intermarche.pt/pt/Content/images/boitmal/produit/zoom/20CDF3216D8CBC608AAB98017CC0EA1A.jpg,,/product/paella/3250391490806
10639,"Sopa gourmet, cogumelos",8712566395514,10246,10040,Embalagem de 60g,Knorr,,"33,17€/Kg","1,99€",https://cdn.intermarche.pt/pt/Content/images/boitmal/produit/zoom/B0DE93CCE9C882CDFCAF84912313B4E5.jpg,2024-09-25T22:59:59.999Z,/product/sopa-gourmet-cogumelos/8712566395514
391,"Sopa de cozido, 70g",8712566173648,10246,10040,,Knorr,,"22,86€/Kg","1,60€",https://cdn.intermarche.pt/pt/Content/images/boitmal/produit/zoom/C0EE5A12F75937ABFCDAF9A5E610D848.jpg,2024-09-25T22:59:59.999Z,/product/sopa-de-cozido-70g/8712566173648
392,Canja c/ aletria,8712566173860,10246,10040,Embalagem de 70g,Knorr,,"22,86€/Kg","1,60€",https://cdn.intermarche.pt/pt/Content/images/boitmal/produit/zoom/97E00E32BCAF3594A1D59DEF0C0A64C0.jpg,2024-09-25T22:59:59.999Z,/product/canja-c-ou-aletria/8712566173860
393,Creme marisco,8712566173945,10246,10040,Embalagem de 70g,Knorr,,"22,86€/Kg","1,60€",https://cdn.intermarche.pt/pt/Content/images/boitmal/produit/zoom/5AC7DB72DD40FCC73A38BA936E17E369.jpg,2024-09-25T22:59:59.999Z,/product/creme-marisco/8712566173945
432,Sopa de legumes,8722700084952,10246,10040,Embalagem de 60g,Knorr,,"25,40€/Kg","1,60€",https://cdn.intermarche.pt/pt/Content/images/boitmal/produit/zoom/CDD0F7AF267061F5F2B16720B17C4635.jpg,2024-09-25T22:59:59.999Z,/product/sopa-de-legumes/8722700084952
388,"Sopa de rabo de boi, 70g",8712566156115,10246,10040,,Knorr,,"22,86€/Kg","1,60€",https://cdn.intermarche.pt/pt/Content/images/boitmal/produit/zoom/3119D8C67F6BF71B6E1A9D2753C65A49.jpg,2024-09-25T22:59:59.999Z,/product/sopa-de-rabo-de-boi-70g/8712566156115
415,Sopa de tomate,8718114840291,10246,10040,Embalagem de 90g,Knorr,,"17,78€/Kg","1,60€",https://cdn.intermarche.pt/pt/Content/images/boitmal/produit/zoom/242C36A57E5B35CE57DC33C8EF848B24.jpg,2024-09-25T22:59:59.999Z,/product/sopa-de-tomate/8718114840291
47080,Sopa de agrião,8720182148650,10246,10040,Embalagem de 53g,Knorr,,"30,19€/Kg","1,60€",https://cdn.intermarche.pt/pt/Content/images/boitmal/produit/zoom/4D079BBA3ADFD9CC577FC628EA91483E.jpg,2024-09-25T22:59:59.999Z,/product/sopa-de-agriao/8720182148650
47082,"Sopa massa e lentilhas, 155g",8711200480098,10246,10040,,Knorr,,"18,00€/Kg","2,79€",https://cdn.intermarche.pt/pt/Content/images/boitmal/produit/zoom/F74A7AF5083ABF64EE2DC88E1486D40A.jpg,2024-09-25T22:59:59.999Z,/product/sopa-massa-e-lentilhas-155g/8711200480098
47083,"Sopa massa e feijão, 182g",8720182261908,10246,10040,,Knorr,,"15,33€/Kg","2,79€",https://cdn.intermarche.pt/pt/Content/images/boitmal/produit/zoom/C290654E1013D2318B0D7867539890DD.jpg,2024-09-25T22:59:59.999Z,/product/sopa-massa-e-feijao-182g/8720182261908
51398,Sopa Massa e Legumes Frozen Disney,8720182433190,10246,10040,Embalagem de 40g,Knorr,,"40,00€/Kg","1,60€",https://cdn.intermarche.pt/pt/Content/images/boitmal/produit/zoom/A7AD00B4ED1A7E27F1D0A31E08967E76.jpg,2024-09-25T22:59:59.999Z,/product/sopa-massa-e-legumes-frozen-disney/8720182433190
6820,Creme lagosta,8712566127757,10246,10040,Embalagem de 60g,Knorr,,"26,67€/Kg","1,60€",https://cdn.intermarche.pt/pt/Content/images/boitmal/produit/zoom/4A5C4560F5172C0E4D53FE3FA5E1E52A.jpg,2024-09-25T22:59:59.999Z,/product/creme-lagosta/8712566127757
32056,Zumo gazpacho alvalle original 1l,8422174010029,10246,10040,Garrafa de 1 l,ALVALLE,,"3,99€/L","3,99€",https://cdn.intermarche.pt/pt/Content/images/boitmal/produit/zoom/57A0EB033DD42A6E8CFB15CC110B59ED.jpg,,/product/zumo-gazpacho-alvalle-original-1l/8422174010029
16706,Noodles de Carne Banzai,5601260592608,11746,10040,Embalagem de 70g,Cigala,,"16,27€/Kg","1,09€",https://cdn.intermarche.pt/pt/Content/images/boitmal/produit/zoom/48D264BBA6C231F829A9294EFE385289.jpg,2024-09-25T22:59:59.999Z,/product/noodles-de-carne-banzai/5601260592608
20988,Noodles de Galinha Banzai,5601260593605,11746,10040,Embalagem de 70g,Cigala,,"16,27€/Kg","1,09€",https://cdn.intermarche.pt/pt/Content/images/boitmal/produit/zoom/F7AC63D0A0C791A61F74299B35A01A13.jpg,2024-09-25T22:59:59.999Z,/product/noodles-de-galinha-banzai/5601260593605
20621,"Noodles de Caril Banzai, 70g",5601260591601,11746,10040,,Cigala,,"16,27€/Kg","1,09€",https://cdn.intermarche.pt/pt/Content/images/boitmal/produit/zoom/113F4050880E65E8AAFFDB7F24C4F1E8.jpg,2024-09-25T22:59:59.999Z,/product/noodles-de-caril-banzai-70g/5601260591601
25871,"Noodles de Camarão Banzai, 70g",5601260594602,11746,10040,,Cigala,,"16,27€/Kg","1,09€",https://cdn.intermarche.pt/pt/Content/images/boitmal/produit/zoom/1903BDCD3D7E0595DC114CD096441B32.jpg,2024-09-25T22:59:59.999Z,/product/noodles-de-camarao-banzai-70g/5601260594602
40347,Tortilhas de Trigo Wraps,8410076471604,11746,10040,Embalagem de 350g,Old El Paso,,"11,40€/Kg","3,99€",https://cdn.intermarche.pt/pt/Content/images/boitmal/produit/zoom/82EA638866E34F556114F2E95362AEAD.jpg,,/product/tortilhas-de-trigo-wraps/8410076471604
53167,"Folha de Arroz, 134g",5010338015817,11746,10040,,Blue Dragon,,"33,51€/Kg","4,49€",https://cdn.intermarche.pt/pt/Content/images/boitmal/produit/zoom/722B4278677C7578F310CDBC9E6DAA69.jpg,,/product/folha-de-arroz-134g/5010338015817
53238,"6 Wraps Clássicos, 240g",5601027116313,11746,10040,,Bimbo,,"9,54€/Kg","2,29€",https://cdn.intermarche.pt/pt/Content/images/boitmal/produit/zoom/7926F784CCD1B5A3F959372091525713.jpg,,/product/6-wraps-classicos-240g/5601027116313
25783,Noodles galinha,8714100667569,11746,10040,Embalagem de 60g,Knorr,,"24,43€/Kg","1,49€",https://cdn.intermarche.pt/pt/Content/images/boitmal/produit/zoom/5A5437BE80AF365D548458C62476F4F2.jpg,,/product/noodles-galinha/8714100667569
25784,Noodles queijo & ervas,8714100667637,11746,10040,Embalagem de 60g,Knorr,,"24,43€/Kg","1,49€",https://cdn.intermarche.pt/pt/Content/images/boitmal/produit/zoom/33148BDC0F897C3B345F402DC999BB3D.jpg,,/product/noodles-queijo-&-ervas/8714100667637
31580,"Tortilhas de trigo, 244g",8410076470584,11746,10040,,Old El Paso,,"10,20€/Kg","2,49€",https://cdn.intermarche.pt/pt/Content/images/boitmal/produit/zoom/B520C03A87D419C26BF808B151773A5E.jpg,,/product/tortilhas-de-trigo-244g/8410076470584
50450,Potato Pot Bacon e Cebola,8710522729755,11746,10040,Embalagem de 51g,Knorr,,"44,90€/Kg","2,29€",https://cdn.intermarche.pt/pt/Content/images/boitmal/produit/zoom/25207F6FBC49924E12611BD2533EDFBB.jpg,,/product/potato-pot-bacon-e-cebola/8710522729755
52840,"Pasta Pot Carbonara, 55g",8711327420618,11746,10040,,Knorr,,"41,82€/Kg","2,30€",https://cdn.intermarche.pt/pt/Content/images/boitmal/produit/zoom/BBA3B2C5569EBE70CCAAE0DBF18350D6.jpg,,/product/pasta-pot-carbonara-55g/8711327420618
49999,Sabores do Mediterrâneo,5601228100036,11746,10040,Embalagem de 250g,Natura,,"9,16€/Kg","2,29€",https://cdn.intermarche.pt/pt/Content/images/boitmal/produit/zoom/21344A76F024CA1B5F825B1BA1064B2A.jpg,,/product/sabores-do-mediterraneo/5601228100036
52188,Porsi batatas fritas onduladas wavy,5604260295425,10221,10037,Embalagem de 185g,PorSi,,"6,43€/Kg","1,19€",https://cdn.intermarche.pt/pt/Content/images/boitmal/produit/zoom/ADA1D3CFE0871DC15C7A9CD6A4115E77.jpg,,/product/porsi-batatas-fritas-onduladas-wavy/5604260295425
44701,Pringles original,5053990156009,10221,10037,Embalagem de 175g,Pringles,,"13,66€/Kg","2,39€",https://cdn.intermarche.pt/pt/Content/images/boitmal/produit/zoom/A4350F1969E3C38471802CC20C7A43A5.jpg,2024-09-25T22:59:59.999Z,/product/pringles-original/5053990156009
43710,Batata frita ondulada wavy,5604260309382,10221,10037,Embalagem de 180g,PorSi,,"9,94€/Kg","1,79€",https://cdn.intermarche.pt/pt/Content/images/boitmal/produit/zoom/FFBEA63616981B500CD7811A9F53B357.jpg,,/product/batata-frita-ondulada-wavy/5604260309382
36183,Batata doce frita,5604736300097,10221,10037,embalagem de 100 g,Maria Batata,,"17,40€/Kg","1,74€",https://cdn.intermarche.pt/pt/Content/images/boitmal/produit/zoom/71A1C6E59EDA9EE5A4876F3C1F68F50F.jpg,2024-09-25T22:59:59.999Z,/product/batata-doce-frita/5604736300097
44059,Batata frita lisas originais,5601363012683,10221,10037,Embalagem de 160g,Lay's,,"9,94€/Kg","1,59€",https://cdn.intermarche.pt/pt/Content/images/boitmal/produit/zoom/9405F85D185C02A8CF73F6D35DB06623.jpg,,/product/batata-frita-lisas-originais/5601363012683
9403,Batata frita light,5604260042302,10221,10037,Embalagem de 150g,PorSi,,"7,93€/Kg","1,19€",https://cdn.intermarche.pt/pt/Content/images/boitmal/produit/zoom/72EC4E1465A5640D220DE0C445665335.jpg,,/product/batata-frita-light/5604260042302
10153,Batata frita forno originais,8410199002402,10221,10037,Embalagem de 150g,Lay's,,"13,27€/Kg","1,99€",https://cdn.intermarche.pt/pt/Content/images/boitmal/produit/zoom/3686D64009D8F25CF64CB0A60ABCE0D5.jpg,,/product/batata-frita-forno-originais/8410199002402
18077,Batata frita lisas originais,5601363013710,10221,10037,Embalagem de 265 g,Lay's,,"9,77€/Kg","2,59€",https://cdn.intermarche.pt/pt/Content/images/boitmal/produit/zoom/CF8217FA85A3451EA0DCCD11BEF5FB1F.jpg,,/product/batata-frita-lisas-originais/5601363013710
23758,Batata frita gourmet,5604260282616,10221,10037,Embalagem de 150g,PorSi,,"8,60€/Kg","1,29€",https://cdn.intermarche.pt/pt/Content/images/boitmal/produit/zoom/484C607F1829C70372CFC9B58ADA12DB.jpg,,/product/batata-frita-gourmet/5604260282616
43334,Batata doce frita,5604260309016,10221,10037,Embalagem de 150g,PorSi,,"11,27€/Kg","1,69€",https://cdn.intermarche.pt/pt/Content/images/boitmal/produit/zoom/179B3951EC71CB216A3FE7922E654269.jpg,,/product/batata-doce-frita/5604260309016
2784,Batata Frita c/ Sal,8410199021137,10221,10037,Embalagem de 160 g,Ruffles,,"9,94€/Kg","1,59€",https://cdn.intermarche.pt/pt/Content/images/boitmal/produit/zoom/AE5CA9EE473687F8C0AB4A374C973B74.jpg,,/product/batata-frita-c-ou-sal/8410199021137
53085,"Batatas Fritas Gourmet Original, 45g",8410199000804,10221,10037,,Lay's,,"23,33€/Kg","1,05€",https://cdn.intermarche.pt/pt/Content/images/boitmal/produit/zoom/97CBCE69BA5E11E347CD89597FAD6179.jpg,,/product/batatas-fritas-gourmet-original-45g/8410199000804
53086,Batatas Fritas Onduladas Original,8410199010407,10221,10037,Embalagem de 45g,Ruffles,,"24,22€/Kg","1,09€",https://cdn.intermarche.pt/pt/Content/images/boitmal/produit/zoom/3CE6FF3BDB2189BAD695B12F591312F2.jpg,,/product/batatas-fritas-onduladas-original/8410199010407
53226,Batatas Fritas Lisas 0% Sal,5601363014052,10221,10037,Embalagem de 140g,Lay's,,"14,21€/Kg","1,99€",https://cdn.intermarche.pt/pt/Content/images/boitmal/produit/zoom/15015B706ED053750D93713F9E75C118.jpg,,/product/batatas-fritas-lisas-0%25-sal/5601363014052
48238,Lay's gourmet corte fino,8410199023094,10221,10037,Embalagem de 180 g,Lay's,,"14,94€/Kg","2,69€",https://cdn.intermarche.pt/pt/Content/images/boitmal/produit/zoom/DB554989B3207326DF349FCDC6522981.jpg,,/product/lay's-gourmet-corte-fino/8410199023094
52041,Ruffles original,8410199024763,10221,10037,Embalagem de 265g,Ruffles,,"9,77€/Kg","2,59€",https://cdn.intermarche.pt/pt/Content/images/boitmal/produit/zoom/9489E038ADA4A48D19D9B4435123B1A0.jpg,,/product/ruffles-original/8410199024763
44702,Pringles sour cream & onion,5053990155354,10219,10037,Embalagem de 175g,Pringles,,"13,66€/Kg","2,39€",https://cdn.intermarche.pt/pt/Content/images/boitmal/produit/zoom/CAC75B605C8B7B46C574BB916C039D54.jpg,2024-09-25T22:59:59.999Z,/product/pringles-sour-cream-&-onion/5053990155354
44704,Pringles hot & spicy,5053990155941,10219,10037,Embalagem de 175g,Pringles,,"13,66€/Kg","2,39€",https://cdn.intermarche.pt/pt/Content/images/boitmal/produit/zoom/4E274A9B899E3F171EF5DBCC6BAFC4CB.jpg,2024-09-25T22:59:59.999Z,/product/pringles-hot-&-spicy/5053990155941
1862,Batata frita churrasco,5604260042340,10219,10037,Embalagem de 185 g,PorSi,,"7,32€/Kg","1,39€",https://cdn.intermarche.pt/pt/Content/images/boitmal/produit/zoom/59910B2D5B8AC0BB55EF244564097D90.jpg,,/product/batata-frita-churrasco/5604260042340
2265,Batata frita camponesa,5604260269853,10219,10037,Embalagem de 175 g,PorSi,,"6,80€/Kg","1,19€",https://cdn.intermarche.pt/pt/Content/images/boitmal/produit/zoom/F4F76E937CA87D0CF91E2CA50315B144.jpg,,/product/batata-frita-camponesa/5604260269853
9621,Batata frita em azeite,5604260264766,10219,10037,Embalagem de 150g,PorSi,,"9,27€/Kg","1,39€",https://cdn.intermarche.pt/pt/Content/images/boitmal/produit/zoom/8D19D77F4DEA0C4E1CDBB22D8F654855.jpg,,/product/batata-frita-em-azeite/5604260264766
1844,Batata frita de presunto,5604260035847,10219,10037,Embalagem de 185 g,PorSi,,"6,43€/Kg","1,19€",https://cdn.intermarche.pt/pt/Content/images/boitmal/produit/zoom/8AF52ABC6301CD0B07854022DF592ACF.jpg,,/product/batata-frita-de-presunto/5604260035847
1845,"Batata frita, queijo e ervas",5604260035854,10219,10037,Embalagem de 190g,PorSi,,"9,21€/Kg","1,75€",https://cdn.intermarche.pt/pt/Content/images/boitmal/produit/zoom/75C1A03F22287F7089357D90EA06416A.jpg,,/product/batata-frita-queijo-e-ervas/5604260035854
41138,Batatas fritas ketchup,5604260303199,10219,10037,Embalagem de 170 g,PorSi,,"7,00€/Kg","1,19€",https://cdn.intermarche.pt/pt/Content/images/boitmal/produit/zoom/A6B80C6976945E720EC4069B208856C4.jpg,,/product/batatas-fritas-ketchup/5604260303199
48779,Batatas fritas com sabor a sal e vinagre,8410199023117,10219,10037,Embalagem de 150g,Lay's,,"11,27€/Kg","1,69€",https://cdn.intermarche.pt/pt/Content/images/boitmal/produit/zoom/E695695F993CDC52CF58415F9BEFEC19.jpg,,/product/batatas-fritas-com-sabor-a-sal-e-vinagre/8410199023117
48782,Lay's camponesas,8410199023070,10219,10037,Embalagem de 150g,Lay's,,"10,60€/Kg","1,59€",https://cdn.intermarche.pt/pt/Content/images/boitmal/produit/zoom/3D2C8E9AA8AB458BC8BE1C5915BD61CF.jpg,,/product/lay's-camponesas/8410199023070
50937,"Batatas Fitas Lisa Orégãos, 150 g",5604260326396,10219,10037,,PorSi,,"9,67€/Kg","1,45€",https://cdn.intermarche.pt/pt/Content/images/boitmal/produit/zoom/4A896209673EC5F3624B71B45FAEEBC2.jpg,,/product/batatas-fitas-lisa-oregaos-150-g/5604260326396
41139,Batatas fritas ovo frito com presunto,5604260303878,10219,10037,Embalagem de 150 g,PorSi,,"9,27€/Kg","1,39€",https://cdn.intermarche.pt/pt/Content/images/boitmal/produit/zoom/82386744EC2CC073B945DC9C52B67321.jpg,,/product/batatas-fritas-ovo-frito-com-presunto/5604260303878
51406,Batatas fritas presunto e camponesas,5604260326402,10219,10037,pack 4 x 45 g,PorSi,,"9,17€/Kg","1,65€",https://cdn.intermarche.pt/pt/Content/images/boitmal/produit/zoom/CECBD8C5EC9EA337E9933DD8C507E64E.jpg,,/product/batatas-fritas-presunto-e-camponesas/5604260326402
2785,Batata frita presunto,5601363013222,10219,10037,Embalagem de 150 g,Ruffles,,"11,27€/Kg","1,69€",https://cdn.intermarche.pt/pt/Content/images/boitmal/produit/zoom/465DFCD60327C277E0479C4D2D7F7E72.jpg,,/product/batata-frita-presunto/5601363013222
12370,"Batata frita, receita camponesa",8410199010339,10219,10037,Embalagem de 250g,Lay's,,"9,56€/Kg","2,39€",https://cdn.intermarche.pt/pt/Content/images/boitmal/produit/zoom/9348588911916E8A310340620CCB0CF4.jpg,,/product/batata-frita-receita-camponesa/8410199010339
48781,Batatas lisas cheese & onion,8410199023063,10219,10037,Embalagem de 150g,Lay's,,"13,93€/Kg","2,09€",https://cdn.intermarche.pt/pt/Content/images/boitmal/produit/zoom/A2168EB427E5F6B490000D7CEC51CF2B.jpg,,/product/batatas-lisas-cheese-&-onion/8410199023063
47649,"Pringles flame kickin sour cream, 160g",5053990160037,10219,10037,,Pringles,,"18,69€/Kg","2,99€",https://cdn.intermarche.pt/pt/Content/images/boitmal/produit/zoom/F9132EEEE015B1A30358CA9676139445.jpg,,/product/pringles-flame-kickin-sour-cream-160g/5053990160037
47650,"Pringles flame spicy bbq, 160g",5053990160075,10219,10037,,Pringles,,"18,69€/Kg","2,99€",https://cdn.intermarche.pt/pt/Content/images/boitmal/produit/zoom/C15D700E6615FC0C5E656E08DF86D574.jpg,,/product/pringles-flame-spicy-bbq-160g/5053990160075
53087,Batatas Fritas Onduladas Presunto,8410199140401,10219,10037,Embalagem de 45g,Ruffles,,"23,33€/Kg","1,05€",https://cdn.intermarche.pt/pt/Content/images/boitmal/produit/zoom/9819CD492FAE3FE38C552C4A493B82CC.jpg,,/product/batatas-fritas-onduladas-presunto/8410199140401
5457,Batatas fritas com sabor a presunto,8410199024749,10219,10037,Embalagem de 275 g,Ruffles,,"9,42€/Kg","2,59€",https://cdn.intermarche.pt/pt/Content/images/boitmal/produit/zoom/8174131FDFD3A5F1C1106C6BC8C56ABC.jpg,,/product/batatas-fritas-com-sabor-a-presunto/8410199024749
49071,Batatas onduladas york'eso,8410199023155,10219,10037,Embalagem de 150g,Ruffles,,"11,27€/Kg","1,69€",https://cdn.intermarche.pt/pt/Content/images/boitmal/produit/zoom/EB06732BE4DFBC2A1540CD92E0D89A92.jpg,,/product/batatas-onduladas-york'eso/8410199023155
1834,Batata frita palha,5604260034505,10218,10037,Embalagem de 500g,PorSi,,"5,18€/Kg","2,59€",https://cdn.intermarche.pt/pt/Content/images/boitmal/produit/zoom/EE3A24E1B49D8696BD0274BA327C7B85.jpg,,/product/batata-frita-palha/5604260034505
36691,Batata frita caseira,5604260295494,10218,10037,Embalagem de 500g,PorSi,,"5,98€/Kg","2,99€",https://cdn.intermarche.pt/pt/Content/images/boitmal/produit/zoom/6E7194EC520D095613A539BD01C896ED.jpg,,/product/batata-frita-caseira/5604260295494
41128,Batata palha finíssima,5604260303212,10218,10037,Embalagem de 180 g,PorSi Select,,"8,83€/Kg","1,59€",https://cdn.intermarche.pt/pt/Content/images/boitmal/produit/zoom/C2757CEF93316B19E50CAE66E21AFFE8.jpg,,/product/batata-palha-finissima/5604260303212
1833,Batata frita palha,5604260034499,10218,10037,Embalagem de 160g,PorSi,,"5,44€/Kg","0,87€",https://cdn.intermarche.pt/pt/Content/images/boitmal/produit/zoom/8D6F9BB0B5DE441329EE2BC9A8C4C03B.jpg,,/product/batata-frita-palha/5604260034499
36692,Batata frita caseira,5604260295487,10218,10037,Embalagem de 180g,PorSi,,"6,94€/Kg","1,25€",https://cdn.intermarche.pt/pt/Content/images/boitmal/produit/zoom/6A77EF7292363AB390A2FD80C0969120.jpg,,/product/batata-frita-caseira/5604260295487
1495,Batata frita caseira rodela,5601363100380,10218,10037,Embalagem de 300g,Pála-Pála,,"8,63€/Kg","2,59€",https://cdn.intermarche.pt/pt/Content/images/boitmal/produit/zoom/435639F401CCCA6BEF0759614E4D4A21.jpg,,/product/batata-frita-caseira-rodela/5601363100380
1174,"Batata frita caseira, rodela",5601099041803,10218,10037,Embalagem de 180g,Pála-Pála,,"11,06€/Kg","1,99€",https://cdn.intermarche.pt/pt/Content/images/boitmal/produit/zoom/BCF7AEE4E6B6634E3C0EEE4258FA247E.jpg,,/product/batata-frita-caseira-rodela/5601099041803
52187,"Pála-pála palhinha, 400g",5601363013864,10218,10037,,Pála-Pála,,"8,23€/Kg","3,29€",https://cdn.intermarche.pt/pt/Content/images/boitmal/produit/zoom/FB76C6DADD87CA547A0ED67B58B571F8.jpg,,/product/pala-pala-palhinha-400g/5601363013864
44701,Pringles original,5053990156009,10221,10037,Embalagem de 175g,Pringles,,"13,66€/Kg","2,39€",https://cdn.intermarche.pt/pt/Content/images/boitmal/produit/zoom/A4350F1969E3C38471802CC20C7A43A5.jpg,2024-09-25T22:59:59.999Z,/product/pringles-original/5053990156009
44702,Pringles sour cream & onion,5053990155354,10219,10037,Embalagem de 175g,Pringles,,"13,66€/Kg","2,39€",https://cdn.intermarche.pt/pt/Content/images/boitmal/produit/zoom/CAC75B605C8B7B46C574BB916C039D54.jpg,2024-09-25T22:59:59.999Z,/product/pringles-sour-cream-&-onion/5053990155354
44704,Pringles hot & spicy,5053990155941,10219,10037,Embalagem de 175g,Pringles,,"13,66€/Kg","2,39€",https://cdn.intermarche.pt/pt/Content/images/boitmal/produit/zoom/4E274A9B899E3F171EF5DBCC6BAFC4CB.jpg,2024-09-25T22:59:59.999Z,/product/pringles-hot-&-spicy/5053990155941
53281,"Aperitivos de Paprika, 175g",5053990162734,10222,10037,,Pringles,,"13,66€/Kg","2,39€",https://cdn.intermarche.pt/pt/Content/images/boitmal/produit/zoom/C0057FF36BD4F63586C66EB26D1B7D1F.jpg,2024-09-25T22:59:59.999Z,/product/aperitivos-de-paprika-175g/5053990162734
10161,Aperitivos 3d's cones,8410199030900,10222,10037,Embalagem de 90g,Lay's,,"22,11€/Kg","1,99€",https://cdn.intermarche.pt/pt/Content/images/boitmal/produit/zoom/EC348049868D39036CC02EADA4A09D85.jpg,,/product/aperitivos-3d's-cones/8410199030900
2788,Aperitivos futebolas,8410199790958,10222,10037,Embalagem de 130g,Cheetos,,"15,31€/Kg","1,99€",https://cdn.intermarche.pt/pt/Content/images/boitmal/produit/zoom/9D50C1936917408EF2B85B3012A00D4C.jpg,,/product/aperitivos-futebolas/8410199790958
1490,Aperitivos  fritos,5601363001144,10222,10037,Embalagem 130G,Fritos,,"15,31€/Kg","1,99€",https://cdn.intermarche.pt/pt/Content/images/boitmal/produit/zoom/FD29E13B4B80F4E27D87F6225D77EAE9.jpg,,/product/aperitivos-fritos/5601363001144
1491,Aperitivos tex mex,5601363001168,10222,10037,Embalagem de 120g,Doritos,,"16,58€/Kg","1,99€",https://cdn.intermarche.pt/pt/Content/images/boitmal/produit/zoom/D72F9ADD8589E1B64CFA8FB4FBDAE814.jpg,,/product/aperitivos-tex-mex/5601363001168
42831,Snack maçã vermelha desidratada,5604260309412,10222,10037,Embalagem de 35g,PorSi,,"25,43€/Kg","0,89€",https://cdn.intermarche.pt/pt/Content/images/boitmal/produit/zoom/51B367F70DF095422AF4D7819FD01035.jpg,,/product/snack-maca-vermelha-desidratada/5604260309412
44642,"Snack de milho com sabor chilli, 140g",8410199021168,10222,10037,,Doritos,,"14,21€/Kg","1,99€",https://cdn.intermarche.pt/pt/Content/images/boitmal/produit/zoom/0D42AC5D9667C95529F58BBD8FD6058F.jpg,,/product/snack-de-milho-com-sabor-chilli-140g/8410199021168
45677,Snacks crocantes com bacon,5604260312016,10222,10037,Embalagem de 60g,PorSi,,"16,50€/Kg","0,99€",https://cdn.intermarche.pt/pt/Content/images/boitmal/produit/zoom/2728B1CDD49C7612E8F1DC8F79CE3C00.jpg,,/product/snacks-crocantes-com-bacon/5604260312016
53081,"Snacks Milho Nachos Dippas, 150g",8410199024701,10222,10037,,Doritos,,"13,27€/Kg","1,99€",https://cdn.intermarche.pt/pt/Content/images/boitmal/produit/zoom/529878C3C769D792716BED88F66601A9.jpg,,/product/snacks-milho-nachos-dippas-150g/8410199024701
5584,Aperitivos couratos,5602107003127,10222,10037,Embalagem de 50 g,SAN ZE,,"25,80€/Kg","1,29€",https://cdn.intermarche.pt/pt/Content/images/boitmal/produit/zoom/04AEBBA050EB9CA81396FB9D636BF636.jpg,,/product/aperitivos-couratos/5602107003127
45678,Snacks crocantes com queijo,5604260312023,10222,10037,Embalagem de 90g,PorSi,,"9,89€/Kg","0,89€",https://cdn.intermarche.pt/pt/Content/images/boitmal/produit/zoom/2B6FDC708CB46A0E2FD81DF4026ED40D.jpg,,/product/snacks-crocantes-com-queijo/5604260312023
42830,Snack maçã verde desidratada,5604260309405,10222,10037,Embalagem de 35g,PorSi,,"25,43€/Kg","0,89€",https://cdn.intermarche.pt/pt/Content/images/boitmal/produit/zoom/7C915E428995337358BE3A988D306BE0.jpg,,/product/snack-maca-verde-desidratada/5604260309405
2786,Aperitivos rolitos,8410199150905,10222,10037,Embalagem de 100g,Cheetos,,"19,90€/Kg","1,99€",https://cdn.intermarche.pt/pt/Content/images/boitmal/produit/zoom/C45683EA649508FF7E821044A85DB8C2.jpg,,/product/aperitivos-rolitos/8410199150905
40121,"Queijo chips, 185g",8410076481825,10222,10037,,Old El Paso,,"16,16€/Kg","2,99€",https://cdn.intermarche.pt/pt/Content/images/boitmal/produit/zoom/DEA1516B26F52576858FA0F1943C8F52.jpg,,/product/queijo-chips-185g/8410076481825
38002,Snack de milho com queijo,8410199810656,10222,10037,Embalagem de 75 g,Cheetos,,"26,53€/Kg","1,99€",https://cdn.intermarche.pt/pt/Content/images/boitmal/produit/zoom/B9D8F6E58F3EC261785EE792535F857F.jpg,,/product/snack-de-milho-com-queijo/8410199810656
40348,"Nachips, 185g",8410076481597,10222,10037,,Old El Paso,,"17,78€/Kg","3,29€",https://cdn.intermarche.pt/pt/Content/images/boitmal/produit/zoom/FD6208E3B3539C8A140DAE76943090D4.jpg,,/product/nachips-185g/8410076481597
44639,Snack tex-mex,8410199021052,10222,10037,Embalagem de 260g,Doritos,,"13,04€/Kg","3,39€",https://cdn.intermarche.pt/pt/Content/images/boitmal/produit/zoom/ED912F37B9F71A71D3D57E75B7E52F2F.jpg,,/product/snack-tex-mex/8410199021052
2780,Aperitivos palitos,8410199002303,10222,10037,Embalagem de 100g,Cheetos,,"20,73€/Kg","1,99€",https://cdn.intermarche.pt/pt/Content/images/boitmal/produit/zoom/51FD8C1CF62A1D7BC78850528CFB49A1.jpg,,/product/aperitivos-palitos/8410199002303
35549,Snack batata original,5053990124961,10222,10037,Embalagem de 70 g,Pringles,,"28,43€/Kg","1,99€",https://cdn.intermarche.pt/pt/Content/images/boitmal/produit/zoom/67B4CAAAA51479D2DF6D483E25D641D9.jpg,,/product/snack-batata-original/5053990124961
44643,Doritos bbq,8410199021175,10222,10037,Embalagem de 140g,Doritos,,"14,21€/Kg","1,99€",https://cdn.intermarche.pt/pt/Content/images/boitmal/produit/zoom/DF57EDC573BECE9F576A6DC974CF5C99.jpg,,/product/doritos-bbq/8410199021175
47649,"Pringles flame kickin sour cream, 160g",5053990160037,10219,10037,,Pringles,,"18,69€/Kg","2,99€",https://cdn.intermarche.pt/pt/Content/images/boitmal/produit/zoom/F9132EEEE015B1A30358CA9676139445.jpg,,/product/pringles-flame-kickin-sour-cream-160g/5053990160037
47650,"Pringles flame spicy bbq, 160g",5053990160075,10219,10037,,Pringles,,"18,69€/Kg","2,99€",https://cdn.intermarche.pt/pt/Content/images/boitmal/produit/zoom/C15D700E6615FC0C5E656E08DF86D574.jpg,,/product/pringles-flame-spicy-bbq-160g/5053990160075
52845,"Snacks Milho Fuego, 140g",8412600028636,10222,10037,,Takis,,"17,79€/Kg","2,49€",https://cdn.intermarche.pt/pt/Content/images/boitmal/produit/zoom/2901E59A7A634C0DA877B36A70636654.jpg,,/product/snacks-milho-fuego-140g/8412600028636
53088,Cones de Milho 3D's,8410199030306,10222,10037,Embalagem de 36g,Lay's,,"29,17€/Kg","1,05€",https://cdn.intermarche.pt/pt/Content/images/boitmal/produit/zoom/F73D3BA82DDAA87DE229596C1CC2BCE4.jpg,,/product/cones-de-milho-3d's/8410199030306
46827,Nutella biscuits t22,8000500310427,10222,10037,Embalagem de 304g,Nutella,,"14,77€/Kg","4,49€",https://cdn.intermarche.pt/pt/Content/images/boitmal/produit/zoom/A6ADC73CF0D0180FA55C8F968AF888B1.jpg,,/product/nutella-biscuits-t22/8000500310427
52844,"Snacks Milho Queso Volcano, 140g",8412600028643,10222,10037,,Takis,,"17,79€/Kg","2,49€",https://cdn.intermarche.pt/pt/Content/images/boitmal/produit/zoom/BB5A5FC73B67F1BEB85606BDA3406772.jpg,,/product/snacks-milho-queso-volcano-140g/8412600028643
52846,"Snacks Milho Queso Volcano, 90g",8412600028605,10222,10037,,Takis,,"19,33€/Kg","1,74€",https://cdn.intermarche.pt/pt/Content/images/boitmal/produit/zoom/13F1D50640D816B1E0E44790D0A78306.jpg,,/product/snacks-milho-queso-volcano-90g/8412600028605
35550,Snack batata com natas e cebola,5053990125050,10222,10037,Embalagem de 70 g,Pringles,,"28,43€/Kg","1,99€",https://cdn.intermarche.pt/pt/Content/images/boitmal/produit/zoom/1A5F9F0E03E5E26DFE05983A2FDCD1CF.jpg,,/product/snack-batata-com-natas-e-cebola/5053990125050
51318,Nutella biscuits t3,8000500359358,10222,10037,Embalagem de 41g,Nutella,,"24,15€/Kg","0,99€",https://cdn.intermarche.pt/pt/Content/images/boitmal/produit/zoom/B805719EEA81B72D411258DAD2F35259.jpg,,/product/nutella-biscuits-t3/8000500359358
51999,Aper pringles flame hot sweet chilli,5053990167135,10222,10037,Embalagem de 160g,Pringles,,"18,69€/Kg","2,99€",https://cdn.intermarche.pt/pt/Content/images/boitmal/produit/zoom/3B301B185B81FB54590B73201EAC6F5F.jpg,,/product/aper-pringles-flame-hot-sweet-chilli/5053990167135
52847,"Snacks Milho Fuego, 90g",8412600028599,10222,10037,,Takis,,"19,33€/Kg","1,74€",https://cdn.intermarche.pt/pt/Content/images/boitmal/produit/zoom/44DB7C7A55B52BCB709B9CCF55E20A76.jpg,,/product/snacks-milho-fuego-90g/8412600028599
53071,"Aperitivo Flame Queijo & Chilli, 160g",5053990160112,10222,10037,,Pringles,,"18,69€/Kg","2,99€",https://cdn.intermarche.pt/pt/Content/images/boitmal/produit/zoom/B962285CDA6B78F7BCC7D3C885B87CB0.jpg,,/product/aperitivo-flame-queijo-&-chilli-160g/5053990160112
53089,"Snacks de Milho Tex-Mex, 44g",8410199271396,10222,10037,,Doritos,,"23,86€/Kg","1,05€",https://cdn.intermarche.pt/pt/Content/images/boitmal/produit/zoom/6D36DEEB85E3F6B2EF494CAD5026255C.jpg,,/product/snacks-de-milho-tex-mex-44g/8410199271396
53263,Snacks de Milho com Sabor a Queijo Futebolas,8410199790118,10222,10037,Embalagem de 40g,Cheetos,,"26,25€/Kg","1,05€",https://cdn.intermarche.pt/pt/Content/images/boitmal/produit/zoom/C684C1C07A0E248D9F58769482971B95.jpg,,/product/snacks-de-milho-com-sabor-a-queijo-futebolas/8410199790118
45698,Aperitivo com camarão,5604260313914,10222,10037,Embalagem de 75g,PorSi,,"17,20€/Kg","1,29€",https://cdn.intermarche.pt/pt/Content/images/boitmal/produit/zoom/7A0D5A4954E952326F425D781D702CBC.jpg,,/product/aperitivo-com-camarao/5604260313914
45654,Snacks Crocantes Amendoim,5604260312009,10223,10037,Embalagem de 90g,PorSi,,"11,00€/Kg","0,99€",https://cdn.intermarche.pt/pt/Content/images/boitmal/produit/zoom/1A2285F0228A2920CAAE6F91C57EE7A8.jpg,,/product/snacks-crocantes-amendoim/5604260312009
638,Aperitivos pistachos torrados salgados,3250390207481,10223,10037,Embalagem de 150g,Bouton dor,,"16,60€/Kg","2,49€",https://cdn.intermarche.pt/pt/Content/images/boitmal/produit/zoom/1463FADFB1517B9BB1E1A8D80FEAF05E.jpg,,/product/aperitivos-pistachos-torrados-salgados/3250390207481
640,Cajus torrados salgados,3250390207528,10223,10037,Embalagem de 130g,Bouton dor,,"13,00€/Kg","1,69€",https://cdn.intermarche.pt/pt/Content/images/boitmal/produit/zoom/A8745A8CD7EF20E9933525817FE1A073.jpg,,/product/cajus-torrados-salgados/3250390207528
2358,Snack de maçã vermelha doce,5605173300015,10223,10037,Embalagem de 60 g,Fruut,,"33,17€/Kg","1,99€",https://cdn.intermarche.pt/pt/Content/images/boitmal/produit/zoom/DC04CEEA6FE8355C82A796470123097E.jpg,,/product/snack-de-maca-vermelha-doce/5605173300015
2359,Snack maçã verde intenso,5605173300039,10223,10037,Embalagem de 60 g,Fruut,,"33,17€/Kg","1,99€",https://cdn.intermarche.pt/pt/Content/images/boitmal/produit/zoom/D4A1B135F9F20E993FDBC5C01806A835.jpg,,/product/snack-maca-verde-intenso/5605173300039
48670,"Snack Veggie Mix, 100g",5602586143178,10223,10037,,Frutorra,,"18,90€/Kg","1,89€",https://cdn.intermarche.pt/pt/Content/images/boitmal/produit/zoom/A9E948D0CE3D9A05363B26E5BDC559E8.jpg,,/product/snack-veggie-mix-100g/5602586143178
639,Aperitivos mistura salgada,3250390207498,10223,10037,Embalagem de 150g,Bouton dor,,"13,27€/Kg","1,99€",https://cdn.intermarche.pt/pt/Content/images/boitmal/produit/zoom/067F480ABF36C8FB36520DDD050B884B.jpg,,/product/aperitivos-mistura-salgada/3250390207498
48669,"Mistura Frutos Secos Focus Mix, 100 g",5602586144175,10223,10037,,Frutorra,,"16,90€/Kg","1,69€",https://cdn.intermarche.pt/pt/Content/images/boitmal/produit/zoom/6B69986077E72C7BF66926083CF08E37.jpg,,/product/mistura-frutos-secos-focus-mix-100-g/5602586144175
43327,Pipocas doces balde,5604260309788,11726,10037,Embalagem de 240g,PorSi,,"12,04€/Kg","2,89€",https://cdn.intermarche.pt/pt/Content/images/boitmal/produit/zoom/8170629AE8D070938F8D4521666485AE.jpg,,/product/pipocas-doces-balde/5604260309788
40742,Pipocas doces,5604260303137,11726,10037,Embalagem de 150 g,PorSi,,"5,27€/Kg","0,79€",https://cdn.intermarche.pt/pt/Content/images/boitmal/produit/zoom/C99020AC30046D9847C68D4EC48B0609.jpg,,/product/pipocas-doces/5604260303137
43803,Milho para pipocas,5604260309771,11726,10037,Embalagem de 250g,PorSi,,"1,56€/Kg","0,39€",https://cdn.intermarche.pt/pt/Content/images/boitmal/produit/zoom/6AEB95D9EB923E2B314C519557FB77A0.jpg,,/product/milho-para-pipocas/5604260309771
4683,10 douradinhos vegetais,5000116102112,11589,11574,Embalagem de 280g,Iglo green,,"7,11€/Kg","1,99€",https://cdn.intermarche.pt/pt/Content/images/boitmal/produit/zoom/CF300CAA0C70616DE6934C4966C13EB3.jpg,2024-09-25T22:59:59.999Z,/product/10-douradinhos-vegetais/5000116102112
25735,10 nuggets peito de frango e queijo,5000116112173,11589,11574,Embalagem de 210g,Capitão Iglo,,"14,38€/Kg","2,99€",https://cdn.intermarche.pt/pt/Content/images/boitmal/produit/zoom/E9A162F74796CC7150848F5AAF7336C9.jpg,2024-09-25T22:59:59.999Z,/product/10-nuggets-peito-de-frango-e-queijo/5000116112173
41895,12 nuggets frango polme americano,5000116125784,11589,11574,Embalagem de 220g,Capitão Iglo,,"13,59€/Kg","2,99€",https://cdn.intermarche.pt/pt/Content/images/boitmal/produit/zoom/4A36D918CE859C1F06A618542B06F111.jpg,2024-09-25T22:59:59.999Z,/product/12-nuggets-frango-polme-americano/5000116125784
51370,50 Nuggets de Frango Queijo,5000116127085,11589,11574,Embalagem de 1.08 kg,Capitão Iglo,,"12,03€/Kg","12,99€",https://cdn.intermarche.pt/pt/Content/images/boitmal/produit/zoom/67354933CE6BC52C4EBC009954CDE957.jpg,2024-09-25T22:59:59.999Z,/product/50-nuggets-de-frango-queijo/5000116127085
23353,18 nuggets de frango,5000116112197,11589,11574,Embalagem de 380g,Capitão Iglo,,"13,31€/Kg","4,99€",https://cdn.intermarche.pt/pt/Content/images/boitmal/produit/zoom/9D484954D4D236D651A8F338A7717B74.jpg,2024-09-25T22:59:59.999Z,/product/18-nuggets-de-frango/5000116112197
15889,10 nuggets de frango com cereais integrais,5000116112180,11589,11574,Embalagem de 208 g,Capitão Iglo,,"14,38€/Kg","2,99€",https://cdn.intermarche.pt/pt/Content/images/boitmal/produit/zoom/33E37BD94FEA9CE794B6269CFF0B46F4.jpg,2024-09-25T22:59:59.999Z,/product/10-nuggets-de-frango-com-cereais-integrais/5000116112180
37990,Caprichos do mar sem glúten,8410063036175,11589,11574,Embalagem de 1 kg,Pescanova,,"6,39€/Kg","6,39€",https://cdn.intermarche.pt/pt/Content/images/boitmal/produit/zoom/C821049F2FB4EBE63582B0B82BB259C5.jpg,2024-10-04T22:59:59.999Z,/product/caprichos-do-mar-sem-gluten/8410063036175
47124,10 Barrinhas salmão panadas sem glúten,8410063072432,11589,11574,300 g,Pescanova,,"9,97€/L","2,99€",https://cdn.intermarche.pt/pt/Content/images/boitmal/produit/zoom/848DB46B1BEDFA0F4B9327212AB84EF4.jpg,2024-10-04T22:59:59.999Z,/product/10-barrinhas-salmao-panadas-sem-gluten/8410063072432
16003,12 douradinhos forníssimo,5000116109630,11589,11574,Embalagem de 300g,Capitão Iglo,,"16,63€/Kg","4,99€",https://cdn.intermarche.pt/pt/Content/images/boitmal/produit/zoom/233E9FC9471A71F1B4977B2D8B4AFE95.jpg,,/product/12-douradinhos-fornissimo/5000116109630
48777,30 panadinhos de peixe,5604260320011,11589,11574,Embalagem de 900 g,PorSi,,"6,66€/Kg","5,99€",https://cdn.intermarche.pt/pt/Content/images/boitmal/produit/zoom/F118411501A77CAE4160A2A981546003.jpg,,/product/30-panadinhos-de-peixe/5604260320011
23206,"Pescada panada em forma de filete, 1 kg",8410063065991,11589,11574,,Pescanova,,"10,59€/Kg","10,59€",https://cdn.intermarche.pt/pt/Content/images/boitmal/produit/zoom/46AEA5887528069260AF2BFEE22D8706.jpg,,/product/pescada-panada-em-forma-de-filete-1-kg/8410063065991
20715,Cordon bleu,5000116110933,11589,11574,Embalagem de 200g,Iglo,,"24,95€/Kg","4,99€",https://cdn.intermarche.pt/pt/Content/images/boitmal/produit/zoom/7465A8A0FFB09495E18B42B355C4B3EB.jpg,,/product/cordon-bleu/5000116110933
20264,Crocantes frango parmesão e ervas,5000116110872,11589,11574,Embalagem de 180g,Iglo,,"27,72€/Kg","4,99€",https://cdn.intermarche.pt/pt/Content/images/boitmal/produit/zoom/D8CF2D65B55930225EB9E80FCB37828C.jpg,,/product/crocantes-frango-parmesao-e-ervas/5000116110872
2740,4 filetes de pescada panados c/ limão,8410063016627,11589,11574,Embalagem de 400g,Pescanova,,"12,48€/Kg","4,99€",https://cdn.intermarche.pt/pt/Content/images/boitmal/produit/zoom/3032EB7CA68A0B391F99FAEA119599B8.jpg,,/product/4-filetes-de-pescada-panados-c-ou-limao/8410063016627
20263,Crocantes de frango original,5000116110889,11589,11574,Embalagem de 180g,Iglo,,"27,72€/Kg","4,99€",https://cdn.intermarche.pt/pt/Content/images/boitmal/produit/zoom/4233EA8D8C7E2BCB4DD87490668F64B2.jpg,,/product/crocantes-de-frango-original/5000116110889
815,"Douradinhos de frango, 10 unidades",5000116106172,11589,11574,Embalagem de 250g,Capitão Iglo,,"27,96€/Kg","6,99€",https://cdn.intermarche.pt/pt/Content/images/boitmal/produit/zoom/F63F8EDC7F7FF2702078ACE6C5ED02AC.jpg,,/product/douradinhos-de-frango-10-unidades/5000116106172
37989,Tiras do mar,8410063071206,11589,11574,Embalagem de 1 kg,Pescanova,,"8,99€/Kg","8,99€",https://cdn.intermarche.pt/pt/Content/images/boitmal/produit/zoom/97461D5C2795A31BF48BD88908FC2105.jpg,,/product/tiras-do-mar/8410063071206
52859,"Peskitos Pescada Panada sem Glúten, 1 kg",8410063094571,11589,11574,,Pescanova,,"8,49€/Kg","8,49€",https://cdn.intermarche.pt/pt/Content/images/boitmal/produit/zoom/B2C445104B16D34C5C1E0BC01B066259.jpg,,/product/peskitos-pescada-panada-sem-gluten-1-kg/8410063094571
6317,30 barrinhas pescada,8410063059297,11589,11574,Embalagem de 900 g,Pescanova,,"12,21€/Kg","10,99€",https://cdn.intermarche.pt/pt/Content/images/boitmal/produit/zoom/6D81D2FDA916D8E47D0BCA80E983F4B0.jpg,,/product/30-barrinhas-pescada/8410063059297
47981,12 douradinhos de peixe sem glúten,5000116126828,11589,11574,Embalagem de 360g,Capitão Iglo,,"19,42€/Kg","6,99€",https://cdn.intermarche.pt/pt/Content/images/boitmal/produit/zoom/63F836AC8ABD1A3C0C099FD95D53DBC2.jpg,,/product/12-douradinhos-de-peixe-sem-gluten/5000116126828
16482,Panados de frango,5604260275892,11589,11574,Embalagem de 500 g,PorSi,,"19,98€/Kg","9,99€",https://cdn.intermarche.pt/pt/Content/images/boitmal/produit/zoom/21F99B9AB171271E3CD0E4D64AA585EB.jpg,,/product/panados-de-frango/5604260275892
14308,2 crocantes frango  recheio alho&ervas 204g,5000116124138,11589,11574,Embalagem de 200g,Iglo,,"24,46€/Kg","4,99€",https://cdn.intermarche.pt/pt/Content/images/boitmal/produit/zoom/327E2C86DAFAD6DB9B0C7D64096CB3A0.jpg,,/product/2-crocantes-frango-recheio-alho&ervas-204g/5000116124138
23472,Filetes primavera limão,5000116111596,11589,11574,Embalagem de 230g,Iglo,,"19,96€/Kg","4,49€",https://cdn.intermarche.pt/pt/Content/images/boitmal/produit/zoom/0AFED3952F245671B04AD072F89A55BC.jpg,,/product/filetes-primavera-limao/5000116111596
809,"Douradinhos de salmão, 10 unidades",5000116102075,11589,11574,Embalagem de 280g,Capitão Iglo,,"24,96€/Kg","6,99€",https://cdn.intermarche.pt/pt/Content/images/boitmal/produit/zoom/94E9D7D87D69DF936F9880FE165277C6.jpg,,/product/douradinhos-de-salmao-10-unidades/5000116102075
16071,Filetes primavera alecrim e sal marinho,5000116109883,11589,11574,Embalagem de 230g,Iglo,,"19,96€/Kg","4,49€",https://cdn.intermarche.pt/pt/Content/images/boitmal/produit/zoom/8B1DC9BFCD5C2A64E7964FFCE764FDBE.jpg,,/product/filetes-primavera-alecrim-e-sal-marinho/5000116109883
28859,Douradinhos estaladiços,5000116123841,11589,11574,Embalagem de 340g,Capitão Iglo,,"17,83€/Kg","5,99€",https://cdn.intermarche.pt/pt/Content/images/boitmal/produit/zoom/EF97EB5D2B8369AA3BAAEE5F538FEA5A.jpg,,/product/douradinhos-estaladicos/5000116123841
32348,Filetes primavera receita original sem glúten 250g,5000116124121,11589,11574,Embalagem de 250g,Iglo,,"14,96€/Kg","3,74€",https://cdn.intermarche.pt/pt/Content/images/boitmal/produit/zoom/EC6E3A9D577C905BA1BE0428C86D2474.jpg,,/product/filetes-primavera-receita-original-sem-gluten-250g/5000116124121
36622,Filetes primavera sementes de quinoa,5000116125128,11589,11574,Embalagem de 250 g,Iglo,,"17,96€/Kg","4,49€",https://cdn.intermarche.pt/pt/Content/images/boitmal/produit/zoom/686775F95E548C6D01039AE8F9C31756.jpg,,/product/filetes-primavera-sementes-de-quinoa/5000116125128
2297,15 panadinhos de peixe,5604260301454,11589,11574,Embalagem de 450 g,PorSi,,"6,64€/Kg","2,99€",https://cdn.intermarche.pt/pt/Content/images/boitmal/produit/zoom/AF01C2C2DCEA59F1F7A47F5D62292D5F.jpg,,/product/15-panadinhos-de-peixe/5604260301454
36780,Nuggets de frango,5604260287451,11589,11574,Embalagem de 360 g,PorSi,,"10,53€/Kg","3,79€",https://cdn.intermarche.pt/pt/Content/images/boitmal/produit/zoom/416A5C9F335568315282DA1ED057BF41.jpg,,/product/nuggets-de-frango/5604260287451
43051,Argolas Romana,5604260308293,11589,11574,Embalagem de 400 g,PorSi,,"4,98€/Kg","1,99€",https://cdn.intermarche.pt/pt/Content/images/boitmal/produit/zoom/3EE6CC0B5770EFBB3FB409E7591826D8.jpg,,/product/argolas-romana/5604260308293
22335,15 douradinhos,5000116110940,11589,11574,Embalagem de 420g,Capitão Iglo,,"14,26€/Kg","5,99€",https://cdn.intermarche.pt/pt/Content/images/boitmal/produit/zoom/A875E63BB10AF2CF300666B64DC69107.jpg,,/product/15-douradinhos/5000116110940
20918,30 douradinhos,5000116110964,11589,11574,Embalagem de 840g,Capitão Iglo,,"16,18€/Kg","13,59€",https://cdn.intermarche.pt/pt/Content/images/boitmal/produit/zoom/AEDD14052902A045272594F0C20ABD33.jpg,,/product/30-douradinhos/5000116110964
43041,Gambão panado,5604260311996,11589,11574,200 g,PorSi Select,,"19,95€/Kg","3,99€",https://cdn.intermarche.pt/pt/Content/images/boitmal/produit/zoom/0CFFD1AF283F144A89022080FFEEA31D.jpg,,/product/gambao-panado/5604260311996
51369,50 douradinhos de peixe ómega-3 iglo,5000116125791,11589,11574,Embalagem de 1.4 kg,Capitão Iglo,,"10,71€/Kg","14,99€",https://cdn.intermarche.pt/pt/Content/images/boitmal/produit/zoom/5F5682F8A5B575F68738EAA2498BE609.jpg,,/product/50-douradinhos-de-peixe-omega-3-iglo/5000116125791
16070,Filetes primavera alho & ervas,5000116109876,11589,11574,Embalagem de 230g,Iglo,,"19,96€/Kg","4,49€",https://cdn.intermarche.pt/pt/Content/images/boitmal/produit/zoom/38C0DFD757CC9897D07964EE8C1B1E0F.jpg,,/product/filetes-primavera-alho-&-ervas/5000116109876
32152,2 Crocantes Frango Recheio Queijo e Fiambre,5000116124145,11589,11574,Embalagem de 200g,Iglo,,"24,46€/Kg","4,99€",https://cdn.intermarche.pt/pt/Content/images/boitmal/produit/zoom/BD0F26AF0ACE30308937CAF709F46A02.jpg,,/product/2-crocantes-frango-recheio-queijo-e-fiambre/5000116124145
2137,"Hamburguers de frango, 4 x 80 g",5604260253845,11587,11574,Embalagem de 320g,PorSi,,"9,34€/Kg","2,99€",https://cdn.intermarche.pt/pt/Content/images/boitmal/produit/zoom/0E9FEE646CDB4574773465E44BB91955.jpg,2024-10-04T22:59:59.999Z,/product/hamburguers-de-frango-4-x-80-g/5604260253845
23231,Hambúrgueres de peru,5604260275861,11587,11574,Embalagem de 4x80g,PorSi,,"9,34€/Kg","2,99€",https://cdn.intermarche.pt/pt/Content/images/boitmal/produit/zoom/6439A3819299BA9DF534DE502A9852B6.jpg,2024-10-04T22:59:59.999Z,/product/hamburgueres-de-peru/5604260275861
46206,Crispy burgers de proteína vegetal,5000116126453,11587,11574,Embalagem de 200g,Iglo green,,"19,95€/Kg","3,99€",https://cdn.intermarche.pt/pt/Content/images/boitmal/produit/zoom/1C00AAC446A20DAEE750E502C129E931.jpg,2024-09-25T22:59:59.999Z,/product/crispy-burgers-de-proteina-vegetal/5000116126453
2138,"Hamburgers de porco, 4x80g",5604260253838,11587,11574,Embalagem de 320 g,PorSi,,"9,34€/Kg","2,99€",https://cdn.intermarche.pt/pt/Content/images/boitmal/produit/zoom/2A1C302E5C18FA2FC002082DE78D3B58.jpg,2024-10-04T22:59:59.999Z,/product/hamburgers-de-porco-4x80g/5604260253838
36700,Almôndegas de bovino,5604260287390,11587,11574,Embalagem de 400 g,PorSi,,"8,73€/Kg","3,49€",https://cdn.intermarche.pt/pt/Content/images/boitmal/produit/zoom/CE99983F9BCE2E5DC10012FFAA19E642.jpg,,/product/almondegas-de-bovino/5604260287390
40551,10 hamburguers 60% carne de bovino,5604260294688,11587,11574,Embalagem de 1 kg,PorSi,,"9,99€/Unidade","9,99€",https://cdn.intermarche.pt/pt/Content/images/boitmal/produit/zoom/3E61E60DBF529470B080406FB772BD2A.jpg,,/product/10-hamburguers-60%25-carne-de-bovino/5604260294688
5956,Hamburguers de bovino,5604260267453,11587,11574,Embalagem de 1 kg,PorSi,,"8,99€/Kg","8,99€",https://cdn.intermarche.pt/pt/Content/images/boitmal/produit/zoom/ADD2847FE99A4BCA479B77071BF85452.jpg,,/product/hamburguers-de-bovino/5604260267453
19046,8 hamburguers s/ glúten frango,5000116110414,11587,11574,Embalagem de 480g,Capitão Iglo,,"31,23€/Kg","14,99€",https://cdn.intermarche.pt/pt/Content/images/boitmal/produit/zoom/1C35A366EB207E26898D1AC0CE188CE6.jpg,,/product/8-hamburguers-s-ou-gluten-frango/5000116110414
17114,4 hamburguers vaca s/ glúten,5000116110148,11587,11574,Embalagem de 320g,Capitão Iglo,,"21,84€/Kg","6,99€",https://cdn.intermarche.pt/pt/Content/images/boitmal/produit/zoom/8E7F8CBEF475C7DF0459EA1D70B35576.jpg,,/product/4-hamburguers-vaca-s-ou-gluten/5000116110148
16484,Arroz de pato,5604260277735,11587,11574,Embalagem de 400g,PorSi,,"9,98€/Kg","3,99€",https://cdn.intermarche.pt/pt/Content/images/boitmal/produit/zoom/28561E1F338DE7C97F66559C3180CCCF.jpg,,/product/arroz-de-pato/5604260277735
42167,6 cheeseburgers,5604260301201,11587,11574,Embalagem de 750g,PorSi,,"9,32€/Kg","6,99€",https://cdn.intermarche.pt/pt/Content/images/boitmal/produit/zoom/BB111A01EFA8511051276DD5224206B2.jpg,,/product/6-cheeseburgers/5604260301201
51234,Empadão de Carne Gratinado,5604260327607,11587,11574,350 g,PorSi,,"8,54€/Kg","2,99€",https://cdn.intermarche.pt/pt/Content/images/boitmal/produit/zoom/D6102E01C009B8315DDD6FC646BF3AC3.jpg,,/product/empadao-de-carne-gratinado/5604260327607
15378,Francesinha,5604260275274,11587,11574,Embalagem de 450G,PorSi,,"15,53€/Kg","6,99€",https://cdn.intermarche.pt/pt/Content/images/boitmal/produit/zoom/974F10E330E88A7213A2A728AB6DF468.jpg,,/product/francesinha/5604260275274
45686,10 Hambúrgueres de porco,5604260312887,11587,11574,Embalagem de 600g,PorSi,,"6,65€/Kg","3,99€",https://cdn.intermarche.pt/pt/Content/images/boitmal/produit/zoom/B3839DDA2F6FC79102C4B416322089CD.jpg,,/product/10-hamburgueres-de-porco/5604260312887
17115,8 hamburguers s/ glúten vaca,5000116110155,11587,11574,Embalagem de 640g,Capitão Iglo,,"23,42€/Kg","14,99€",https://cdn.intermarche.pt/pt/Content/images/boitmal/produit/zoom/51D71CE1CBF4D0AAF556325F4A9852DC.jpg,,/product/8-hamburguers-s-ou-gluten-vaca/5000116110155
36699,"Empadão de carne, 1 kg",5604260296668,11587,11574,,PorSi,,"7,99€/Kg","7,99€",https://cdn.intermarche.pt/pt/Content/images/boitmal/produit/zoom/E1756EE568AC5C1D191AE44D16879E7D.jpg,,/product/empadao-de-carne-1-kg/5604260296668
18180,8 fantasias do mar,5604260273775,11588,11574,Embalagem de 250g,PorSi,,"7,16€/Kg","1,79€",https://cdn.intermarche.pt/pt/Content/images/boitmal/produit/zoom/FB44D34685C05C2591D0CEB61A754794.jpg,,/product/8-fantasias-do-mar/5604260273775
20134,5 rissóis de leitão,5604260280599,11588,11574,Embalagem de 400g,PorSi,,"6,48€/Kg","2,59€",https://cdn.intermarche.pt/pt/Content/images/boitmal/produit/zoom/33397E0EA92F2BEC19CCB0F0B6A29719.jpg,,/product/5-rissois-de-leitao/5604260280599
2317,6 empadas de galinha,5604260272631,11588,11574,Embalagem de 330g,PorSi,,"10,27€/Kg","3,39€",https://cdn.intermarche.pt/pt/Content/images/boitmal/produit/zoom/9705DA970F1C74E85C6FCAE29F072D2C.jpg,,/product/6-empadas-de-galinha/5604260272631
42185,10 croquetes de carne no forno,5604260303663,11588,11574,Embalagem de 320 g,PorSi,,"8,72€/Kg","2,79€",https://cdn.intermarche.pt/pt/Content/images/boitmal/produit/zoom/88CA0812BF91FC9E9A8A281E2AF0F610.jpg,,/product/10-croquetes-de-carne-no-forno/5604260303663
50367,8 rissóis de pescada,5604260326129,11588,11574,Embalagem de 300g,PorSi,,"4,30€/Kg","1,29€",https://cdn.intermarche.pt/pt/Content/images/boitmal/produit/zoom/66808786B3FF6C3E96EF19274B692EA7.jpg,,/product/8-rissois-de-pescada/5604260326129
51410,6 Empadas de vegetais,5604260326822,11588,11574,Embalagem de 330g,PorSi,,"9,06€/Kg","2,99€",https://cdn.intermarche.pt/pt/Content/images/boitmal/produit/zoom/03BA4F330415E978CE86545A70E41CF0.jpg,,/product/6-empadas-de-vegetais/5604260326822
42183,10 pasteis bacalhau forno,5604260303670,11588,11574,Embalagem de 320g,PorSi,,"11,22€/Kg","3,59€",https://cdn.intermarche.pt/pt/Content/images/boitmal/produit/zoom/69AF29CB1DFD11EA4D279BD088F5CD39.jpg,,/product/10-pasteis-bacalhau-forno/5604260303670
34889,10 croquetes de carne,5604260289981,11588,11574,Embalagem de 300 g,PorSi,,"5,30€/Kg","1,59€",https://cdn.intermarche.pt/pt/Content/images/boitmal/produit/zoom/5C69D9E99B8FDAC690E7BAEB237747D5.jpg,,/product/10-croquetes-de-carne/5604260289981
46842,8 Rissóis de camarão no forno,5604260315420,11588,11574,400 g,PorSi,,"7,48€/Kg","2,99€",https://cdn.intermarche.pt/pt/Content/images/boitmal/produit/zoom/9D9F0E303C36E9AAACBD43837D3519A9.jpg,,/product/8-rissois-de-camarao-no-forno/5604260315420
1871,12 pastéis de bacalhau,5604260044054,11588,11574,Embalagem de 300 g,PorSi,,"5,53€/Kg","1,66€",https://cdn.intermarche.pt/pt/Content/images/boitmal/produit/zoom/6BA24FF860FCC9E9ABB90ACC5C6E3389.jpg,,/product/12-pasteis-de-bacalhau/5604260044054
2010,"Mini rissóis de carne, 20 unidades",5604260127320,11588,11574,Embalagem de 300 g,PorSi,,"7,63€/Kg","2,29€",https://cdn.intermarche.pt/pt/Content/images/boitmal/produit/zoom/6C097338C8C7394E49965985FF60BE98.jpg,,/product/mini-rissois-de-carne-20-unidades/5604260127320
43799,Coxinhas de frango,5604260309320,11588,11574,Embalagem de 360g,PorSi,,"9,14€/Kg","3,29€",https://cdn.intermarche.pt/pt/Content/images/boitmal/produit/zoom/F49549E6168C43AC50E06B4FCF791144.jpg,,/product/coxinhas-de-frango/5604260309320
2009,20 mini rissóis de camarão,5604260127313,11588,11574,Embalagem de 300 g,PorSi,,"7,63€/Kg","2,29€",https://cdn.intermarche.pt/pt/Content/images/boitmal/produit/zoom/ACD7B768273B4663A89068C8841BA8DE.jpg,,/product/20-mini-rissois-de-camarao/5604260127313
37929,Pataniscas de bacalhau,5604260290017,11588,11574,Embalagem de 360 g,PorSi,,"7,75€/Kg","2,79€",https://cdn.intermarche.pt/pt/Content/images/boitmal/produit/zoom/CA59698101C6E95347BA3F656D40F3BF.jpg,,/product/pataniscas-de-bacalhau/5604260290017
2012,28 mini bolinhas bacalhau,5604260127344,11588,11574,Embalagem de 300 g,PorSi,,"11,63€/Kg","3,49€",https://cdn.intermarche.pt/pt/Content/images/boitmal/produit/zoom/0C758109F0FEFE1C6DA4B057201EF405.jpg,,/product/28-mini-bolinhas-bacalhau/5604260127344
2330,Folhado de salsicha,5604260273225,11588,11574,Embalagem de 6x60 g,PorSi,,"7,47€/Kg","2,69€",https://cdn.intermarche.pt/pt/Content/images/boitmal/produit/zoom/57715E66D6347E2568E7A602B9909655.jpg,,/product/folhado-de-salsicha/5604260273225
43359,Folhado bacalhau com grelos,5604260312894,11588,11574,Embalagem de 550g,PorSi Select,,"12,71€/Kg","6,99€",https://cdn.intermarche.pt/pt/Content/images/boitmal/produit/zoom/FA7EDB258E2172A98824B6DFB675986A.jpg,,/product/folhado-bacalhau-com-grelos/5604260312894
46604,4 Rissóis de leitão para forno,5604260315413,11588,11574,Embalagem de 340 g,PorSi,,"8,21€/Kg","2,79€",https://cdn.intermarche.pt/pt/Content/images/boitmal/produit/zoom/ECEC4362B69EA6975CF5F8B1BF01ABA5.jpg,,/product/4-rissois-de-leitao-para-forno/5604260315413
34890,16 mini croquetes de carne,5604260289998,11588,11574,Embalagem de 290 g,PorSi,,"8,59€/Kg","2,49€",https://cdn.intermarche.pt/pt/Content/images/boitmal/produit/zoom/6B883718503ABD1DF509ED851C670292.jpg,,/product/16-mini-croquetes-de-carne/5604260289998
49084,8 rissóis de carne,5604260323562,11588,11574,Embalagem de 300g,PorSi,,"4,30€/Kg","1,29€",https://cdn.intermarche.pt/pt/Content/images/boitmal/produit/zoom/217225786E9180EDB8CCAEEA81B08902.jpg,,/product/8-rissois-de-carne/5604260323562
49085,8 rissóis de camarão,5604260323555,11588,11574,Embalagem de 300g,PorSi,,"4,30€/Kg","1,29€",https://cdn.intermarche.pt/pt/Content/images/boitmal/produit/zoom/D126C42EDA26B0D368147D17B093DA22.jpg,,/product/8-rissois-de-camarao/5604260323555
46605,12 Bolinhas de alheira para forno,5604260315444,11588,11574,Embalagem de 300 g,PorSi,,"11,63€/Kg","3,49€",https://cdn.intermarche.pt/pt/Content/images/boitmal/produit/zoom/11FF08180BA0A621FBAEA09571C036F6.jpg,,/product/12-bolinhas-de-alheira-para-forno/5604260315444
46603,8 Rissóis de carne para forno,5604260315437,11588,11574,Embalagem de 336 g,PorSi,,"7,41€/Kg","2,49€",https://cdn.intermarche.pt/pt/Content/images/boitmal/produit/zoom/B4E2347ED971A28F5073274EA79695E6.jpg,,/product/8-rissois-de-carne-para-forno/5604260315437
19147,6 chamucas de carne,5604260278350,11588,11574,Embalagem de 240g,PorSi,,"10,21€/Kg","2,45€",https://cdn.intermarche.pt/pt/Content/images/boitmal/produit/zoom/00FC5D2E7B90A111BB27A66ED4EE3F91.jpg,,/product/6-chamucas-de-carne/5604260278350
19788,Crepes de legumes,5604260279869,11588,11574,Embalagem de 310g,PorSi,,"8,03€/Kg","2,49€",https://cdn.intermarche.pt/pt/Content/images/boitmal/produit/zoom/69E9CE71EB3994B24A25D1A22A2C3D05.jpg,,/product/crepes-de-legumes/5604260279869
9510,"Folhados de carne, 8 unidades",5604260127443,11588,11574,Embalagem de 300 g,PorSi,,"9,97€/Kg","2,99€",https://cdn.intermarche.pt/pt/Content/images/boitmal/produit/zoom/2B67DF2412F98E1C1B149CB782BFDF42.jpg,,/product/folhados-de-carne-8-unidades/5604260127443
48857,Folhado salmão e espinafres,5604260322138,11588,11574,Embalagem de 550g,PorSi Select,,"12,71€/Kg","6,99€",https://cdn.intermarche.pt/pt/Content/images/boitmal/produit/zoom/D4612F14C798EEBEC1666D8B34C96635.jpg,,/product/folhado-salmao-e-espinafres/5604260322138
19123,Pizza de Atum,5604260269624,11584,11574,Embalagem de 350 g,PorSi,,"6,54€/Kg","2,29€",https://cdn.intermarche.pt/pt/Content/images/boitmal/produit/zoom/F14169E8A44932A868E46F1171053E15.jpg,,/product/pizza-de-atum/5604260269624
37695,Pizza marguerita,5604260295913,11584,11574,Embalagem de 2 x 300 g,PorSi,,"4,32€/Kg","2,59€",https://cdn.intermarche.pt/pt/Content/images/boitmal/produit/zoom/FC58B8474868594DD93314B48F0CB9FF.jpg,,/product/pizza-marguerita/5604260295913
5959,Pizza 4 queijos,5604260269631,11584,11574,Embalagem de 345 g,PorSi,,"8,09€/Kg","2,79€",https://cdn.intermarche.pt/pt/Content/images/boitmal/produit/zoom/222E0FC7D222041E214D0A4B3BB23321.jpg,,/product/pizza-4-queijos/5604260269631
9667,Pizza mozzarella,5604260269563,11584,11574,Embalagem de 350g,PorSi,,"6,54€/Kg","2,29€",https://cdn.intermarche.pt/pt/Content/images/boitmal/produit/zoom/60843A5A27FE82B73104A0659F3E0A8E.jpg,,/product/pizza-mozzarella/5604260269563
9668,Pizza romana,5604260269570,11584,11574,Embalagem de 370g,PorSi,,"6,19€/Kg","2,29€",https://cdn.intermarche.pt/pt/Content/images/boitmal/produit/zoom/852492C8D29E82A4D9E136A7D2761B53.jpg,,/product/pizza-romana/5604260269570
45676,9 mini pizzas fiambre e queijo,5604260311842,11584,11574,Embalagem de 270g,PorSi,,"9,59€/Kg","2,59€",https://cdn.intermarche.pt/pt/Content/images/boitmal/produit/zoom/9D0E809F6FA7721E84A5202456359C10.jpg,,/product/9-mini-pizzas-fiambre-e-queijo/5604260311842
5957,Pizza de bolonhesa,5604260269594,11584,11574,Embalagem de 350g,PorSi,,"8,54€/Kg","2,99€",https://cdn.intermarche.pt/pt/Content/images/boitmal/produit/zoom/3D1DB79963F122F55AB9F61575A25F0F.jpg,,/product/pizza-de-bolonhesa/5604260269594
49426,Pizza marguerita pomodori vegan,4001724039655,11584,11574,Embalagem de 340g,Dr. Oetker,,"16,15€/Kg","5,49€",https://cdn.intermarche.pt/pt/Content/images/boitmal/produit/zoom/B9F0A15F27DE01D0C5212ECA229E8606.jpg,,/product/pizza-marguerita-pomodori-vegan/4001724039655
49387,Pizza Ristorante Bolognese,4001724039235,11584,11574,Embalagem de 375g,Dr. Oetker,,"13,31€/Kg","4,99€",https://cdn.intermarche.pt/pt/Content/images/boitmal/produit/zoom/0120253323D6698CBB66949744DED865.jpg,,/product/pizza-ristorante-bolognese/4001724039235
49391,Pizza Ristorante Hawaii,4001724039082,11584,11574,Embalagem de 355g,Dr. Oetker,,"14,06€/Kg","4,99€",https://cdn.intermarche.pt/pt/Content/images/boitmal/produit/zoom/D5E2AD2427AC1A57E8138B5E0315BB6D.jpg,,/product/pizza-ristorante-hawaii/4001724039082
49390,Pizza Ristorante Carbonara,4001724039358,11584,11574,Embalagem de 340g,Dr. Oetker,,"14,68€/Kg","4,99€",https://cdn.intermarche.pt/pt/Content/images/boitmal/produit/zoom/481307989188195D329F3505DB8B8175.jpg,,/product/pizza-ristorante-carbonara/4001724039358
2256,Pizza 4 estações,5604260269600,11584,11574,Embalagem de 350g,PorSi,,"8,54€/Kg","2,99€",https://cdn.intermarche.pt/pt/Content/images/boitmal/produit/zoom/CD9C58D66FF4C7CC4899AFC17ECB799D.jpg,,/product/pizza-4-estacoes/5604260269600
9669,Pizza pepperoni,5604260269587,11584,11574,Embalagem de 340g,PorSi,,"6,74€/Kg","2,29€",https://cdn.intermarche.pt/pt/Content/images/boitmal/produit/zoom/497938CFC2CEF096075FA1112B6E9729.jpg,,/product/pizza-pepperoni/5604260269587
5958,Pizza hawai,5604260269617,11584,11574,Embalagem de 350g,PorSi,,"6,14€/Kg","2,15€",https://cdn.intermarche.pt/pt/Content/images/boitmal/produit/zoom/C8377645B9AFB6EC2F9AB56A1E214C05.jpg,,/product/pizza-hawai/5604260269617
48863,Pizza Royal Di Pedra,5604260321230,11584,11574,Embalagem de 400 g,PorSi,,"8,73€/Kg","3,49€",https://cdn.intermarche.pt/pt/Content/images/boitmal/produit/zoom/F0E527CAF92EF4767645EB8E4CC05713.jpg,,/product/pizza-royal-di-pedra/5604260321230
49386,Pizza Ristorante Pollo,4001724039174,11584,11574,Embalagem de 355g,Dr. Oetker,,"14,06€/Kg","4,99€",https://cdn.intermarche.pt/pt/Content/images/boitmal/produit/zoom/E2F23E8FC22C9D61CDB0DE3DE8EF2E3F.jpg,,/product/pizza-ristorante-pollo/4001724039174
15808,Lasanha bolonhesa,5000116110001,11585,11574,Embalagem de 300g,Iglo,,"9,97€/Kg","2,99€",https://cdn.intermarche.pt/pt/Content/images/boitmal/produit/zoom/306F2CBAEED8270D4F8C890515324AE7.jpg,2024-10-04T22:59:59.999Z,/product/lasanha-bolonhesa/5000116110001
14610,Lasanha à bolonhesa,5604260274116,11585,11574,Embalagem de 500G,PorSi,,"6,98€/Kg","3,49€",https://cdn.intermarche.pt/pt/Content/images/boitmal/produit/zoom/D0488843B3B4E0527AE9DAB525DFA785.jpg,,/product/lasanha-a-bolonhesa/5604260274116
15293,Spaghetti a bolonhesa 350g,8414354410422,11585,11574,Embalagem de 350g,Tuttipasta,,"9,11€/Kg","3,19€",https://cdn.intermarche.pt/pt/Content/images/boitmal/produit/zoom/EB3A5113B7BF49C6773AA31A0A24723E.jpg,,/product/spaghetti-a-bolonhesa-350g/8414354410422
15294,Tagliatelle a carbonara 350g,8414354411344,11585,11574,Embalagem de 350G,Tuttipasta,,"9,11€/Kg","3,19€",https://cdn.intermarche.pt/pt/Content/images/boitmal/produit/zoom/EE35DFBE6B33B4745CE32FA053578228.jpg,,/product/tagliatelle-a-carbonara-350g/8414354411344
816,Bacalhau à brás,5000116106219,11586,11574,Embalagem de 300g,Iglo,,"16,63€/Kg","4,99€",https://cdn.intermarche.pt/pt/Content/images/boitmal/produit/zoom/7A85C477C17A36A7F44D15AC8BFAF728.jpg,2024-10-04T22:59:59.999Z,/product/bacalhau-a-bras/5000116106219
30695,Bacalhau com natas,5604260284245,11586,11574,Embalagem de 380g,PorSi,,"7,08€/Kg","2,69€",https://cdn.intermarche.pt/pt/Content/images/boitmal/produit/zoom/C992DE148162722470E8594D87C77A9F.jpg,,/product/bacalhau-com-natas/5604260284245
16485,Bacalhau a bras,5604260277742,11586,11574,Embalagem de 300g,PorSi,,"8,30€/Kg","2,49€",https://cdn.intermarche.pt/pt/Content/images/boitmal/produit/zoom/F62EEB052444737AC79775F37BD10F7B.jpg,,/product/bacalhau-a-bras/5604260277742
37928,Esparregado de espinafres sem lactose,5604260300631,11586,11574,Embalagem de 360 g,PorSi Viva Bem,,"5,53€/Kg","1,99€",https://cdn.intermarche.pt/pt/Content/images/boitmal/produit/zoom/3BC848FE45B62090BF1B8784687F2057.jpg,,/product/esparregado-de-espinafres-sem-lactose/5604260300631
44765,Prepar arroz marisco sem gluten cv 0.8kg,5606669246152,11586,11574,Embalagem de 800g,Brasmar,,"8,74€/Kg","6,99€",https://cdn.intermarche.pt/pt/Content/images/boitmal/produit/zoom/682000F99E44189A5994A822029F0445.jpg,,/product/prepar-arroz-marisco-sem-gluten-cv-0.8kg/5606669246152
43049,Açorda de camarão,5604260311033,11586,11574,380 g,PorSi Select,,"10,50€/Kg","3,99€",https://cdn.intermarche.pt/pt/Content/images/boitmal/produit/zoom/33C71058D2DBA3C93585950C63CE27A8.jpg,,/product/acorda-de-camarao/5604260311033
41136,Bacalhau à Brás,5604260290987,11586,11574,Embalagem de 1 kg,PorSi,,"8,99€/Kg","8,99€",https://cdn.intermarche.pt/pt/Content/images/boitmal/produit/zoom/FF0628DD08B02DB66A82163766754464.jpg,,/product/bacalhau-a-bras/5604260290987
43052,Lula recheada com carne,5604260309337,11586,11574,Embalagem de 500 g,PorSi,,"17,98€/Kg","8,99€",https://cdn.intermarche.pt/pt/Content/images/boitmal/produit/zoom/2A2ACE25560B746330960E32D24A9ADB.jpg,,/product/lula-recheada-com-carne/5604260309337
3734,"Crepes queijo/fiambre, 6 unidades",3250390025863,11586,11574,Embalagem de 300 g,Claude Léger,,"6,63€/Kg","1,99€",https://cdn.intermarche.pt/pt/Content/images/boitmal/produit/zoom/7A7C99E252671C91D6D457165F65F550.jpg,,/product/crepes-queijo-ou-fiambre-6-unidades/3250390025863
43050,Bacalhau com broa,5604260311040,11586,11574,350 g,PorSi Select,,"11,40€/Kg","3,99€",https://cdn.intermarche.pt/pt/Content/images/boitmal/produit/zoom/43CFECC41FC0DB59C49CC2CF6B8B6093.jpg,,/product/bacalhau-com-broa/5604260311040
43328,Açorda de camarão,5604260309887,11586,11574,Embalagem de 300g,PorSi Select,,"9,97€/Kg","2,99€",https://cdn.intermarche.pt/pt/Content/images/boitmal/produit/zoom/252C31FBFBE92D69FB99CDD452A73EFF.jpg,,/product/acorda-de-camarao/5604260309887
2204,Posta pescada-do-cabo nº 5 para cozer,5604260265060,11576,11572,Embalagem de 800 g,PorSi,,"6,19€/Kg","4,95€",https://cdn.intermarche.pt/pt/Content/images/boitmal/produit/zoom/24CFB4479201683DCC7B4491B84AA98D.jpg,2024-09-25T22:59:59.999Z,/product/posta-pescada-do-cabo-nº-5-para-cozer/5604260265060
13522,Choco Pequeno Congelado,2893514000000,11546,11538,1 un= 200 gr (aprox.),Peixaria,CONG.: 1,"9,49€/Kg","1,90€",https://cdn.intermarche.pt/pt/Content/images/boitmal/produit/zoom/37754AAC1A8B81BA5D21C470572981B5.jpg,2024-09-25T22:59:59.999Z,/product/choco-pequeno-congelado/2893514000000
13529,Pescada do Chile Congelada Nº3,2893521000000,11546,11538,1 un= 1 kg (aprox.),Peixaria,CONG: 21,"8,99€/Kg","8,99€",https://cdn.intermarche.pt/pt/Content/images/boitmal/produit/zoom/40D57D35BBDBDF72027C959F41A6E90C.jpg,2024-09-25T22:59:59.999Z,/product/pescada-do-chile-congelada-nº3/2893521000000
13595,Pescada Pequena da Argentina Congelada,2893590000000,11546,11538,1 un= 1kg (aprox.),Peixaria,CONG:24/,"3,69€/Kg","1,11€",https://cdn.intermarche.pt/pt/Content/images/boitmal/produit/zoom/55D0840C54B4509E0B02B8F93D8A0E14.jpg,2024-09-25T22:59:59.999Z,/product/pescada-pequena-da-argentina-congelada/2893590000000
13599,Red Fish Grande Congelado,2893594000000,11546,11538,1 un = 500 gr (aprox.),Peixaria,CONG: 09,"5,99€/Kg","3,29€",https://cdn.intermarche.pt/pt/Content/images/boitmal/produit/zoom/A3E98972B338DCF46BAA412A17BB9B0C.jpg,2024-09-25T22:59:59.999Z,/product/red-fish-grande-congelado/2893594000000
51240,Supremas de Pescada sem Espinhas,5604260327140,11576,11572,300 g,PorSi Select,,"16,63€/Kg","4,99€",https://cdn.intermarche.pt/pt/Content/images/boitmal/produit/zoom/B77309E37CF7DFF1E796365D78EB6DA9.jpg,2024-09-25T22:59:59.999Z,/product/supremas-de-pescada-sem-espinhas/5604260327140
13523,Lula Congelada,2893515000000,11546,11538,1 un= 250 gr (aprox.),Peixaria,CONG.: 1,"4,99€/Kg","1,25€",https://cdn.intermarche.pt/pt/Content/images/boitmal/produit/zoom/B2B7BBDC4CDC3C912C9CD2FEC6D3B682.jpg,2024-09-25T22:59:59.999Z,/product/lula-congelada/2893515000000
15353,Tentáculos pota,5604260270767,11576,11572,Embalagem de 800G,PorSi,,"6,86€/Kg","5,49€",https://cdn.intermarche.pt/pt/Content/images/boitmal/produit/zoom/D78C45D85CA71C2035AE1E10072AC656.jpg,,/product/tentaculos-pota/5604260270767
37933,Medalhões de pescada,5604260290338,11576,11572,Embalagem de 400 g,PorSi,,"9,98€/Kg","3,99€",https://cdn.intermarche.pt/pt/Content/images/boitmal/produit/zoom/C59685199B466AAB358DB4B3112CC2C6.jpg,,/product/medalhoes-de-pescada/5604260290338
43343,Lombos de salmão,5604260307821,11576,11572,Embalagem de 500g,PorSi,,"29,98€/Kg","14,99€",https://cdn.intermarche.pt/pt/Content/images/boitmal/produit/zoom/E15449668B096E123098981CAA5ED783.jpg,,/product/lombos-de-salmao/5604260307821
13552,Pescada do Pacífico,2893546000000,11546,11538,"Congelada de 1 a 1,5 kg",Peixaria,,"4,99€/Kg","4,99€",https://cdn.intermarche.pt/pt/Content/images/boitmal/produit/zoom/9338753B1C4ABFCE07E8B8D915DEBC97.jpg,,/product/pescada-do-pacifico/2893546000000
13577,Pota Inteira Congelada,2893572000000,11546,11538,1 un= 200 gr (aprox.),Peixaria,CONG.: 2,"5,99€/Kg","1,20€",https://cdn.intermarche.pt/pt/Content/images/boitmal/produit/zoom/B2D6321EA80C5271A6C9DE3162C36D95.jpg,,/product/pota-inteira-congelada/2893572000000
13600,Pescada da África do Sul Congelada,2893595000000,11546,11538,Pescado no mar,Peixaria,CONG.: 0,"4,99€/Kg","5,99€",https://cdn.intermarche.pt/pt/Content/images/boitmal/produit/zoom/E9AD5276431B4DE5F454F50385DC97F6.jpg,,/product/pescada-da-africa-do-sul-congelada/2893595000000
15168,Posta de Perca-do-Nilo Congelada,2927299000000,11546,11538,Vendido ao peso,PorSi,,"10,99€/Kg","4,40€",https://cdn.intermarche.pt/pt/Content/images/boitmal/produit/zoom/07248061BE63012F69F41EE54B6C54BA.jpg,,/product/posta-de-perca-do-nilo-congelada/2927299000000
49887,Lombos de salmão,5604260324248,11576,11572,Embalagem de 300g,PorSi,,"26,63€/Kg","7,99€",https://cdn.intermarche.pt/pt/Content/images/boitmal/produit/zoom/AA9AC35D304A1F87C2BCF1AD22037C97.jpg,,/product/lombos-de-salmao/5604260324248
50273,Salmão à Posta Congelado,2912820000000,11546,11538,Higienizado Congelado,PorSi,,"12,99€/Kg","6,50€",https://cdn.intermarche.pt/pt/Content/images/boitmal/produit/zoom/EA36CBC5B936840FEAB82D7DA5D7A2FC.jpg,,/product/salmao-a-posta-congelado/2912820000000
51238,Filetes de Robalo sem Espinhas,5604260327133,11576,11572,300 g,PorSi Select,,"23,30€/Kg","6,99€",https://cdn.intermarche.pt/pt/Content/images/boitmal/produit/zoom/1D3DBD04BB8399EFB88B8DC6ABD4ECA8.jpg,,/product/filetes-de-robalo-sem-espinhas/5604260327133
37773,Choco limpo 20/40,5604260290352,11576,11572,Embalagem de 800 g,PorSi,,"12,49€/Kg","9,99€",https://cdn.intermarche.pt/pt/Content/images/boitmal/produit/zoom/A7B2CB43C8E640D590CB927CB7A41696.jpg,,/product/choco-limpo-20-ou-40/5604260290352
51401,Lula limpa 20/40,5604260326556,11576,11572,Embalagem de 800g,PorSi,,"9,99€/Kg","7,99€",https://cdn.intermarche.pt/pt/Content/images/boitmal/produit/zoom/3968143EF3A7799A91655E8338D911BB.jpg,,/product/lula-limpa-20-ou-40/5604260326556
13602,Pescada Média Argentina Congelada,2893597000000,11546,11538,+ de 500 g,Peixaria,CONG.: 2,"3,99€/Kg","2,00€",https://cdn.intermarche.pt/pt/Content/images/boitmal/produit/zoom/0B666403B9A0F93B2C5A3F28805283FC.jpg,,/product/pescada-media-argentina-congelada/2893597000000
48145,Filete peixe-gato-riscado,5604260310517,11576,11572,Embalagem de 500 g,PorSi,,"11,98€/Kg","5,99€",https://cdn.intermarche.pt/pt/Content/images/boitmal/produit/zoom/F100A73C00CA09CC939478B34A99A4B4.jpg,,/product/filete-peixe-gato-riscado/5604260310517
13537,Sardinha Congelada,2893529000000,11546,11538,1 un = 250 gr  (aprox.),Peixaria,CONG: 24,"2,99€/Kg","0,75€",https://cdn.intermarche.pt/pt/Content/images/boitmal/produit/zoom/20CBBBB0702ADDE0888E404D1EC78925.jpg,,/product/sardinha-congelada/2893529000000
46721,Sardinhas,5604260315482,11576,11572,embalagem com 1 kg,PorSi,,"4,99€/Kg","4,99€",https://cdn.intermarche.pt/pt/Content/images/boitmal/produit/zoom/AB9F3F4C4734FBC986AD959B91E884CC.jpg,,/product/sardinhas/5604260315482
13521,Pescada congelada 350-450 g,2893513000000,11546,11538,Peixe de aquacultura,Peixaria,CONG.: 2,"3,59€/Kg","1,26€",https://cdn.intermarche.pt/pt/Content/images/boitmal/produit/zoom/22F3B24F720E80E5292E5ED176EAD86C.jpg,,/product/pescada-congelada-350-450-g/2893513000000
14601,Pedaços de tamboril,5604260272426,11576,11572,Embalagem de 500G,PorSi,,"8,58€/Kg","4,29€",https://cdn.intermarche.pt/pt/Content/images/boitmal/produit/zoom/49949EECB062383DE76A9D0B3F1D39A7.jpg,,/product/pedacos-de-tamboril/5604260272426
1611,Cubos de tamboril,5601736901293,11576,11572,Embalagem de 250 g,Mar Ibérica,,"19,96€/Kg","4,99€",https://cdn.intermarche.pt/pt/Content/images/boitmal/produit/zoom/ADE0A7308AF4F0968546D8E688F24A02.jpg,,/product/cubos-de-tamboril/5601736901293
18697,Choco limpo congelado,2914783000000,11546,11538,Vendido ao peso a partir de 200 g (aprox.),PorSi,,"11,99€/Kg","2,40€",https://cdn.intermarche.pt/pt/Content/images/boitmal/produit/zoom/8BD081D4EF033A1813AA1955B29978CC.jpg,,/product/choco-limpo-congelado/2914783000000
2153,Polvo limpo,5604260258604,11576,11572,Embalagem de 1 kg,PorSi,,"10,99€/Kg","10,99€",https://cdn.intermarche.pt/pt/Content/images/boitmal/produit/zoom/A061668B7DC9CFFAC7E6F4FB6B5C1042.jpg,,/product/polvo-limpo/5604260258604
48128,Posta de Cação Congelado,2904751000000,11546,11538,Vendido ao peso a partir de 200 g (aprox.),PorSi,,"8,99€/Kg","1,80€",https://cdn.intermarche.pt/pt/Content/images/boitmal/produit/zoom/044D116CAF28B91D0E2776A766426F54.jpg,,/product/posta-de-cacao-congelado/2904751000000
51566,"Posta tintureira, 500g",5604260326358,11576,11572,,PorSi,,"6,98€/Kg","3,49€",https://cdn.intermarche.pt/pt/Content/images/boitmal/produit/zoom/02587733736CC2790BB2C095117DD7CB.jpg,,/product/posta-tintureira-500g/5604260326358
42199,Filete peixe gato riscado higienizado congelado,2907677000000,11546,11538,Vendido ao peso,Peixaria,,"6,99€/Kg","3,50€",https://cdn.intermarche.pt/pt/Content/images/boitmal/produit/zoom/4EEF7B04E92C9160F6406F369D8F7A7B.jpg,,/product/filete-peixe-gato-riscado-higienizado-congelado/2907677000000
48871,Posta de Abrótea Congelada,2927297000000,11546,11538,Vendido ao peso a partir de 200 g (aprox.),PorSi,,"8,99€/Kg","1,80€",https://cdn.intermarche.pt/pt/Content/images/boitmal/produit/zoom/B9329C3AFFBB92E52056EA9126342283.jpg,,/product/posta-de-abrotea-congelada/2927297000000
13630,Maruca,2893625000000,11546,11538,Congelada,Nossa Seleção,CONG: 06,"9,99€/Kg","19,98€",https://cdn.intermarche.pt/pt/Content/images/boitmal/produit/zoom/695B6905D99FA9EA5644E4AEF4E924ED.jpg,,/product/maruca/2893625000000
27483,Mista de Peixe,5606410001450,11576,11572,Embalagem de 1kg,Abrancongelados,,"3,99€/Kg","3,99€",https://cdn.intermarche.pt/pt/Content/images/boitmal/produit/zoom/B009C96D70BE74881F06F4312CF24456.jpg,,/product/mista-de-peixe/5606410001450
48141,Pescada do Chile Congelada e Higienizada,2927304000000,11546,11538,Posta p/ Cozer Higienizada Congelada,PorSi,,"11,99€/Kg","3,00€",https://cdn.intermarche.pt/pt/Content/images/boitmal/produit/zoom/E72FB86E2BD4D1391AA0BAB5C0CE29A7.jpg,,/product/pescada-do-chile-congelada-e-higienizada/2927304000000
34883,Polvo congelado,2902992000000,11546,11538,peso variável de 3 a 4 kg,PorSi,,"16,49€/Kg","49,47€",https://cdn.intermarche.pt/pt/Content/images/boitmal/produit/zoom/73CA4855B59D0DC70CD9F05EA1542505.jpg,,/product/polvo-congelado/2902992000000
13608,Espadilha congelada,2893603000000,11546,11538,Pescado no mar,Peixaria,LOTE:180,"3,49€/Kg","0,52€",https://cdn.intermarche.pt/pt/Content/images/boitmal/produit/zoom/B03B0A906359C14EC473279EAEE8952E.jpg,,/product/espadilha-congelada/2893603000000
15166,Polvo Inteiro Limpo Congelado,2702994000000,11546,11538,De 1 a 2 kg Higienizado Congelado,PorSi,,"12,99€/Kg","15,59€",https://cdn.intermarche.pt/pt/Content/images/boitmal/produit/zoom/9E48945FC3DD18F5FD811A52514CC437.jpg,,/product/polvo-inteiro-limpo-congelado/2702994000000
47677,Polvo Higienizado Congelado,2902993000000,11546,11538,De 2 a 3 kg,PorSi,,"15,49€/Kg","30,98€",https://cdn.intermarche.pt/pt/Content/images/boitmal/produit/zoom/9414F8A605B02BB08D1983E41AB809BD.jpg,,/product/polvo-higienizado-congelado/2902993000000
49548,Polvo Sem Vísceras Congelado,2927357000000,11546,11538,Vendido ao peso,PorSi,,"15,99€/Kg","31,98€",https://cdn.intermarche.pt/pt/Content/images/boitmal/produit/zoom/C95FA07F0A380808BA7EE7D4A5BD8DCB.jpg,,/product/polvo-sem-visceras-congelado/2927357000000
15162,Lombo de Bacalhau Congelado e Higienizado,2942700000000,11545,11538,"Vendido ao peso, 1 un  = 300 gr (aprox.)",PorSi,,"14,99€/Kg","4,50€",https://cdn.intermarche.pt/pt/Content/images/boitmal/produit/zoom/E0380226A99E3513956AC3E0819102F8.jpg,,/product/lombo-de-bacalhau-congelado-e-higienizado/2942700000000
15163,Bacalhau Posta Congelada e Higienizada,2993817000000,11545,11538,Vendido ao peso a partir de 350 g,PorSi,,"12,79€/Kg","4,48€",https://cdn.intermarche.pt/pt/Content/images/boitmal/produit/zoom/A5B3C129CB022361ABEB7E8C8039014B.jpg,,/product/bacalhau-posta-congelada-e-higienizada/2993817000000
2290,Bacalhau desfiado,5604260270309,11578,11572,Embalagem de 500g,PorSi,,"9,98€/Kg","4,99€",https://cdn.intermarche.pt/pt/Content/images/boitmal/produit/zoom/20D00827CECD4CDE8D26CB0F2F0173F2.jpg,,/product/bacalhau-desfiado/5604260270309
2206,Bacalhau em lombos,5604260265084,11578,11572,Embalagem de 800g,PorSi,,"16,24€/Kg","12,99€",https://cdn.intermarche.pt/pt/Content/images/boitmal/produit/zoom/3A39DBFB4F8A5BABDA8F378C8D2032E7.jpg,,/product/bacalhau-em-lombos/5604260265084
2306,Bacalhau posta média,5604260271672,11578,11572,Embalagem de 800g,PorSi,,"11,24€/Kg","8,99€",https://cdn.intermarche.pt/pt/Content/images/boitmal/produit/zoom/46A5E7A7E6BD0748CBF480302ABE9AAC.jpg,,/product/bacalhau-posta-media/5604260271672
2291,Caldeirada de bacalhau,5604260270316,11578,11572,Embalagem de 1 kg,PorSi,,"4,79€/Kg","4,79€",https://cdn.intermarche.pt/pt/Content/images/boitmal/produit/zoom/AC11ABC727C6B5C1E83C65B5DE4344FC.jpg,,/product/caldeirada-de-bacalhau/5604260270316
15350,Bacalhau posta asa branca,5604260266890,11578,11572,Embalagem de 800G,PorSi,,"14,99€/Kg","11,99€",https://cdn.intermarche.pt/pt/Content/images/boitmal/produit/zoom/B1D3771989054E9BEE2D1EC7EEFBD15D.jpg,,/product/bacalhau-posta-asa-branca/5604260266890
42158,Bacalhau lombos,5604260308248,11578,11572,Embalagem de 1.5 kg,PorSi,,"17,99€/Kg","26,99€",https://cdn.intermarche.pt/pt/Content/images/boitmal/produit/zoom/220D4568F248B445B54B85A899B783E8.jpg,,/product/bacalhau-lombos/5604260308248
37987,Lombos de bacalhau 4 meses de cura,5601809011539,11578,11572,Embalagem de 550 g,Riberalves,,"23,62€/Kg","12,99€",https://cdn.intermarche.pt/pt/Content/images/boitmal/produit/zoom/2291F4E21CB67C219B35D2AA6ACCF056.jpg,,/product/lombos-de-bacalhau-4-meses-de-cura/5601809011539
13555,Caras de Bacalhau Congeladas,2893549000000,11545,11538,"Vendido ao peso, 1 un = 500g (aprox.)",Peixaria,CONG:11/,"5,59€/Kg","2,80€",https://cdn.intermarche.pt/pt/Content/images/boitmal/produit/zoom/2B829CF1032DEFD9A684FD98B7006160.jpg,,/product/caras-de-bacalhau-congeladas/2893549000000
37988,Postas de bacalhau tradicional 4 meses de cura,5601809012642,11578,11572,Embalagem de 750 g,Riberalves,,"21,32€/Kg","15,99€",https://cdn.intermarche.pt/pt/Content/images/boitmal/produit/zoom/CEB078E259D8CBF96E0DEF9FB2951748.jpg,,/product/postas-de-bacalhau-tradicional-4-meses-de-cura/5601809012642
52149,Ovas de Bacalhau,5604260326365,11578,11572,Embalagem de 500g,PorSi,,"15,98€/Kg","7,99€",https://cdn.intermarche.pt/pt/Content/images/boitmal/produit/zoom/FE986137B8C01C4F4039E6DC77439734.jpg,,/product/ovas-de-bacalhau/5604260326365
16651,Bacalhau postas,5601809350669,11578,11572,Embalagem de 1 kg,Riberalves,,"8,99€/Kg","8,99€",https://cdn.intermarche.pt/pt/Content/images/boitmal/produit/zoom/65E3E51D46E36962433408DEA02FC07F.jpg,,/product/bacalhau-postas/5601809350669
13585,Gambão Congelado 20/30,2893580000000,11547,11538,Vendido a partir de 250 (aprox.),Marisco,CONG.15/,"8,99€/Kg","2,25€",https://cdn.intermarche.pt/pt/Content/images/boitmal/produit/zoom/4D0BD52A2A6DCE6EE965D391A979212D.jpg,2024-09-25T22:59:59.999Z,/product/gambao-congelado-20-ou-30/2893580000000
14722,Camarão vannamei 24/40,8410063045917,11577,11572,Embalagem de 800g,Pescanova,,"12,49€/Kg","9,99€",https://cdn.intermarche.pt/pt/Content/images/boitmal/produit/zoom/815643BC9E764D97D66191EFE1146B1B.jpg,2024-10-04T22:59:59.999Z,/product/camarao-vannamei-24-ou-40/8410063045917
2749,Miolo de camarão 80/100,8410063046532,11577,11572,Embalagem de 350g,Pescanova,,"19,97€/Kg","6,99€",https://cdn.intermarche.pt/pt/Content/images/boitmal/produit/zoom/B1D2AEF816246B4D1E4F3A2363606A04.jpg,2024-09-25T22:59:59.999Z,/product/miolo-de-camarao-80-ou-100/8410063046532
13048,Ameijoa Branca Vietnamita Congelada,2893561000000,11547,11538,Vendido a partir de 250 gr  (aprox.),Marisco,CONG. 22,"1,99€/Kg","0,50€",https://cdn.intermarche.pt/pt/Content/images/boitmal/produit/zoom/87AAE93BFC6F911123DE0600840801E2.jpg,2024-09-25T22:59:59.999Z,/product/ameijoa-branca-vietnamita-congelada/2893561000000
13566,Camarão Congelado 20/30,2893560000000,11547,11538,1 un = 250 gr  (aprox.),Congelado de Aquicultura,CONG.: 0,"8,99€/Kg","2,25€",https://cdn.intermarche.pt/pt/Content/images/boitmal/produit/zoom/863DB9F10BE616A55736AB7A17BC6BB5.jpg,2024-09-25T22:59:59.999Z,/product/camarao-congelado-20-ou-30/2893560000000
13541,Camarão Congelado 60/80,2893533000000,11547,11538,1 un = 250 gr  (aprox.),Congelado de Aquicultura,CONG.: 0,"6,99€/Kg","1,75€",https://cdn.intermarche.pt/pt/Content/images/boitmal/produit/zoom/29A2DFA509FFDAFCD18E7F308BD753B4.jpg,2024-09-25T22:59:59.999Z,/product/camarao-congelado-60-ou-80/2893533000000
6315,Camarão moçambique 48/64,8410063055923,11577,11572,Embalagem de 800g,Pescanova,,"19,99€/Kg","15,99€",https://cdn.intermarche.pt/pt/Content/images/boitmal/produit/zoom/01BFFA30A3AA2EC1DAD9EEC714FDF562.jpg,2024-09-25T22:59:59.999Z,/product/camarao-mocambique-48-ou-64/8410063055923
14723,Camarao vannamei 40/48,8410063045139,11577,11572,Embalagem de 800G,Pescanova,,"10,86€/Kg","8,69€",https://cdn.intermarche.pt/pt/Content/images/boitmal/produit/zoom/86FF4AA7A72B23A42C93B1A98520DED6.jpg,2024-10-04T22:59:59.999Z,/product/camarao-vannamei-40-ou-48/8410063045139
15566,Miolo camarao gig.15/30 250g,8410063056180,11577,11572,Embalagem de 250 g,Pescanova,,"31,16€/Kg","7,79€",https://cdn.intermarche.pt/pt/Content/images/boitmal/produit/zoom/2C11C7955D9F286C3884E36B63363071.jpg,2024-09-25T22:59:59.999Z,/product/miolo-camarao-gig.15-ou-30-250g/8410063056180
49539,Miolo camarão 40/60,5604260310494,11577,11572,Embalagem de 200g,PorSi,,"19,95€/Kg","3,99€",https://cdn.intermarche.pt/pt/Content/images/boitmal/produit/zoom/5591636C169899041F4A940803EEFFB5.jpg,,/product/miolo-camarao-40-ou-60/5604260310494
2143,Cocktail de marisco,5604260256655,11577,11572,Embalagem de 400 g,PorSi,,"9,98€/Kg","3,99€",https://cdn.intermarche.pt/pt/Content/images/boitmal/produit/zoom/425F15A552AA2A02D41FB46F282EFC15.jpg,,/product/cocktail-de-marisco/5604260256655
13567,Ameijoa Castanha Vietnamita Congelada,2893562000000,11547,11538,Venda ao Kilo,Marisco,CONG:05/,"3,49€/Kg","0,87€",https://cdn.intermarche.pt/pt/Content/images/boitmal/produit/zoom/33CC3279E2741F227440A7AFDC3AEEF9.jpg,,/product/ameijoa-castanha-vietnamita-congelada/2893562000000
2251,Princesas do mar,5604260267774,11577,11572,Embalagem de 255 g,PorSi,,"9,76€/Kg","2,49€",https://cdn.intermarche.pt/pt/Content/images/boitmal/produit/zoom/F71AA41C930284F992E8AAFC885482C9.jpg,,/product/princesas-do-mar/5604260267774
40522,Miolo de ameijoa,5604260290321,11577,11572,Embalagem de 250 g,PorSi,,"11,96€/Kg","2,99€",https://cdn.intermarche.pt/pt/Content/images/boitmal/produit/zoom/2434ED4F78C520E2AE657593FC6B9BBB.jpg,,/product/miolo-de-ameijoa/5604260290321
2738,"Muslitos do mar, 250 g",8410063015927,11577,11572,,Pescanova,,"11,16€/Kg","2,79€",https://cdn.intermarche.pt/pt/Content/images/boitmal/produit/zoom/86EB1198611F2075AEB55143E6235189.jpg,,/product/muslitos-do-mar-250-g/8410063015927
45699,Miolo berbigão,5604260313921,11577,11572,Embalagem de 250g,PorSi,,"27,96€/Kg","6,99€",https://cdn.intermarche.pt/pt/Content/images/boitmal/produit/zoom/7EFB056B825B2D569CEA2421110171CE.jpg,,/product/miolo-berbigao/5604260313921
13551,Camarão Congelado 40/60,2893545000000,11547,11538,1 un = 250 gr  (aprox.),Congelado de Aquicultura,CONG.: 3,"10,99€/Kg","2,75€",https://cdn.intermarche.pt/pt/Content/images/boitmal/produit/zoom/72C3FD55BAB0CCCDCC2D655DFCED036D.jpg,,/product/camarao-congelado-40-ou-60/2893545000000
19399,Gamba Rosa Moçambique,5604260295388,11577,11572,Embalagem de 800 g,PorSi,,"12,49€/Kg","9,99€",https://cdn.intermarche.pt/pt/Content/images/boitmal/produit/zoom/6860278325B5B0379FC091168E76DBB1.jpg,,/product/gamba-rosa-mocambique/5604260295388
2371,Salada de Marisco,5606669134145,11577,11572,Embalagem de 700 g,Amarras,,"9,99€/Kg","6,99€",https://cdn.intermarche.pt/pt/Content/images/boitmal/produit/zoom/A2A27F0612D1F33E16CF1DA24C501D7C.jpg,,/product/salada-de-marisco/5606669134145
51241,"Miolo de Vieira-Do-Perú com Coral, 300 g",5604260327157,11577,11572,,PorSi Select,,"26,63€/Kg","7,99€",https://cdn.intermarche.pt/pt/Content/images/boitmal/produit/zoom/F3BE3B6A8D701524D3F1B45A1317CADB.jpg,,/product/miolo-de-vieira-do-peru-com-coral-300-g/5604260327157
16621,Sapateira cozida,5606410000705,11577,11572,Embalagem de 1 unidades,Abrancongelados,,"11,99€/Unidade","11,99€",https://cdn.intermarche.pt/pt/Content/images/boitmal/produit/zoom/2958A87A5021FDA5BEBD47AE377020EC.jpg,,/product/sapateira-cozida/5606410000705
42698,Camarão vannamei 60/80,5604260295401,11577,11572,Embalagem de 800G,PorSi,,"9,99€/Kg","7,99€",https://cdn.intermarche.pt/pt/Content/images/boitmal/produit/zoom/2C96400AE0A50908AE2D5C44F703212B.jpg,,/product/camarao-vannamei-60-ou-80/5604260295401
52145,Miolo de Mexilhão,5604260326372,11577,11572,Embalagem de 250g,PorSi,,"7,16€/Kg","1,79€",https://cdn.intermarche.pt/pt/Content/images/boitmal/produit/zoom/7339A2245E894EFB3D1D94BFDD873549.jpg,,/product/miolo-de-mexilhao/5604260326372
13609,Camarão tigre 10/15 Congelado,2893604000000,11547,11538,Vendido ao peso,Nossa Seleção,CONG.: 1,"29,99€/Kg","15,00€",https://cdn.intermarche.pt/pt/Content/images/boitmal/produit/zoom/19378E26D71FD78C14F8D967367F0951.jpg,,/product/camarao-tigre-10-ou-15-congelado/2893604000000
22320,Salada de Marisco,5606669092100,11577,11572,Embalagem de 700 g,Brasmar,,"10,84€/Kg","7,59€",https://cdn.intermarche.pt/pt/Content/images/boitmal/produit/zoom/210A9BC710FE112AFFEC4E1866065BE7.jpg,,/product/salada-de-marisco/5606669092100
36740,"Camarão moçambique 30/40, 800 g",5604260294329,11577,11572,,PorSi,,"31,24€/Kg","24,99€",https://cdn.intermarche.pt/pt/Content/images/boitmal/produit/zoom/A0B3FFEFBDBEB6A6DDD5726D68AC5CA3.jpg,,/product/camarao-mocambique-30-ou-40-800-g/5604260294329
36741,"Camarão moçambique 60/80, 800 g",5604260294336,11577,11572,,PorSi,,"18,74€/Kg","14,99€",https://cdn.intermarche.pt/pt/Content/images/boitmal/produit/zoom/293DF5A4D0E3A207F54FD8457AC7BD5E.jpg,,/product/camarao-mocambique-60-ou-80-800-g/5604260294336
42837,Mariscada,5604260301645,11577,11572,Embalagem de 800g,PorSi,,"8,11€/Kg","6,49€",https://cdn.intermarche.pt/pt/Content/images/boitmal/produit/zoom/D8784023A4EBA66264669602528FE456.jpg,,/product/mariscada/5604260301645
43044,Morangos 100% Naturais,5604260306664,11579,11573,Embalagem de 750 g,PorSi,,"3,99€/Kg","2,99€",https://cdn.intermarche.pt/pt/Content/images/boitmal/produit/zoom/4DCCDEACA32CA14FFE7B7ECE906C0E60.jpg,,/product/morangos-100%25-naturais/5604260306664
47671,Mix de Frutas para Smoothie,5604260315475,11579,11573,Embalagem de 450 g,PorSi,,"7,98€/Kg","3,59€",https://cdn.intermarche.pt/pt/Content/images/boitmal/produit/zoom/0A0814D093AAC12F99F2556AB1347540.jpg,,/product/mix-de-frutas-para-smoothie/5604260315475
43719,Mistura de frutos exóticos,5604260312313,11579,11573,Embalagem de 450 g,PorSi,,"6,64€/Kg","2,99€",https://cdn.intermarche.pt/pt/Content/images/boitmal/produit/zoom/26795CC8E2D5FF850B22162226D87E77.jpg,,/product/mistura-de-frutos-exoticos/5604260312313
14238,Castanhas,5604260269501,11579,11573,Embalagem de 500G,PorSi,,"9,98€/Kg","4,99€",https://cdn.intermarche.pt/pt/Content/images/boitmal/produit/zoom/47A86F1B859938C4ED94C7C9535B8C8E.jpg,,/product/castanhas/5604260269501
44419,Frutos vermelhos,5604260312306,11579,11573,Embalagem de 750 g,PorSi,,"4,65€/Kg","3,49€",https://cdn.intermarche.pt/pt/Content/images/boitmal/produit/zoom/7E291FC1B1780ED8F1FD21ECB82D5E2A.jpg,,/product/frutos-vermelhos/5604260312306
43046,Mirtilos 100% Naturais,5604260306695,11579,11573,Embalagem de 250 g,PorSi,,"7,96€/Kg","1,99€",https://cdn.intermarche.pt/pt/Content/images/boitmal/produit/zoom/EFA0FE55D0959B29E082366EB111DC28.jpg,,/product/mirtilos-100%25-naturais/5604260306695
44420,Alho picado,5604260305841,11579,11573,Embalagem de 100 g,PorSi,,"11,90€/Kg","1,19€",https://cdn.intermarche.pt/pt/Content/images/boitmal/produit/zoom/D7EC7D34E2CEF8B0828F8EA6EEF43E21.jpg,,/product/alho-picado/5604260305841
5818,Macedonia de legumes,5604260063765,11580,11573,Embalagem de 1 kg,PorSi,,"1,89€/Kg","1,89€",https://cdn.intermarche.pt/pt/Content/images/boitmal/produit/zoom/FB7C912619E696B4A0C61F64E6787D35.jpg,2024-10-04T22:59:59.999Z,/product/macedonia-de-legumes/5604260063765
14301,Ervilhas,5000116105199,11580,11573,"Embalagem de 1,125 kg",Iglo,,"3,97€/Kg","4,49€",https://cdn.intermarche.pt/pt/Content/images/boitmal/produit/zoom/221C07C2BE6462BC315B0F95648ACC3A.jpg,2024-09-25T22:59:59.999Z,/product/ervilhas/5000116105199
16567,Esparregado de espinafres,5000116110070,11580,11573,Embalagem de 750g,Iglo,,"4,65€/Kg","3,49€",https://cdn.intermarche.pt/pt/Content/images/boitmal/produit/zoom/86D3F3D2313F56668D62EB7FF71C326B.jpg,2024-09-25T22:59:59.999Z,/product/esparregado-de-espinafres/5000116110070
16642,Favas,5000116109982,11580,11573,Embalagem de 700g,Iglo,,"4,27€/Kg","2,99€",https://cdn.intermarche.pt/pt/Content/images/boitmal/produit/zoom/76340C40D2F5FD6D0A355D8C739DF8C8.jpg,2024-09-25T22:59:59.999Z,/product/favas/5000116109982
15687,Ervilhas,5000116109234,11580,11573,Embalagem de 700g,Iglo,,"4,26€/Kg","2,98€",https://cdn.intermarche.pt/pt/Content/images/boitmal/produit/zoom/71AD6BFBFF464D2A1A4DF7364A6C0B7A.jpg,2024-09-25T22:59:59.999Z,/product/ervilhas/5000116109234
4687,Ervilhas,5000116105212,11580,11573,Embalagem de 375 g,Iglo,,"4,51€/Kg","1,69€",https://cdn.intermarche.pt/pt/Content/images/boitmal/produit/zoom/AB2CFAA543F3CFC918196092BD0A768E.jpg,2024-09-25T22:59:59.999Z,/product/ervilhas/5000116105212
14302,Ervilhas primavera 500g,5000116109104,11580,11573,Embalagem de 500g,Iglo,,"5,96€/Kg","2,98€",https://cdn.intermarche.pt/pt/Content/images/boitmal/produit/zoom/968C198CD23F58D9939A7A873B40369E.jpg,2024-09-25T22:59:59.999Z,/product/ervilhas-primavera-500g/5000116109104
30712,Ervilhas primavera,5000116124152,11580,11573,Embalagem de 800g,Iglo,,"5,60€/Kg","4,48€",https://cdn.intermarche.pt/pt/Content/images/boitmal/produit/zoom/627E26960248B49886F445CA0B3B681E.jpg,2024-09-25T22:59:59.999Z,/product/ervilhas-primavera/5000116124152
37730,Jardineira,5604260296576,11580,11573,Embalagem de 750 g,PorSi,,"1,19€/Kg","0,89€",https://cdn.intermarche.pt/pt/Content/images/boitmal/produit/zoom/2256481EDECA9497CFB695C655028033.jpg,,/product/jardineira/5604260296576
5821,Brócolos congelados,5604260063819,11580,11573,Embalagem de 1 kg,PorSi,,"1,85€/Kg","1,85€",https://cdn.intermarche.pt/pt/Content/images/boitmal/produit/zoom/4EDD1DDDA0BC563E7CB6CA3FB36EB0EA.jpg,,/product/brocolos-congelados/5604260063819
14971,"Brocolos natur pré-preparados, congelados",3083681022803,11580,11573,Embalagem de 400g,Bonduelle,,"4,98€/Kg","1,99€",https://cdn.intermarche.pt/pt/Content/images/boitmal/produit/zoom/A7ECF23AAE6D0B80CB5CD4B9FB0B6C43.jpg,,/product/brocolos-natur-pre-preparados-congelados/3083681022803
2108,Mistura de cogumelos,5604260246700,11580,11573,Embalagem de 400g,PorSi,,"4,73€/Kg","1,89€",https://cdn.intermarche.pt/pt/Content/images/boitmal/produit/zoom/0DB85CD237900396499417F068D4C87D.jpg,,/product/mistura-de-cogumelos/5604260246700
40362,Esparregado de espinafres,5604260301423,11580,11573,Embalagem de 350 g,PorSi,,"3,69€/Kg","1,29€",https://cdn.intermarche.pt/pt/Content/images/boitmal/produit/zoom/6AF3F26256DEE195AA5DD345C78DF06D.jpg,,/product/esparregado-de-espinafres/5604260301423
40665,Couve flor,5604260301546,11580,11573,Embalagem de 750 kg,PorSi,,"1,85€/Kg","1,39€",https://cdn.intermarche.pt/pt/Content/images/boitmal/produit/zoom/9851778116E766CF796A48737B6BB396.jpg,,/product/couve-flor/5604260301546
42835,Cogumelos fatiados,5604260301560,11580,11573,Embalagem de 400g,PorSi,,"2,48€/Kg","0,99€",https://cdn.intermarche.pt/pt/Content/images/boitmal/produit/zoom/72CD948AEACFD8776A6D9135E29CEE5C.jpg,,/product/cogumelos-fatiados/5604260301560
43718,Legumes verdes para sopa,5604260312443,11580,11573,Embalagem de 1 kg,PorSi,,"1,99€/Kg","1,99€",https://cdn.intermarche.pt/pt/Content/images/boitmal/produit/zoom/1E9DBD2A70B21E4BB4BBE190D1CFE639.jpg,,/product/legumes-verdes-para-sopa/5604260312443
43798,Tomate cubos,5604260307753,11580,11573,Embalagem de 400g,PorSi,,"1,98€/Kg","0,79€",https://cdn.intermarche.pt/pt/Content/images/boitmal/produit/zoom/94A3D5F2E5A6AFE5D19DA49D557FB6EB.jpg,,/product/tomate-cubos/5604260307753
43883,Puré de batata,5604260303281,11580,11573,Embalagem com 750 g,PorSi,,"2,25€/Kg","1,69€",https://cdn.intermarche.pt/pt/Content/images/boitmal/produit/zoom/4603EAF74A0836C0CDE825182E4CDB29.jpg,,/product/pure-de-batata/5604260303281
9490,Espinafres em folhas,5604260063802,11580,11573,Embalagem de 750 g,PorSi,,"1,59€/Kg","1,19€",https://cdn.intermarche.pt/pt/Content/images/boitmal/produit/zoom/E0DB656D9129B76DEBA2A1E5C5F2CC94.jpg,,/product/espinafres-em-folhas/5604260063802
43750,Mistura Asiática,5604260312283,11580,11573,400 g,PorSi,,"2,48€/Kg","0,99€",https://cdn.intermarche.pt/pt/Content/images/boitmal/produit/zoom/104D42916E0F00E0BD34784FF7CD6959.jpg,,/product/mistura-asiatica/5604260312283
2045,Legumes grelhados,5604260162826,11580,11573,Embalagem de 750g,PorSi,,"4,39€/Kg","3,29€",https://cdn.intermarche.pt/pt/Content/images/boitmal/produit/zoom/AB810C826F74ACD72025D88621682043.jpg,,/product/legumes-grelhados/5604260162826
40625,Couve de bruxelas,5604260301607,11580,11573,Embalagem de 750 g,PorSi,,"1,59€/Kg","1,19€",https://cdn.intermarche.pt/pt/Content/images/boitmal/produit/zoom/8EE3686322C34DC9BA0E2D6DA241EA18.jpg,,/product/couve-de-bruxelas/5604260301607
42818,Grelos,5604260301553,11580,11573,Embalagem de 750g,PorSi,,"2,52€/Kg","1,89€",https://cdn.intermarche.pt/pt/Content/images/boitmal/produit/zoom/4022C6EDF0B37035FEFF7AC49BA64C43.jpg,,/product/grelos/5604260301553
40626,Feijão verde,5604260301584,11580,11573,Embalagem de 750 g,PorSi,,"1,85€/Kg","1,39€",https://cdn.intermarche.pt/pt/Content/images/boitmal/produit/zoom/F57B02CC1D3C1F977F3A21D5A3E5C94B.jpg,,/product/feijao-verde/5604260301584
42836,Abobora cubos,5604260301577,11580,11573,Embalagem de 500g,PorSi,,"3,58€/Kg","1,79€",https://cdn.intermarche.pt/pt/Content/images/boitmal/produit/zoom/996D63F4E6AFA24299F534C90C33D9A4.jpg,,/product/abobora-cubos/5604260301577
9488,Cenoura baby,5604260063574,11580,11573,Embalagem de 400 g,PorSi,,"1,88€/Kg","0,75€",https://cdn.intermarche.pt/pt/Content/images/boitmal/produit/zoom/3EF808284CE29E0C2F5CEC3404B5AE31.jpg,,/product/cenoura-baby/5604260063574
43629,Ervilhas,5604260312405,11280,10119,Embalagem de 600 g,PorSi Bio,,"3,25€/Kg","1,95€",https://cdn.intermarche.pt/pt/Content/images/boitmal/produit/zoom/974155839047F356A59A5D233071C208.jpg,,/product/ervilhas/5604260312405
49501,Jardineira,5604260322091,11580,11573,Embalagem de 400 g,PorSi,,"1,98€/Kg","0,79€",https://cdn.intermarche.pt/pt/Content/images/boitmal/produit/zoom/ED31B08ABF49BD5419242D256F2FDA13.jpg,,/product/jardineira/5604260322091
45679,Mistura vegetais para wok,5604260312290,11580,11573,Embalagem de 750g,PorSi,,"3,99€/Kg","2,99€",https://cdn.intermarche.pt/pt/Content/images/boitmal/produit/zoom/32354EE3959E3BBD31C48FF842C16146.jpg,,/product/mistura-vegetais-para-wok/5604260312290
46285,Bio feijao verde,5604260312429,11280,10119,Embalagem de 600g,PorSi Bio,,"3,32€/Kg","1,99€",https://cdn.intermarche.pt/pt/Content/images/boitmal/produit/zoom/B9ABD3DA04479FA0A54684CE9EE035E2.jpg,,/product/bio-feijao-verde/5604260312429
46162,Salteado parisino,3083681106480,11580,11573,Embalagem de 400g,Bonduelle,,"7,23€/Kg","2,89€",https://cdn.intermarche.pt/pt/Content/images/boitmal/produit/zoom/06D3269CF888DEE604E81717FC556DB1.jpg,,/product/salteado-parisino/3083681106480
46280,Brócolos bio,5604260312412,11280,10119,Embalagem de 600 g,PorSi Bio,,"3,82€/Kg","2,29€",https://cdn.intermarche.pt/pt/Content/images/boitmal/produit/zoom/D08B1DC46B5127924A7BB4F99A13C8FB.jpg,,/product/brocolos-bio/5604260312412
46282,Salsa,5604260306213,11580,11573,Embalagem de 50g,PorSi,,"23,80€/Kg","1,19€",https://cdn.intermarche.pt/pt/Content/images/boitmal/produit/zoom/6ABD9E97C7CE254202CE1B76013CBCA5.jpg,,/product/salsa/5604260306213
9404,Favas ultracongeladas,5604260042456,11580,11573,Embalagem de 400g,PorSi,,"3,23€/Kg","1,29€",https://cdn.intermarche.pt/pt/Content/images/boitmal/produit/zoom/30086F20A7440840A4D3AF55B06FD9F7.jpg,,/product/favas-ultracongeladas/5604260042456
40546,Favas ultracongeladas,5604260290086,11580,11573,Embalagem de 1 kg,PorSi,,"1,74€/Kg","1,74€",https://cdn.intermarche.pt/pt/Content/images/boitmal/produit/zoom/9D73B4FE83B175356DA58E99925EF08B.jpg,,/product/favas-ultracongeladas/5604260290086
43870,Flocos de batata para puré,5604260311668,11580,11573,Embalagem de 500g,PorSi,,"4,58€/Kg","2,29€",https://cdn.intermarche.pt/pt/Content/images/boitmal/produit/zoom/711A7F150DE1CFC88D8C9ED92FE8E31A.jpg,,/product/flocos-de-batata-para-pure/5604260311668
40916,Salteado da horta,3083681107944,11580,11573,Embalagem de 400g,Bonduelle,,"7,23€/Kg","2,89€",https://cdn.intermarche.pt/pt/Content/images/boitmal/produit/zoom/217641033CE1C7F42340510B026D51D0.jpg,,/product/salteado-da-horta/3083681107944
34198,Legumes pré-cozinhados a vapor,3083681047967,11580,11573,Embalagem de 750 g,Bonduelle,,"5,99€/Kg","4,49€",https://cdn.intermarche.pt/pt/Content/images/boitmal/produit/zoom/9DCA42177B3E4A41E1588E78162F4847.jpg,,/product/legumes-pre-cozinhados-a-vapor/3083681047967
34199,Salteado mediterrâneo,3083680905008,11580,11573,Embalagem de 750 g,Bonduelle,,"7,99€/Kg","5,59€",https://cdn.intermarche.pt/pt/Content/images/boitmal/produit/zoom/A3A2D15DD576F2EEB416D9AD59041257.jpg,,/product/salteado-mediterraneo/3083680905008
40963,Salteado rústico,3083681108323,11580,11573,Embalagem de 400g,Bonduelle,,"7,23€/Kg","2,89€",https://cdn.intermarche.pt/pt/Content/images/boitmal/produit/zoom/737B989EBA479F410BB7A261C89F38EF.jpg,,/product/salteado-rustico/3083681108323
42032,Batata pré-frita para forno,5604260303267,11581,11573,Embalagem de 750 g,PorSi,,"2,39€/Kg","1,79€",https://cdn.intermarche.pt/pt/Content/images/boitmal/produit/zoom/66F8BEE8FF9CC9897E878EB831D9C56C.jpg,,/product/batata-pre-frita-para-forno/5604260303267
36170,Batata pré-frita palito,5604260295654,11581,11573,Embalagem de 1 kg,PorSi,,"1,99€/Kg","1,99€",https://cdn.intermarche.pt/pt/Content/images/boitmal/produit/zoom/D06EFE4569661A1EDCC4E5FE5333D9FF.jpg,,/product/batata-pre-frita-palito/5604260295654
43882,Batatas Pré-fritas Rosti com Cebola,5604260309344,11581,11573,Embalagem com 600 g,PorSi,,"3,32€/Kg","1,99€",https://cdn.intermarche.pt/pt/Content/images/boitmal/produit/zoom/4214463AAF30BCC412648AFBE141ED64.jpg,,/product/batatas-pre-fritas-rosti-com-cebola/5604260309344
36523,Batata pré-frita palito,5604260295661,11581,11573,"Embalagem de 2,5 kg",PorSi,,"1,80€/Kg","4,49€",https://cdn.intermarche.pt/pt/Content/images/boitmal/produit/zoom/5CD0ECED2F64941F1ED73448F895103A.jpg,,/product/batata-pre-frita-palito/5604260295661
43742,Batata Pré-Frita Croquettes,5604260309993,11581,11573,Embalagem de 1 kg,PorSi,,"2,49€/Kg","2,49€",https://cdn.intermarche.pt/pt/Content/images/boitmal/produit/zoom/FAC4D24D60D02864D9A3EC8DCBDEA709.jpg,,/product/batata-pre-frita-croquettes/5604260309993
41651,Batata pré-frita palitos finos,5604260303229,11581,11573,Embalagem de 1 kg,PorSi,,"1,99€/Kg","1,99€",https://cdn.intermarche.pt/pt/Content/images/boitmal/produit/zoom/C077A1AE2F6955E1731A6174BFF04764.jpg,,/product/batata-pre-frita-palitos-finos/5604260303229
40744,Batata pré-frita cubos,5604260303243,11581,11573,Embalagem de 1 kg,PorSi,,"1,99€/Kg","1,99€",https://cdn.intermarche.pt/pt/Content/images/boitmal/produit/zoom/0269E6D7406CB709EB2173CFA6B91F9C.jpg,,/product/batata-pre-frita-cubos/5604260303243
40743,Batata pré-frita palitos finos,5604260303236,11581,11573,Embalagem de 2.5 kg,PorSi,,"2,00€/Kg","4,99€",https://cdn.intermarche.pt/pt/Content/images/boitmal/produit/zoom/C6F4B3F83D40A5FB8DC0B9650D69276C.jpg,,/product/batata-pre-frita-palitos-finos/5604260303236
40652,Batata pré-frita noisette,5604260303250,11581,11573,Embalagem de 1 kg,PorSi,,"2,99€/Kg","2,99€",https://cdn.intermarche.pt/pt/Content/images/boitmal/produit/zoom/EDA22D9D4595E9502C57E47AD9D6288C.jpg,,/product/batata-pre-frita-noisette/5604260303250
40656,Batata pré-frita rodelas para saltear,5604260303274,11581,11573,Embalagem de 1 kg,PorSi,,"2,49€/Kg","2,49€",https://cdn.intermarche.pt/pt/Content/images/boitmal/produit/zoom/1A5A47F25FB1DD40CDA72C241494653F.jpg,,/product/batata-pre-frita-rodelas-para-saltear/5604260303274
43628,Batata doce para fritar,5604260309313,11581,11573,Embalagem de 600g,PorSi,,"4,98€/Kg","2,99€",https://cdn.intermarche.pt/pt/Content/images/boitmal/produit/zoom/BE07AF95E8EE033206A08D6D0E4F5814.jpg,,/product/batata-doce-para-fritar/5604260309313
18727,Batata pré-frita mediterranean,8710438040302,11581,11573,Embalagem de 750g,MCCAIN,,"4,39€/Kg","3,29€",https://cdn.intermarche.pt/pt/Content/images/boitmal/produit/zoom/CAAF117EDC7615271B956B46FDE08195.jpg,,/product/batata-pre-frita-mediterranean/8710438040302
16983,Gelado cornetto morango,8712100735455,11582,10176,Embalagem de 6 x 90 ml,Olá,,"6,59€/L","3,56€",https://cdn.intermarche.pt/pt/Content/images/boitmal/produit/zoom/B4DE454FD5CA5C67863F06FFF45366E8.jpg,2024-09-25T22:59:59.999Z,/product/gelado-cornetto-morango/8712100735455
29834,Gelado cornetto mini clássico,8712100516467,11582,10176,Embalagem de 8 x 60 ml,Olá,,"8,10€/L","3,89€",https://cdn.intermarche.pt/pt/Content/images/boitmal/produit/zoom/52C23093EFDFEFEAE4F1F6612BE1C6BE.jpg,2024-09-25T22:59:59.999Z,/product/gelado-cornetto-mini-classico/8712100516467
44936,Cornetto clássico,8711327318373,11582,10176,Embalagem de 6 x 90 ml,Olá,,"6,59€/L","3,56€",https://cdn.intermarche.pt/pt/Content/images/boitmal/produit/zoom/8D9DC9138E665052BD487BD925ECAB26.jpg,2024-09-25T22:59:59.999Z,/product/cornetto-classico/8711327318373
35766,Gelado Calippo morango,8722700231974,11582,10176,Embalagem de 5 x 105 ml,Olá,,"6,17€/L","3,24€",https://cdn.intermarche.pt/pt/Content/images/boitmal/produit/zoom/BF02D4ABF90BC6E3BFFC6B21E6122588.jpg,2024-10-04T22:59:59.999Z,/product/gelado-calippo-morango/8722700231974
41341,Gelado magnum salted caramel & glazed almonds,8711327391475,11582,10176,Embalagem de 3 x 90 ml,Olá,,"20,33€/L","5,49€",https://cdn.intermarche.pt/pt/Content/images/boitmal/produit/zoom/584EE4A4EE1BDD1E470C1DA40C6359E1.jpg,2024-09-25T22:59:59.999Z,/product/gelado-magnum-salted-caramel-&-glazed-almonds/8711327391475
44935,Cornetto chocolate,8711327324060,11582,10176,Garrafa de 6 x 90 ml,Olá,,"6,59€/L","3,56€",https://cdn.intermarche.pt/pt/Content/images/boitmal/produit/zoom/66C370BF2D15659E5D9B8A7EFBE071F3.jpg,2024-09-25T22:59:59.999Z,/product/cornetto-chocolate/8711327324060
53077,"Gelado Double Gold Caramelo Billionaire, 3 x 85ml",8711327483071,11582,10176,,Magnum,,"21,53€/L","5,49€",https://cdn.intermarche.pt/pt/Content/images/boitmal/produit/zoom/74238D995E9DE969AA617757BB3DA134.jpg,2024-09-25T22:59:59.999Z,/product/gelado-double-gold-caramelo-billionaire-3-x-85ml/8711327483071
53262,"Gelado Filipinos, 4 x 90ml",8711327597761,11582,10176,,Cornetto,,"10,81€/L","3,89€",https://cdn.intermarche.pt/pt/Content/images/boitmal/produit/zoom/B06A234868C6C8C0E9F6DD974D43ACB2.jpg,2024-09-25T22:59:59.999Z,/product/gelado-filipinos-4-x-90ml/8711327597761
48766,Gelado Calippo Cola,8722700231998,11582,10176,5 x 105 ml,Olá,,"6,17€/L","3,24€",https://cdn.intermarche.pt/pt/Content/images/boitmal/produit/zoom/7475F9B00EF5AC1331F876F0CEBCF4BC.jpg,2024-10-04T22:59:59.999Z,/product/gelado-calippo-cola/8722700231998
52806,"Gelado Chocolate Branco com Morango, 400 ml",8711327608153,11582,10176,,Magnum,,"13,73€/L","5,49€",https://cdn.intermarche.pt/pt/Content/images/boitmal/produit/zoom/F7B277BE11B4B3700DC9F79E39DD9E85.jpg,2024-09-25T22:59:59.999Z,/product/gelado-chocolate-branco-com-morango-400-ml/8711327608153
21149,Gelado Salted Caramel,3415581114935,11582,10176,Embalagem de 460 ml,Häagen-Dazs,,"16,93€/L","7,79€",https://cdn.intermarche.pt/pt/Content/images/boitmal/produit/zoom/A8895C133BF590B5F9595172A573C829.jpg,,/product/gelado-salted-caramel/3415581114935
41229,Gelados colosse chocolate branco,5604260296262,11582,10176,Embalagem com 4 unidades,PorSi,,"5,19€/L","2,49€",https://cdn.intermarche.pt/pt/Content/images/boitmal/produit/zoom/CE6579C07E85FBB60BE9EA5FE757F5A7.jpg,,/product/gelados-colosse-chocolate-branco/5604260296262
42626,Gelados Chocolate e Amêndoa Colosse,5604260294978,11582,10176,Embalagem de 4 x 120 ml,PorSi,,"4,15€/L","1,99€",https://cdn.intermarche.pt/pt/Content/images/boitmal/produit/zoom/90A3E766F91FFEF5C3402329E8291FE6.jpg,,/product/gelados-chocolate-e-amendoa-colosse/5604260294978
43367,Gelado straciatella,5604260296231,11582,10176,Embalagem de 900 ml,PorSi,,"2,99€/L","2,69€",https://cdn.intermarche.pt/pt/Content/images/boitmal/produit/zoom/810B1D44A9B8FB77EDAA6F399FEB5EC0.jpg,,/product/gelado-straciatella/5604260296231
43793,Gelado menta & chocolate,5604260296170,11582,10176,embalagem de 1 l,PorSi,,"2,59€/L","2,59€",https://cdn.intermarche.pt/pt/Content/images/boitmal/produit/zoom/D8DE8B586DC08FA8F4E51DE7C11839C3.jpg,,/product/gelado-menta-&-chocolate/5604260296170
43795,Gelado baunilha/nozes pécan,5604260296217,11582,10176,Embalagem de 900 ml,PorSi,,"2,99€/L","2,69€",https://cdn.intermarche.pt/pt/Content/images/boitmal/produit/zoom/5725E22630C30292A2FF6927C09B3D9B.jpg,,/product/gelado-baunilha-ou-nozes-pecan/5604260296217
44634,Gelados Magnum Mini Double Gold Caramel billionaire,8711327485082,11582,10176,Embalagem de 6x55 ml,Olá,,"19,97€/L","6,59€",https://cdn.intermarche.pt/pt/Content/images/boitmal/produit/zoom/28888C60126BA4C2E301206C1B1907E9.jpg,,/product/gelados-magnum-mini-double-gold-caramel-billionaire/8711327485082
48636,Gelados mini cookie mania,8711327533622,11582,10176,6 x 55 ml,Magnum,,"18,15€/L","5,99€",https://cdn.intermarche.pt/pt/Content/images/boitmal/produit/zoom/6C4CA188E19A256FBA9C0610912951AA.jpg,,/product/gelados-mini-cookie-mania/8711327533622
42157,Gelados mini cones baunilha e chocolate,5604260296354,11582,10176,Embalagem com 12 unidades,PorSi,,"8,31€/L","2,99€",https://cdn.intermarche.pt/pt/Content/images/boitmal/produit/zoom/3F3D03EBD0B7084528E34D272DDE728C.jpg,,/product/gelados-mini-cones-baunilha-e-chocolate/5604260296354
42813,Gelados Cone Morango e Baunilha,5604260296309,11582,10176,Embalagem de 6 x 120 ml,PorSi,,"3,13€/L","2,25€",https://cdn.intermarche.pt/pt/Content/images/boitmal/produit/zoom/566B51A5C87B0FBB1DB7FC68766B56CB.jpg,,/product/gelados-cone-morango-e-baunilha/5604260296309
42810,Gelados Chocolate Branco e Frutos Vermelhos Colosse,5604260296255,11582,10176,Embalagem de 4 x 100 ml,PorSi,,"4,98€/L","1,99€",https://cdn.intermarche.pt/pt/Content/images/boitmal/produit/zoom/54940C758BA7C0C8638D8802663A0522.jpg,,/product/gelados-chocolate-branco-e-frutos-vermelhos-colosse/5604260296255
31524,Magnum mini white mix,8714100636053,11582,10176,Embalagem de 6 x 55 ml,Olá,,"16,64€/L","5,49€",https://cdn.intermarche.pt/pt/Content/images/boitmal/produit/zoom/297AEAAE71873D3F8972E9570342BAB4.jpg,,/product/magnum-mini-white-mix/8714100636053
42765,Gelado Colosse baunilha e chocolate de leite,5604260294985,11582,10176,4 x 120 ml,PorSi,,"4,15€/L","1,99€",https://cdn.intermarche.pt/pt/Content/images/boitmal/produit/zoom/EF1040BA12CC892F5A2AB9CB5626A6D4.jpg,,/product/gelado-colosse-baunilha-e-chocolate-de-leite/5604260294985
42618,Gelados Cone Baunilha,5604260296316,11582,10176,embalagem 6 x 120 ml,PorSi,,"2,99€/L","2,15€",https://cdn.intermarche.pt/pt/Content/images/boitmal/produit/zoom/3AED4B9653B110B0BB158CBFEF2DEBB2.jpg,,/product/gelados-cone-baunilha/5604260296316
42763,Gelados Nougat e Caramelo Colosse,5604260296248,11582,10176,Garrafa de 400 ml,PorSi,,"7,48€/L","2,99€",https://cdn.intermarche.pt/pt/Content/images/boitmal/produit/zoom/3CD848B221A5CAA5671AE4436743EEBA.jpg,,/product/gelados-nougat-e-caramelo-colosse/5604260296248
5903,Gelado morango,5604260247547,11582,10176,embalagem de 1 l,PorSi,,"2,49€/L","2,49€",https://cdn.intermarche.pt/pt/Content/images/boitmal/produit/zoom/911F1A3198084BD6AB909E5587C0ECD4.jpg,,/product/gelado-morango/5604260247547
43792,Gelado Café,5604260296163,11582,10176,Embalagem de 1 L,PorSi,,"2,59€/L","2,59€",https://cdn.intermarche.pt/pt/Content/images/boitmal/produit/zoom/21324E43881E66C3841B51A00715BE12.jpg,,/product/gelado-cafe/5604260296163
5901,Gelado de morango,5604260247523,11582,10176,Embalagem de 2 l,PorSi,,"1,50€/L","2,99€",https://cdn.intermarche.pt/pt/Content/images/boitmal/produit/zoom/D82528BBD4537BCDAF3E65EDA0ADB1B7.jpg,,/product/gelado-de-morango/5604260247523
40951,Feast (4x90ml),8711327324831,11582,10176,Garrafa de 360 ml,Olá,,"13,86€/L","4,99€",https://cdn.intermarche.pt/pt/Content/images/boitmal/produit/zoom/303ECAF7407F2E60886EB9D432E4E449.jpg,,/product/feast-(4x90ml)/8711327324831
41652,Gelados Café e Chocolate de Leite Colosse,5604260296279,11582,10176,Embalagem de 4 x 100 ml,PorSi,,"6,23€/L","2,49€",https://cdn.intermarche.pt/pt/Content/images/boitmal/produit/zoom/C993DE870E4CE33B71393C60260FABA9.jpg,,/product/gelados-cafe-e-chocolate-de-leite-colosse/5604260296279
52872,"Gelado Mini Milk, 10 x 35ml",8711327574236,11582,10176,,Olá,,"14,26€/L","4,99€",https://cdn.intermarche.pt/pt/Content/images/boitmal/produit/zoom/8FC5865ACA0C922AAC2AF492CD9FE50B.jpg,,/product/gelado-mini-milk-10-x-35ml/8711327574236
6818,Gelado supermaxi,8712566118625,11582,10176,Embalagem de 6 x 65 ml,Olá,,"12,79€/L","4,99€",https://cdn.intermarche.pt/pt/Content/images/boitmal/produit/zoom/EDD74C84414985483D339FDE915214FB.jpg,,/product/gelado-supermaxi/8712566118625
19651,Gelado magnum mini double chocolate e caramelo,8712100880261,11582,10176,Embalagem de 6 x 60 ml,Olá,,"18,31€/L","6,59€",https://cdn.intermarche.pt/pt/Content/images/boitmal/produit/zoom/174F4B7F09B7F1FC3CB09D24A9B32181.jpg,,/product/gelado-magnum-mini-double-chocolate-e-caramelo/8712100880261
42811,Gelados Double Chocolate Colosse,5604260296286,11582,10176,4x90ml,PorSi,,"6,92€/L","2,49€",https://cdn.intermarche.pt/pt/Content/images/boitmal/produit/zoom/A6408B3D5BB48024498B2BC0CBBE6E80.jpg,,/product/gelados-double-chocolate-colosse/5604260296286
43794,Sorvete de lima,5604260296200,11582,10176,embalagem de 1 l,PorSi,,"2,19€/L","2,19€",https://cdn.intermarche.pt/pt/Content/images/boitmal/produit/zoom/DCC170236DB5C3683B6FDA6A8D0975D9.jpg,,/product/sorvete-de-lima/5604260296200
6821,Gelado magnum amêndoa,8712566328208,11582,10176,Embalagem de 4 x 110 ml,Olá,,"12,48€/L","5,49€",https://cdn.intermarche.pt/pt/Content/images/boitmal/produit/zoom/6C2A4BC52C19A8B3B512F29B95F6E3EF.jpg,,/product/gelado-magnum-amendoa/8712566328208
36173,Gelado de caramelo salgado,5604260295043,11582,10176,900 ml,PorSi,,"2,99€/L","2,69€",https://cdn.intermarche.pt/pt/Content/images/boitmal/produit/zoom/822B2B105819E022ADE48385DC3537B7.jpg,,/product/gelado-de-caramelo-salgado/5604260295043
40983,Carte d'or cake romantica,8711327398351,11582,10176,Embalagem de 750 ml,Olá,,"9,32€/L","6,99€",https://cdn.intermarche.pt/pt/Content/images/boitmal/produit/zoom/B9ADD5493FF85AB5BACE93E7990804B2.jpg,,/product/carte-d'or-cake-romantica/8711327398351
41773,"Gelado pecan deligh, 500ml",5604260307685,11582,10176,,PorSi Select,,"5,98€/L","2,99€",https://cdn.intermarche.pt/pt/Content/images/boitmal/produit/zoom/F237326D986E21A930B67ABA5F586C0B.jpg,,/product/gelado-pecan-deligh-500ml/5604260307685
42808,Gelado tarte limão,5604260294947,11582,10176,Embalagem de 900 ml,PorSi,,"3,10€/L","2,79€",https://cdn.intermarche.pt/pt/Content/images/boitmal/produit/zoom/D5C03BD4337100AD473D5E0C6A5D7463.jpg,,/product/gelado-tarte-limao/5604260294947
5917,Crepe simples,5604260253807,11583,10176,Embalagem de 630g,PorSi,,"4,11€/Kg","2,59€",https://cdn.intermarche.pt/pt/Content/images/boitmal/produit/zoom/C58297F35AEC0C60C2C9224EB91B9BC5.jpg,,/product/crepe-simples/5604260253807
5918,Petit gâteau,5604260253814,11583,10176,Embalagem de  4 x 80 g,PorSi,,"10,28€/Kg","3,29€",https://cdn.intermarche.pt/pt/Content/images/boitmal/produit/zoom/0C3F4D79FE52191B30C9849E647CDE39.jpg,,/product/petit-gateau/5604260253814
2136,Crepe chocolate,5604260253791,11583,10176,Embalagem de 540g,PorSi,,"7,39€/Kg","3,99€",https://cdn.intermarche.pt/pt/Content/images/boitmal/produit/zoom/3B8C36F7A572526E33F099CB87960C74.jpg,,/product/crepe-chocolate/5604260253791
41776,Petit gâteau chocolate negro belga,5604260307562,11583,10176,Embalagem com 4 unidades,PorSi,,"10,28€/Kg","3,29€",https://cdn.intermarche.pt/pt/Content/images/boitmal/produit/zoom/16964D29F0F7AF771D4E0055534359C6.jpg,,/product/petit-gateau-chocolate-negro-belga/5604260307562
2217,Pastéis de nata,5604260266043,11583,10176,Embalagem de 6x60 g,PorSi,,"8,31€/Kg","2,99€",https://cdn.intermarche.pt/pt/Content/images/boitmal/produit/zoom/73833BAECCDC1098BCAFC0454C214383.jpg,,/product/pasteis-de-nata/5604260266043
41001,Crepe de ovo,5604260304790,11583,10176,Embalagem de 540 g,PorSi,,"7,39€/Kg","3,99€",https://cdn.intermarche.pt/pt/Content/images/boitmal/produit/zoom/58CFB505BDBD4CBD707C876A18C0BA22.jpg,,/product/crepe-de-ovo/5604260304790
41029,Crepe maçã e canela,5604260304806,11583,10176,Embalagem de 540 g,PorSi,,"7,39€/Kg","3,99€",https://cdn.intermarche.pt/pt/Content/images/boitmal/produit/zoom/2BC12C7435EC2EFAB7B44AE563BA7997.jpg,,/product/crepe-maca-e-canela/5604260304806
42184,Petit gateau morango 4x80g,5604260307555,11583,10176,Embalagem de 320g,PorSi,,"10,91€/Kg","3,49€",https://cdn.intermarche.pt/pt/Content/images/boitmal/produit/zoom/7DE274D3F082FD1BEB9194A7FBF4B97F.jpg,,/product/petit-gateau-morango-4x80g/5604260307555
52502,Panquecas de Banana e Espelta,5604260328093,11583,10176,Embalagem de 6 unidades,PorSi,,"3,29€/Unidade","3,29€",https://cdn.intermarche.pt/pt/Content/images/boitmal/produit/zoom/956D79D70FCDA452F5CB5942047423E9.jpg,,/product/panquecas-de-banana-e-espelta/5604260328093
42186,Strudel de maçã,5604260307579,11583,10176,Embalagem de 550 g,PorSi,,"4,15€/Kg","2,28€",https://cdn.intermarche.pt/pt/Content/images/boitmal/produit/zoom/70DF4A61C764ED142973869B67EB9B75.jpg,,/product/strudel-de-maca/5604260307579
52287,Charlotte de Frutos Vermelhos,5604260328673,11583,10176,Embalagem de 500g,PorSi Select,,"7,99€/Unidade","7,99€",https://cdn.intermarche.pt/pt/Content/images/boitmal/produit/zoom/04516726E25B17E3D9A4F2B4AFE057CC.jpg,,/product/charlotte-de-frutos-vermelhos/5604260328673
2298,Profiteroles de nata,5604260304752,11583,10176,Embalagem de 330 g,PorSi Select,,"8,76€/Kg","2,89€",https://cdn.intermarche.pt/pt/Content/images/boitmal/produit/zoom/B3A5D5FBD464D2480B9661799019D3EF.jpg,,/product/profiteroles-de-nata/5604260304752
43042,"Cheesecake frutos vermelhos, 900 g",5604260312481,11583,10176,,PorSi Select,,"15,54€/Kg","13,99€",https://cdn.intermarche.pt/pt/Content/images/boitmal/produit/zoom/1BAE544C45E03F55CDFBB659E1084CA5.jpg,,/product/cheesecake-frutos-vermelhos-900-g/5604260312481
49865,12 Macarons Sortidos,5604260324989,11583,10176,Embalagem de 144 g,PorSi Select,,"34,65€/Kg","4,99€",https://cdn.intermarche.pt/pt/Content/images/boitmal/produit/zoom/DA913DDB4577AFEEF5B8BDDBEE5BDF38.jpg,,/product/12-macarons-sortidos/5604260324989
42860,Moelleux de chocolate,5604260310135,11583,10176,960 g,PorSi Select,,"14,57€/Kg","13,99€",https://cdn.intermarche.pt/pt/Content/images/boitmal/produit/zoom/F22EC56CF65BF65D906CF2630F09B8FA.jpg,,/product/moelleux-de-chocolate/5604260310135
38104,Gelo em cubos,5604260302604,11482,11202,Embalagem de 2 kg,PorSi,,"0,50€/Kg","0,99€",https://cdn.intermarche.pt/pt/Content/images/boitmal/produit/zoom/FD94D1E1374FACDF53D275C076827182.jpg,,/product/gelo-em-cubos/5604260302604
38105,Gelo picado,5604260302611,11482,11202,Embalagem de 2 kg,PorSi,,"0,70€/Kg","1,39€",https://cdn.intermarche.pt/pt/Content/images/boitmal/produit/zoom/97A1C0A11D41C45C3A36C0CE697E6382.jpg,,/product/gelo-picado/5604260302611
9692,Lasanha à Bolonhesa,5604260270644,11644,11641,Embalagem de 1 kg,PorSi,,"4,49€/Kg","4,49€",https://cdn.intermarche.pt/pt/Content/images/boitmal/produit/zoom/EF622F2821BD8486079379C37CBFE1DB.jpg,,/product/lasanha-a-bolonhesa/5604260270644
37768,Lasanha à Bolonhesa,5604260296514,11644,11641,Embalagem de 400 g,PorSi,,"6,23€/Kg","2,49€",https://cdn.intermarche.pt/pt/Content/images/boitmal/produit/zoom/A77A4D8A2C5CECF507F8465C291A2AD6.jpg,,/product/lasanha-a-bolonhesa/5604260296514
52768,Pizza Barbecue em Forno de Pedra,5604260331444,11644,11641,Embalagem de 410g,PorSi,,"6,80€/Kg","2,79€",https://cdn.intermarche.pt/pt/Content/images/boitmal/produit/zoom/08B563EBB722FE3F52301E6C8BFE5416.jpg,,/product/pizza-barbecue-em-forno-de-pedra/5604260331444
41446,Massa Fresca Lasanha,5604260304882,11644,11641,Embalagem de 250 g,PorSi,,"4,76€/Kg","1,19€",https://cdn.intermarche.pt/pt/Content/images/boitmal/produit/zoom/CF85FAEA82710D11912964572DCE79B5.jpg,,/product/massa-fresca-lasanha/5604260304882
52766,Pizza 4 Queijos em Forno de Pedra,5604260331406,11644,11641,Embalagem de 380g,PorSi,,"7,08€/Kg","2,69€",https://cdn.intermarche.pt/pt/Content/images/boitmal/produit/zoom/CC48CA34C1F86A9990556B2F90934F82.jpg,,/product/pizza-4-queijos-em-forno-de-pedra/5604260331406
41573,Esparguete à Bolonhesa,5604260304097,11644,11641,Embalagem de 250 g,PorSi,,"11,96€/Kg","2,99€",https://cdn.intermarche.pt/pt/Content/images/boitmal/produit/zoom/027BAD7F5B977082CBD4F93C7E54D580.jpg,,/product/esparguete-a-bolonhesa/5604260304097
35021,Pizza Carbonara,5604260289776,11644,11641,Embalagem de 400g,PorSi,,"6,23€/Kg","2,49€",https://cdn.intermarche.pt/pt/Content/images/boitmal/produit/zoom/6BC59000626F196397772B4908DA6A38.jpg,,/product/pizza-carbonara/5604260289776
36927,Canelones à Bolonhesa,5604260296491,11644,11641,Embalagem de 1 kg,PorSi,,"5,29€/Kg","5,29€",https://cdn.intermarche.pt/pt/Content/images/boitmal/produit/zoom/BE36CF999EE12EF6925D28DCDA2D8C89.jpg,,/product/canelones-a-bolonhesa/5604260296491
43366,Massa à Carbonara,5604260309917,11644,11641,Embalagem de 300g,PorSi,,"9,30€/Kg","2,79€",https://cdn.intermarche.pt/pt/Content/images/boitmal/produit/zoom/B383109948B1AF9D0A63D6E2C6D70CE4.jpg,,/product/massa-a-carbonara/5604260309917
52769,Pizza Carbonara em Forno de Pedra,5604260331390,11644,11641,Embalagem de 415g,PorSi,,"6,72€/Kg","2,79€",https://cdn.intermarche.pt/pt/Content/images/boitmal/produit/zoom/B864FE0E28BA5B926F59352B5AEF843F.jpg,,/product/pizza-carbonara-em-forno-de-pedra/5604260331390
16128,Pizza Barbecue,8410320034319,11644,11641,Embalagem de 410g,Campofrio,,"8,51€/Kg","3,49€",https://cdn.intermarche.pt/pt/Content/images/boitmal/produit/zoom/2AE9BCDD7DB7BC11AD59CB0D81BA0594.jpg,,/product/pizza-barbecue/8410320034319
27402,Folhas para Lasanha,8001665701099,11644,11641,Embalagem de 250 g,Rana,,"10,76€/Kg","2,69€",https://cdn.intermarche.pt/pt/Content/images/boitmal/produit/zoom/F08B05C0AD687F269DD66F64790334B8.jpg,,/product/folhas-para-lasanha/8001665701099
27843,Massa para Pizza,5600376210079,11644,11641,Embalagem de 230g,Pasta do Dia,,"10,39€/Kg","2,39€",https://cdn.intermarche.pt/pt/Content/images/boitmal/produit/zoom/63B6F3C467E6D82411A613582690CB96.jpg,,/product/massa-para-pizza/5600376210079
40895,Lasanha Ricotta e Espinafres,8001665127707,11644,11641,Embalagem de 350g,Rana,,"9,97€/Kg","3,49€",https://cdn.intermarche.pt/pt/Content/images/boitmal/produit/zoom/11F2E9D5A47477E196545D39DAD042A1.jpg,,/product/lasanha-ricotta-e-espinafres/8001665127707
41374,Pizza 4 Queijos,8410320033527,11644,11641,Embalagem de 365g,Campofrio,,"8,19€/Kg","2,99€",https://cdn.intermarche.pt/pt/Content/images/boitmal/produit/zoom/A14465AE5ABC1314B2C8384B60769220.jpg,,/product/pizza-4-queijos/8410320033527
52767,Pizza Atum e Bacon em Forno de Pedra,5604260331413,11644,11641,Embalagem de 410g,PorSi,,"6,80€/Kg","2,79€",https://cdn.intermarche.pt/pt/Content/images/boitmal/produit/zoom/BE03F4A1B359FBB599B06D8C5970E6BC.jpg,,/product/pizza-atum-e-bacon-em-forno-de-pedra/5604260331413
52770,Pizza Fiambre e Queijo em Forno de Pedra,5604260331420,11644,11641,Embalagem de 410g,PorSi,,"6,32€/Kg","2,59€",https://cdn.intermarche.pt/pt/Content/images/boitmal/produit/zoom/CFAAAA98C9351D73C5FD88CE5FCB584C.jpg,,/product/pizza-fiambre-e-queijo-em-forno-de-pedra/5604260331420
52771,Pizza Romana em Forno de Pedra,5604260331437,11644,11641,Embalagem de 410g,PorSi,,"6,32€/Kg","2,59€",https://cdn.intermarche.pt/pt/Content/images/boitmal/produit/zoom/951411E3CCA22F31240FEF57B30CF700.jpg,,/product/pizza-romana-em-forno-de-pedra/5604260331437
36698,Bases para pizza,5604260289837,11644,11641,Embalagem de 3 x 125 g,PorSi,,"6,11€/Kg","2,29€",https://cdn.intermarche.pt/pt/Content/images/boitmal/produit/zoom/DEE42683D4352D4416908253A43A385B.jpg,,/product/bases-para-pizza/5604260289837
34598,Folhas para Lasanha,5600376210192,11644,11641,Embalagem de 250g,Pasta do Dia,,"7,96€/Kg","1,99€",https://cdn.intermarche.pt/pt/Content/images/boitmal/produit/zoom/EBAC9FC3B3986A432A1014DAEBFBBBF2.jpg,,/product/folhas-para-lasanha/5600376210192
40990,Lasanha à Bolonhesa,8001665127684,11644,11641,Embalagem de 350g,Rana,,"9,97€/Kg","3,49€",https://cdn.intermarche.pt/pt/Content/images/boitmal/produit/zoom/F566370D98A244D2D4559E89294AB74F.jpg,,/product/lasanha-a-bolonhesa/8001665127684
46881,Tortilha de Batata com Cebola,5604260310111,11645,11641,500 g,PorSi,,"5,98€/Kg","2,99€",https://cdn.intermarche.pt/pt/Content/images/boitmal/produit/zoom/1E2F978838B65770D0B3C38090A664ED.jpg,,/product/tortilha-de-batata-com-cebola/5604260310111
41378,Húmus,5604260304844,11645,11641,Embalagem de 200 g,PorSi Viva Bem,,"9,95€/Kg","1,99€",https://cdn.intermarche.pt/pt/Content/images/boitmal/produit/zoom/084E2A080C3962EA0CA49A9196EBC79D.jpg,,/product/humus/5604260304844
43365,Bacalhau à Brás,5604260309894,11645,11641,Embalagem de 250g,PorSi,,"15,96€/Kg","3,99€",https://cdn.intermarche.pt/pt/Content/images/boitmal/produit/zoom/2882AADD006C22A3A035D04D75BA1FA9.jpg,,/product/bacalhau-a-bras/5604260309894
51236,Caril de Frango com Arroz Basmati,5604260328369,11645,11641,350 g,PorSi,,"14,26€/Kg","4,99€",https://cdn.intermarche.pt/pt/Content/images/boitmal/produit/zoom/3FF95D90F7244D334B2DFB1F7D3FB0D1.jpg,,/product/caril-de-frango-com-arroz-basmati/5604260328369
51233,Chili com Carne e Arroz Branco,5604260328352,11645,11641,350 g,PorSi,,"8,54€/Kg","2,99€",https://cdn.intermarche.pt/pt/Content/images/boitmal/produit/zoom/5507169BFDF0A6D5CDD2A379B12123BE.jpg,,/product/chili-com-carne-e-arroz-branco/5604260328352
41572,Arroz de Pato,5604260304066,11645,11641,Embalagem de 250 g,PorSi,,"11,96€/Kg","2,99€",https://cdn.intermarche.pt/pt/Content/images/boitmal/produit/zoom/70792D3A437DD65D45AE6220CE6C6FF6.jpg,,/product/arroz-de-pato/5604260304066
41571,Bacalhau com Natas,5604260304073,11645,11641,Embalagem de 250 g,PorSi,,"11,96€/Kg","2,99€",https://cdn.intermarche.pt/pt/Content/images/boitmal/produit/zoom/0A51020F63DDD6CD9848B4CA29E4E3BE.jpg,,/product/bacalhau-com-natas/5604260304073
48173,Francesinha,5604260309900,11645,11641,Embalagem de 500 g,PorSi,,"11,98€/Kg","5,99€",https://cdn.intermarche.pt/pt/Content/images/boitmal/produit/zoom/CDFF36D157D3421A89A21DCA42DE18CF.jpg,,/product/francesinha/5604260309900
41570,Bacalhau com Natas,5604260304080,11645,11641,Embalagem de 800 g,PorSi,,"12,49€/Kg","9,99€",https://cdn.intermarche.pt/pt/Content/images/boitmal/produit/zoom/9464912DB6AB0C39619BE5D2AA24F2C4.jpg,,/product/bacalhau-com-natas/5604260304080
36769,Creme de Cenoura,5604260298181,11646,11641,Embalagem de 400 g,PorSi,,"3,48€/Kg","1,39€",https://cdn.intermarche.pt/pt/Content/images/boitmal/produit/zoom/0D9E52B8E4B2F4CBA7B9E7054C9057A5.jpg,,/product/creme-de-cenoura/5604260298181
43329,Sopa de Agrião,5604260310098,11646,11641,Embalagem de 400g,PorSi,,"3,73€/Kg","1,49€",https://cdn.intermarche.pt/pt/Content/images/boitmal/produit/zoom/5D96800BE5B7AC97A5540AD75888CBA0.jpg,,/product/sopa-de-agriao/5604260310098
49623,Sopa de Legumes,5604260320561,11646,11641,800 g,PorSi,,"2,86€/Kg","2,29€",https://cdn.intermarche.pt/pt/Content/images/boitmal/produit/zoom/4423A753634EE313A038A5C005EBB740.jpg,,/product/sopa-de-legumes/5604260320561
36923,Sopa de Legumes,5604260298174,11646,11641,Embalagem de 400 g,PorSi,,"3,23€/Kg","1,29€",https://cdn.intermarche.pt/pt/Content/images/boitmal/produit/zoom/F5F2A26DD3250B7D55C7AB3ABF567DE5.jpg,,/product/sopa-de-legumes/5604260298174
36768,Creme de Coentros sem Batata,5604260298198,11646,11641,Embalagem de 400 g,PorSi,,"3,73€/Kg","1,49€",https://cdn.intermarche.pt/pt/Content/images/boitmal/produit/zoom/DA11B82F944212F634532707DD36862D.jpg,,/product/creme-de-coentros-sem-batata/5604260298198
8250,"Creme de Feijão com Espinafres, garrafa de 400 ml",5600358330047,11646,11641,,Sopas Graciete,,"3,98€/L","1,59€",https://cdn.intermarche.pt/pt/Content/images/boitmal/produit/zoom/01468B2316182DF19F71F0AD8C90E657.jpg,,/product/creme-de-feijao-com-espinafres-garrafa-de-400-ml/5600358330047
49620,Creme de Coentros sem Batata,5604260320585,11646,11641,800 g,PorSi,,"3,11€/Kg","2,49€",https://cdn.intermarche.pt/pt/Content/images/boitmal/produit/zoom/4A0684ED3DBE7C308A221DD042D65B47.jpg,,/product/creme-de-coentros-sem-batata/5604260320585
8252,"Creme de Feijão Verde, garrafa de 400 ml",5600358330269,11646,11641,,Sopas Graciete,,"3,98€/L","1,59€",https://cdn.intermarche.pt/pt/Content/images/boitmal/produit/zoom/0B3888C32D6B5EF29D22BD2E416AB0F9.jpg,,/product/creme-de-feijao-verde-garrafa-de-400-ml/5600358330269
49622,Sopa de Agrião,5604260323197,11646,11641,800 g,PorSi,,"2,49€/Kg","1,99€",https://cdn.intermarche.pt/pt/Content/images/boitmal/produit/zoom/AE2B89F6E5F87353BF7DC1A9AE435130.jpg,,/product/sopa-de-agriao/5604260323197
51616,"Creme de Marisco com Camarão, 400g",5604260321810,11646,11641,,PorSi,,"3,73€/Kg","1,49€",https://cdn.intermarche.pt/pt/Content/images/boitmal/produit/zoom/C619B9D03DE0B4BDC5B1290679D81E5F.jpg,,/product/creme-de-marisco-com-camarao-400g/5604260321810
49621,Creme de Cenoura,5604260320578,11646,11641,800 g,PorSi,,"2,49€/Kg","1,99€",https://cdn.intermarche.pt/pt/Content/images/boitmal/produit/zoom/ABDAB26C6416265892B750AC8D2A3576.jpg,,/product/creme-de-cenoura/5604260320578
51237,Rosca Mediterrânea Refrigerada,5604260328024,11647,11641,420 g,PorSi,,"8,79€/Kg","3,69€",https://cdn.intermarche.pt/pt/Content/images/boitmal/produit/zoom/0FCEF37FDB24DD1A8ED8480A5CEF6251.jpg,,/product/rosca-mediterranea-refrigerada/5604260328024
48511,Pasta de Delícias do Mar,5604260322114,11647,11641,250 g,PorSi,,"11,16€/Kg","2,79€",https://cdn.intermarche.pt/pt/Content/images/boitmal/produit/zoom/E94E63CBB5DB86A66718D63E25C0714D.jpg,,/product/pasta-de-delicias-do-mar/5604260322114
52112,"Rosca com Presunto Serrano e Queijo Refrigerada, 420 g",5604260328734,11647,11641,,PorSi,,"8,31€/Kg","3,49€",https://cdn.intermarche.pt/pt/Content/images/boitmal/produit/zoom/35E070A12FC62BF7DB5D5AC794CE7135.jpg,,/product/rosca-com-presunto-serrano-e-queijo-refrigerada-420-g/5604260328734
48512,Pasta de Atum,5604260322107,11647,11641,250 g,PorSi,,"11,96€/Kg","2,99€",https://cdn.intermarche.pt/pt/Content/images/boitmal/produit/zoom/BD038C6381910092E4D76BEDF742DABF.jpg,,/product/pasta-de-atum/5604260322107
49913,Sandes de Frango,5604260325795,11647,11641,174 g,PorSi,,"11,44€/Kg","1,99€",https://cdn.intermarche.pt/pt/Content/images/boitmal/produit/zoom/A42CFB3773EDB456084E0BD3A4BD07D0.jpg,,/product/sandes-de-frango/5604260325795
9816,Cheeseburger de Frango,5608726006457,11647,11641,Embalagem de 100 g,Snock,,"19,90€/Kg","1,99€",https://cdn.intermarche.pt/pt/Content/images/boitmal/produit/zoom/E74EBDB08885B40E3226F7E69A0EA676.jpg,,/product/cheeseburger-de-frango/5608726006457
49916,Wrap Vegetariano,5604260325641,11647,11641,158 g,PorSi,,"12,59€/Kg","1,99€",https://cdn.intermarche.pt/pt/Content/images/boitmal/produit/zoom/A1FBA65F2489E7F2885E11F384653045.jpg,,/product/wrap-vegetariano/5604260325641
9818,Cheeseburger de Vaca,5608726006471,11647,11641,Embalagem de 100 g,Snock,,"15,90€/Kg","1,59€",https://cdn.intermarche.pt/pt/Content/images/boitmal/produit/zoom/A90A834CF440CE97ED0BE81E1B777147.jpg,,/product/cheeseburger-de-vaca/5608726006471
49912,Sandes Delícias do Mar,5604260325788,11647,11641,143 g,PorSi,,"12,52€/Kg","1,79€",https://cdn.intermarche.pt/pt/Content/images/boitmal/produit/zoom/428B79ADB023318768CE720C684E8D5F.jpg,,/product/sandes-delicias-do-mar/5604260325788
49914,Sandes Mista,5604260325771,11647,11641,200 g,PorSi,,"9,95€/Kg","1,99€",https://cdn.intermarche.pt/pt/Content/images/boitmal/produit/zoom/1DAD085FFF18C99DF1F4B098FCD00FA0.jpg,,/product/sandes-mista/5604260325771
12718,Massa Folhada Margarina,5604260297023,11648,11641,Embalagem de 230 g,PorSi,,"4,30€/Kg","0,99€",https://cdn.intermarche.pt/pt/Content/images/boitmal/produit/zoom/6C1FA409E5C8134DE9FAB02BCA4DC1FA.jpg,,/product/massa-folhada-margarina/5604260297023
52113,"Massa Folhada Retangular, 250g",5604260328284,11648,11641,,PorSi,,"3,96€/Kg","0,99€",https://cdn.intermarche.pt/pt/Content/images/boitmal/produit/zoom/9CBB3E77A0F38FD4732C79D466D22F5B.jpg,,/product/massa-folhada-retangular-250g/5604260328284
12723,Massa Quebrada Margarina,5604260297030,11648,11641,Embalagem de 230 g,PorSi,,"4,30€/Kg","0,99€",https://cdn.intermarche.pt/pt/Content/images/boitmal/produit/zoom/59441B0A1A3AA87C68C2FF2729BD7609.jpg,,/product/massa-quebrada-margarina/5604260297030
41444,Cappelletti de Carne e Presunto,5604260307401,11648,11641,Embalagem de 250 g,PorSi,,"7,96€/Kg","1,99€",https://cdn.intermarche.pt/pt/Content/images/boitmal/produit/zoom/5A3DA3DC11625FAF5E72840771E69689.jpg,,/product/cappelletti-de-carne-e-presunto/5604260307401
41445,Massa Fresca Tagliatelle,5604260304851,11648,11641,Embalagem de 250 g,PorSi,,"3,96€/Kg","0,99€",https://cdn.intermarche.pt/pt/Content/images/boitmal/produit/zoom/27A0F5E1B973C2AEF15F94A10A6D5AB2.jpg,,/product/massa-fresca-tagliatelle/5604260304851
15336,"Massa Filo, 250g",3435630210012,11648,11641,,JR,,"11,96€/Kg","2,99€",https://cdn.intermarche.pt/pt/Content/images/boitmal/produit/zoom/60A5AF3033F9BFF4563CB5E00075C958.jpg,,/product/massa-filo-250g/3435630210012
47127,Tagliatelle,8001665706889,11648,11641,Embalagem de 250g,Rana,,"6,76€/Kg","1,69€",https://cdn.intermarche.pt/pt/Content/images/boitmal/produit/zoom/EDFCF2153C7BCB41D05F56B57B8677D9.jpg,,/product/tagliatelle/8001665706889
47128,Spaghetti,8001665706896,11648,11641,Embalagem de 250g,Rana,,"6,76€/Kg","1,69€",https://cdn.intermarche.pt/pt/Content/images/boitmal/produit/zoom/78930A601DD49A09B23197B210236E72.jpg,,/product/spaghetti/8001665706896
27841,"Massa Quebrada, 230g",5600376210109,11648,11641,,Pasta do Dia,,"9,09€/Kg","2,09€",https://cdn.intermarche.pt/pt/Content/images/boitmal/produit/zoom/0C5D7A86FED886706A12E6F8AA2606A3.jpg,,/product/massa-quebrada-230g/5600376210109
47045,"Ravioli de Frango Assado, 250g",8001665717328,11648,11641,,Rana,,"13,16€/Kg","3,29€",https://cdn.intermarche.pt/pt/Content/images/boitmal/produit/zoom/7D07CBA5B729E6EAAAEAE3681C3BAFE1.jpg,,/product/ravioli-de-frango-assado-250g/8001665717328
53196,"Base de Tarte Simples, 200g",4101540739309,11648,11641,,Kuchen Meister,,"12,45€/Kg","2,49€",https://cdn.intermarche.pt/pt/Content/images/boitmal/produit/zoom/EC1C3D114A67902E9EA5ADBAAA6902E6.jpg,,/product/base-de-tarte-simples-200g/4101540739309
25860,"Tortellini de Boletus Edulis, 250 g",8001665011617,11648,11641,,Rana,,"14,76€/Kg","3,69€",https://cdn.intermarche.pt/pt/Content/images/boitmal/produit/zoom/447D8C663008D9BF1995845C979DF673.jpg,,/product/tortellini-de-boletus-edulis-250-g/8001665011617
47129,Ravioli de Atum e Tomate,8001665717304,11648,11641,Embalagem de 250g,Rana,,"13,16€/Kg","3,29€",https://cdn.intermarche.pt/pt/Content/images/boitmal/produit/zoom/4351E65757F072CB1BF8B8879B3FB8BD.jpg,,/product/ravioli-de-atum-e-tomate/8001665717304
53289,"Base de Tarte Tripla Clara, 400g",4101540739347,11648,11641,,Kuchen Meister,,"9,98€/Kg","3,99€",https://cdn.intermarche.pt/pt/Content/images/boitmal/produit/zoom/2063F37F8B6E3F79BF462AF5216ECB27.jpg,,/product/base-de-tarte-tripla-clara-400g/4101540739347
10892,Água com gás natural,3179730011147,11672,10008,Embalagem de 750ml ,Perrier,,"2,39€/L","1,79€",https://cdn.intermarche.pt/pt/Content/images/boitmal/produit/zoom/E8EC5A068843445E6B3B114535E6B909.jpg,2024-09-25T22:59:59.999Z,/product/agua-com-gas-natural/3179730011147
7319,Água com gás natural,3179732373618,11672,10008,Pack 6 x 200 ml,Perrier,,"4,99€/L","5,99€",https://cdn.intermarche.pt/pt/Content/images/boitmal/produit/zoom/0FD70BCDD692D1A6BC82C538D34498EF.jpg,2024-09-25T22:59:59.999Z,/product/agua-com-gas-natural/3179732373618
11656,Água com gás limão,5601195510128,11672,10008,pack 4 x 0.25 l,Pedras Salgadas,,"2,29€/L","2,29€",https://cdn.intermarche.pt/pt/Content/images/boitmal/produit/zoom/9870F7D10B9ED7376F5917B0306BAC76.jpg,,/product/agua-com-gas-limao/5601195510128
8708,Pedras salgadas,5601195104020,11672,10008,pack 10 x de 250 ml,Pedras Salgadas,,"1,96€/L","4,89€",https://cdn.intermarche.pt/pt/Content/images/boitmal/produit/zoom/6A090F85B690C99C445A710AD6892D20.jpg,,/product/pedras-salgadas/5601195104020
9279,Água c/ gás limão,5603533652002,11672,10008,pack 4 x 0.25 l,Frize,,"1,99€/L","1,99€",https://cdn.intermarche.pt/pt/Content/images/boitmal/produit/zoom/5168323A2D812BEF907FCB0E5F1CDA9E.jpg,,/product/agua-c-ou-gas-limao/5603533652002
9567,"Água com gás, sabor limão",5604260251490,11672,10008,"Embalagem de 6x0,25 l",PorSi,,"1,79€/L","2,69€",https://cdn.intermarche.pt/pt/Content/images/boitmal/produit/zoom/6B7AEC330F28F320FAE94685BF94EF29.jpg,,/product/agua-com-gas-sabor-limao/5604260251490
11679,Água com gás,5601241304008,11672,10008,"Garrafa de 1,5 l",Vimeiro,,"0,66€/L","0,99€",https://cdn.intermarche.pt/pt/Content/images/boitmal/produit/zoom/D5394B669005244ED06B2D560AC8ECE7.jpg,,/product/agua-com-gas/5601241304008
49841,"Água com Gás, pack 6 x 1 litro",5601195106147,11672,10008,,Pedras Salgadas,,"1,17€/L","6,99€",https://cdn.intermarche.pt/pt/Content/images/boitmal/produit/zoom/86431D29BDF4EFDD339EF8F631368971.jpg,,/product/agua-com-gas-pack-6-x-1-litro/5601195106147
5381,Água c/ gás,5601241211108,11672,10008,Pack 6 x 0.5 l,Vimeiro,,"1,23€/L","3,69€",https://cdn.intermarche.pt/pt/Content/images/boitmal/produit/zoom/2B0F549FCB7032A18C3A5416B8C0DA69.jpg,,/product/agua-c-ou-gas/5601241211108
9565,Água com gás,5604260251469,11672,10008,"Garrafa de 1,5 l",PorSi,,"0,33€/L","0,49€",https://cdn.intermarche.pt/pt/Content/images/boitmal/produit/zoom/B7ED7FA737173A04FB7BB5DA69897A29.jpg,,/product/agua-com-gas/5604260251469
9566,Água com gás sem sabor,5604260251476,11672,10008,pack 6 x 0.25 l,PorSi,,"0,93€/L","1,39€",https://cdn.intermarche.pt/pt/Content/images/boitmal/produit/zoom/A092C2ED4DC98143292856617FAFC784.jpg,,/product/agua-com-gas-sem-sabor/5604260251476
9022,Água com gás,5601603160044,11672,10008,pack 6 x 0.25 l,Castello,,"2,13€/L","3,19€",https://cdn.intermarche.pt/pt/Content/images/boitmal/produit/zoom/8A163A747F17E6D52532979F3CF8F33C.jpg,,/product/agua-com-gas/5601603160044
11942,Água c/ gás groselha,5603533492202,11672,10008,pack 4 x 0.25 l,Frize,,"1,99€/L","1,99€",https://cdn.intermarche.pt/pt/Content/images/boitmal/produit/zoom/1BCB2445A8F41EC02B613ABED34EE191.jpg,,/product/agua-c-ou-gas-groselha/5603533492202
11678,Água com gás,5601241111101,11672,10008,pack 6 x 0.25 l,Vimeiro,,"2,19€/L","3,29€",https://cdn.intermarche.pt/pt/Content/images/boitmal/produit/zoom/90508B8C757AA55ED6AEE764F3545FFC.jpg,,/product/agua-com-gas/5601241111101
30879,Pedras salgadas frutos vermelhos,5601195620124,11672,10008,pack 4 x 0.25 l,Pedras Salgadas,,"2,29€/L","2,29€",https://cdn.intermarche.pt/pt/Content/images/boitmal/produit/zoom/2839384B061E6BE9F46A23A2AC7BE08B.jpg,,/product/pedras-salgadas-frutos-vermelhos/5601195620124
38395,San pellegrino pet fg 100cl italia,8002270002045,11672,10008,Garrafa de 1 l,San Pellegrino,,"1,89€/L","1,89€",https://cdn.intermarche.pt/pt/Content/images/boitmal/produit/zoom/CAD1756977EDD66436BE0FD6E7DC2BE4.jpg,,/product/san-pellegrino-pet-fg-100cl-italia/8002270002045
39305,Pedras maracujá,5601195640122,11672,10008,Pack 4 x 25 cl,Pedras Salgadas,,"2,29€/L","2,29€",https://cdn.intermarche.pt/pt/Content/images/boitmal/produit/zoom/4C945380FED2FA4017377501F2ADC0B7.jpg,,/product/pedras-maracuja/5601195640122
40969,Água com gás sabor a maracujá,5601151972557,11672,10008,"Pack 4x 0,25l",Frize,,"1,99€/L","1,99€",https://cdn.intermarche.pt/pt/Content/images/boitmal/produit/zoom/9EDA238AFCB0C6D994D4CB4972B7E3C2.jpg,,/product/agua-com-gas-sabor-a-maracuja/5601151972557
46828,Água com gás tangerina,5601195650121,11672,10008,Pack 4 x 25 cl,Pedras Salgadas,,"2,29€/L","2,29€",https://cdn.intermarche.pt/pt/Content/images/boitmal/produit/zoom/5084BA361703D671E71A24FCA1C63E64.jpg,,/product/agua-com-gas-tangerina/5601195650121
16654,Água c/ gás original,5603533100022,11672,10008,pack 6 x 0.25 l,Frize,,"1,79€/L","2,69€",https://cdn.intermarche.pt/pt/Content/images/boitmal/produit/zoom/6316F100F2A00DC9BD58D9103CEFDC90.jpg,,/product/agua-c-ou-gas-original/5603533100022
5317,Água com gás levíssima,5601195403154,11672,10008,pack 6 x 0.33 l,Pedras Salgadas,,"1,66€/L","3,29€",https://cdn.intermarche.pt/pt/Content/images/boitmal/produit/zoom/1EA56F31F1C86A4ECB4374565F005C7D.jpg,,/product/agua-com-gas-levissima/5601195403154
8953,Água c/ gás,5601405001507,11672,10008,pack 6 x 0.33 l,Carvalhelhos,,"1,36€/L","2,69€",https://cdn.intermarche.pt/pt/Content/images/boitmal/produit/zoom/2826595A463B3138B73A76218D590C1A.jpg,,/product/agua-c-ou-gas/5601405001507
11655,Água com gás natural pet,5601195101142,11672,10008,pack 6 x 0.33 l,Pedras Salgadas,,"1,41€/L","2,79€",https://cdn.intermarche.pt/pt/Content/images/boitmal/produit/zoom/9B79053350A1A0385E8F9A623796CDE0.jpg,,/product/agua-com-gas-natural-pet/5601195101142
52275,"Água com Gás Maçã e Limão, garrafa de 1 litro",5604260329847,11672,10008,,PorSi,,"0,99€/L","0,99€",https://cdn.intermarche.pt/pt/Content/images/boitmal/produit/zoom/270092111F81509CD258DC7AAD305CB8.jpg,,/product/agua-com-gas-maca-e-limao-garrafa-de-1-litro/5604260329847
8952,Água com gás pet,5601405001224,11672,10008,"Garrafa de 1,5 l",Carvalhelhos,,"0,59€/L","0,89€",https://cdn.intermarche.pt/pt/Content/images/boitmal/produit/zoom/0D2791F64A80C9802E1737507C5F7B19.jpg,,/product/agua-com-gas-pet/5601405001224
49767,Água c/ Gás Ananás,5601151969106,11672,10008,pack 4 x 0.25 l,Frize,,"1,99€/L","1,99€",https://cdn.intermarche.pt/pt/Content/images/boitmal/produit/zoom/EE071A8A9B23805FF5594CF8DCE06CD5.jpg,,/product/agua-c-ou-gas-ananas/5601151969106
20202,Água c/ gás: limão/pepino/gengibre,5601151976456,11672,10008,pack 4 x 0.25 l,Frize,,"1,99€/L","1,99€",https://cdn.intermarche.pt/pt/Content/images/boitmal/produit/zoom/F47824AB7ACD4F4E1E1A0CC54659430F.jpg,,/product/agua-c-ou-gas:-limao-ou-pepino-ou-gengibre/5601151976456
51945,"Água com Gás Yuzu, Pack 4 x 25 cl",5601151966846,11672,10008,,Frize,,"1,99€/L","1,99€",https://cdn.intermarche.pt/pt/Content/images/boitmal/produit/zoom/AF0C32266B18AE6C526A55B7E6DA6BDE.jpg,,/product/agua-com-gas-yuzu-pack-4-x-25-cl/5601151966846
11682,Água com gás,5601241961201,11672,10008,pack 6 x 0.25 l,Vimeiro,,"2,33€/L","3,49€",https://cdn.intermarche.pt/pt/Content/images/boitmal/produit/zoom/54B906D5CD0F7B8828D0ED0CC93DF6D2.jpg,,/product/agua-com-gas/5601241961201
1323,Água s/ gás,5601163020512,11673,10008,Pack 6 x 1.5 l,Luso,,"0,39€/L","3,48€",https://cdn.intermarche.pt/pt/Content/images/boitmal/produit/zoom/571D03B7CBBBB17BF53B16AF9AF5385C.jpg,2024-09-25T22:59:59.999Z,/product/agua-s-ou-gas/5601163020512
8658,Água sem gás,5601163101716,11673,10008,pack 6 x 0.5 l,Luso,,"0,86€/L","2,59€",https://cdn.intermarche.pt/pt/Content/images/boitmal/produit/zoom/7DE0FF5737733513F14135E2CA47ED18.jpg,2024-09-25T22:59:59.999Z,/product/agua-sem-gas/5601163101716
44295,Água sem gás,5601163080714,11673,10008,Garrafa de 330 ml,Luso,,"1,09€/L","0,36€",https://cdn.intermarche.pt/pt/Content/images/boitmal/produit/zoom/865D4F4CD716A95207D448BD50494F90.jpg,2024-09-25T22:59:59.999Z,/product/agua-sem-gas/5601163080714
8657,Água s/ gás,5601163081711,11673,10008,pack 6 x 0.33 l,Luso,,"1,19€/L","2,35€",https://cdn.intermarche.pt/pt/Content/images/boitmal/produit/zoom/BDA4A39891F935792B52BE1088E63C0F.jpg,2024-09-25T22:59:59.999Z,/product/agua-s-ou-gas/5601163081711
1322,Água s/ gás,5601163011114,11673,10008,"Garrafa de 5,4 l",Luso,,"0,33€/L","1,77€",https://cdn.intermarche.pt/pt/Content/images/boitmal/produit/zoom/4B414C742356ECF49B4C0D49D2F721F7.jpg,2024-09-25T22:59:59.999Z,/product/agua-s-ou-gas/5601163011114
1325,Água sem Gás,5601163120816,11673,10008,"Garrafa de 0,75 l",Luso,,"0,91€/L","0,68€",https://cdn.intermarche.pt/pt/Content/images/boitmal/produit/zoom/EB855E4D33D4EACCD13F74886B7162B5.jpg,2024-09-25T22:59:59.999Z,/product/agua-sem-gas/5601163120816
40976,Água mineral natural alcalina,5604172000353,11673,10008,Garrafão de 5 l,Monchique,,"0,28€/L","1,39€",https://cdn.intermarche.pt/pt/Content/images/boitmal/produit/zoom/FC3A379BBDDBC84DD5A4567758FAC939.jpg,,/product/agua-mineral-natural-alcalina/5604172000353
40819,Água sem gás,5605566000133,11673,10008,Garrafão de 5 litros,Penacova,,"0,20€/L","0,99€",https://cdn.intermarche.pt/pt/Content/images/boitmal/produit/zoom/DB4D67A37D5129B55CAE2FCD805BD941.jpg,,/product/agua-sem-gas/5605566000133
46287,Água sem gás,5604260326631,11673,10008,Garrafão de 6 l,PorSi,,"0,14€/L","0,83€",https://cdn.intermarche.pt/pt/Content/images/boitmal/produit/zoom/7FACE9626BF75024D5DBE711B1522154.jpg,,/product/agua-sem-gas/5604260326631
11987,"Água mineral sem gás, garrafão de 2,5L",5604055112821,11673,10008,,Fastio,,"0,56€/L","1,39€",https://cdn.intermarche.pt/pt/Content/images/boitmal/produit/zoom/D9740D5BDF13334ECF645314730F56EC.jpg,,/product/agua-mineral-sem-gas-garrafao-de-25l/5604055112821
16365,"Água sem gás, garrafa de 1 l",5604055112005,11673,10008,,Fastio,,"0,59€/L","0,59€",https://cdn.intermarche.pt/pt/Content/images/boitmal/produit/zoom/4C770528107ABCD7FCD46700399F62BE.jpg,,/product/agua-sem-gas-garrafa-de-1-l/5604055112005
9762,Água mineral sem gás infantil,5604260265862,11673,10008,"Embalagem de 6x0,33 l",Serra de Fafe,,"0,70€/L","1,39€",https://cdn.intermarche.pt/pt/Content/images/boitmal/produit/zoom/F08046F8FE4F773B19A242D6F8973B30.jpg,,/product/agua-mineral-sem-gas-infantil/5604260265862
1480,"Água mineral sem gás, pack 6 x 1.5 l",5601314000073,11673,10008,,Vitalis,,"0,39€/L","3,49€",https://cdn.intermarche.pt/pt/Content/images/boitmal/produit/zoom/DBABD0E3FAFA221D73AE3D490EFE7F8E.jpg,,/product/agua-mineral-sem-gas-pack-6-x-1.5-l/5601314000073
41876,"Água Mineral Natural, 6 x 1.5l",5604172000520,11673,10008,,Monchique,,"0,42€/L","3,79€",https://cdn.intermarche.pt/pt/Content/images/boitmal/produit/zoom/96F4F2E330EF0E7DD342F519AF275171.jpg,,/product/agua-mineral-natural-6-x-1.5l/5604172000520
43242,"Água mineral natural, pack 6 x 1.5 litros",5605566000171,11673,10008,,Penacova,,"0,24€/L","2,19€",https://cdn.intermarche.pt/pt/Content/images/boitmal/produit/zoom/2968A643BAABE4995923FD99AB222CA6.jpg,,/product/agua-mineral-natural-pack-6-x-1.5-litros/5605566000171
5438,Água mineral sem gás,5601314222222,11673,10008,pack 6 x 0.33 l,Vitalis,,"0,88€/L","1,74€",https://cdn.intermarche.pt/pt/Content/images/boitmal/produit/zoom/E11545810DC93B28039D4E1D76B28C17.jpg,,/product/agua-mineral-sem-gas/5601314222222
5439,Água mineral sem gás sport,5601314228248,11673,10008,Garrafa de 750 ml,Vitalis,,"0,95€/L","0,71€",https://cdn.intermarche.pt/pt/Content/images/boitmal/produit/zoom/AD35784888276AF8FE1E57FD455A1797.jpg,,/product/agua-mineral-sem-gas-sport/5601314228248
16343,Água s/ gás,5601151978856,11673,10008,Garrafão de 6L,Serra da estrela,,"0,30€/L","1,79€",https://cdn.intermarche.pt/pt/Content/images/boitmal/produit/zoom/2A151874E9D0A614C63CE9E0A9FAE9B2.jpg,,/product/agua-s-ou-gas/5601151978856
1035,Água mineral sem gás,5601045105313,11673,10008,pack 4 x 1.5 l,Serra da estrela,,"0,37€/L","2,19€",https://cdn.intermarche.pt/pt/Content/images/boitmal/produit/zoom/2AD57C02BC703D78494AE14A0BEFDA49.jpg,,/product/agua-mineral-sem-gas/5601045105313
25126,Água s/ gás,5601314229207,11673,10008,Embalagem de 6 L,Vitalis,,"0,32€/L","1,89€",https://cdn.intermarche.pt/pt/Content/images/boitmal/produit/zoom/03334A1BA03E5B149DFACD5733DB756D.jpg,,/product/agua-s-ou-gas/5601314229207
1709,"Água mineral sem gás, garrafão de 6L",5604055111060,11673,10008,,Fastio,,"0,33€/L","1,99€",https://cdn.intermarche.pt/pt/Content/images/boitmal/produit/zoom/6DC4524795A66E05CC84F206F41E7F8C.jpg,,/product/agua-mineral-sem-gas-garrafao-de-6l/5604055111060
25881,Água s/ gás,5601151155257,11673,10008,"Pack 6 x 0,50 l",Serra da estrela,,"0,66€/L","1,99€",https://cdn.intermarche.pt/pt/Content/images/boitmal/produit/zoom/9CF77A1C934CC8E61A27D917F276D515.jpg,,/product/agua-s-ou-gas/5601151155257
35297,Água sem gás,5601314223205,11673,10008,Garrafa de 0.5 l,Vitalis,,"0,78€/L","0,39€",https://cdn.intermarche.pt/pt/Content/images/boitmal/produit/zoom/341D6A72BBB8AB6BB829B689761B2A68.jpg,,/product/agua-sem-gas/5601314223205
40820,Água sem gás,5605566000126,11673,10008,Garrafa de 1.5 litros,Penacova,,"0,24€/L","0,36€",https://cdn.intermarche.pt/pt/Content/images/boitmal/produit/zoom/53D2807B3CD9D3B8663096F71DA074B8.jpg,,/product/agua-sem-gas/5605566000126
1711,"Água mineral sem gás, pack 4 x 1,5L",5604055118410,11673,10008,,Fastio,,"0,47€/L","2,79€",https://cdn.intermarche.pt/pt/Content/images/boitmal/produit/zoom/D02DF978D621E943487B52391D308C37.jpg,,/product/agua-mineral-sem-gas-pack-4-x-15l/5604055118410
51067,Água sem Gás Sport,5604260326761,11673,10008,Pack de 6 x 0.5 l,PorSi,,"0,66€/L","1,99€",https://cdn.intermarche.pt/pt/Content/images/boitmal/produit/zoom/2B22BBDFBD5E644C8A34D88243BC78B0.jpg,,/product/agua-sem-gas-sport/5604260326761
49824,"Água Mineral Natural Sport 100% Recargável, 6x0.72l",5604172000551,11673,10008,,Monchique,,"1,22€/L","5,29€",https://cdn.intermarche.pt/pt/Content/images/boitmal/produit/zoom/EE56F744B00F924EF67F342A3CFAD19A.jpg,,/product/agua-mineral-natural-sport-100%25-recargavel-6x0.72l/5604172000551
44296,"Água Mineral Natural, 6x0.34 l",5604172000643,11673,10008,,Monchique,,"1,12€/L","2,29€",https://cdn.intermarche.pt/pt/Content/images/boitmal/produit/zoom/5392869954E5D8C225B9ED05A3293143.jpg,,/product/agua-mineral-natural-6x0.34-l/5604172000643
49823,"Água Mineral, Ecopack 10 Litros",5604172000735,11673,10008,,Monchique,,"0,39€/L","3,89€",https://cdn.intermarche.pt/pt/Content/images/boitmal/produit/zoom/E38E250D3FCD3C51CFCE46DB5333FA69.jpg,,/product/agua-mineral-ecopack-10-litros/5604172000735
5750,"Água mineral sem gás, pack 4 x 50ml",5604055112913,11673,10008,,Fastio,,"0,96€/L","2,89€",https://cdn.intermarche.pt/pt/Content/images/boitmal/produit/zoom/272B41D862654A92BCCA7BA89343882E.jpg,,/product/agua-mineral-sem-gas-pack-4-x-50ml/5604055112913
22330,"Água mineral sem gás, garrafa de 500ml",3068320055008,11673,10008,,Evian,,"2,38€/L","1,19€",https://cdn.intermarche.pt/pt/Content/images/boitmal/produit/zoom/B4FA4693E533B6BB4350C4A2487C5728.jpg,,/product/agua-mineral-sem-gas-garrafa-de-500ml/3068320055008
41873,Água mineral natural,3048431002658,11673,10008,Garrafa de 1.5 l,Vittel,,"1,33€/L","1,99€",https://cdn.intermarche.pt/pt/Content/images/boitmal/produit/zoom/5B63414BCAC083E71367921FA172383E.jpg,,/product/agua-mineral-natural/3048431002658
45444,Água Mineral Natural 100% Reciclada,5601314225308,11673,10008,Garrafa de 1.5 l,Vitalis,,"0,45€/L","0,68€",https://cdn.intermarche.pt/pt/Content/images/boitmal/produit/zoom/CA80D35EABD2AAE94700F6B303E49A09.jpg,,/product/agua-mineral-natural-100%25-reciclada/5601314225308
35397,Água sem gás frutos vermelhos,5601163000613,11674,10008,Garrafa de 500 ml,Luso,,"1,98€/L","0,99€",https://cdn.intermarche.pt/pt/Content/images/boitmal/produit/zoom/1DA66D80A97F1E2D84DD438E0880CC0A.jpg,,/product/agua-sem-gas-frutos-vermelhos/5601163000613
11606,Água s/ gás frutos vermelhos,5601163001412,11674,10008,Garrafa de 1 l,Luso,,"1,79€/L","1,79€",https://cdn.intermarche.pt/pt/Content/images/boitmal/produit/zoom/E0539892A522C221CCDA9C637F7A0217.jpg,,/product/agua-s-ou-gas-frutos-vermelhos/5601163001412
41323,Luso de fruta maçã,5601163001726,11674,10008,Garrafa de 1 l,Luso,,"1,79€/L","1,79€",https://cdn.intermarche.pt/pt/Content/images/boitmal/produit/zoom/FD25D8602ED7947A83AA719B1468591F.jpg,,/product/luso-de-fruta-maca/5601163001726
11605,Água s/ gás limão,5601163001214,11674,10008,Garrafa de 1 l,Luso,,"1,79€/L","1,79€",https://cdn.intermarche.pt/pt/Content/images/boitmal/produit/zoom/7D83CF6D1587B654EE7DEA7C106F6E33.jpg,,/product/agua-s-ou-gas-limao/5601163001214
14367,Água tónica,8414100314646,11675,10008,Garrafa de 1 l,Schweppes,,"1,99€/L","1,99€",https://cdn.intermarche.pt/pt/Content/images/boitmal/produit/zoom/5C66815ADFA914E33C4113BEAE08ED74.jpg,,/product/agua-tonica/8414100314646
18195,Ginger ale,8414100314745,11675,10008,Garrafa de 1 l,Schweppes,,"1,99€/L","1,99€",https://cdn.intermarche.pt/pt/Content/images/boitmal/produit/zoom/09EBA3B96E13399BDEDB09CF9692D50F.jpg,,/product/ginger-ale/8414100314745
47653,Ginger Ale,8414100306559,11675,10008,lata 33 cl,Schweppes,,"2,88€/L","0,95€",https://cdn.intermarche.pt/pt/Content/images/boitmal/produit/zoom/7266BD34E9D43F1FF4AC9272334226E1.jpg,,/product/ginger-ale/8414100306559
31551,Schweppes tónica zero,8414100333241,11675,10008,Garrafa de 250 ml,Schweppes,,"3,80€/L","0,95€",https://cdn.intermarche.pt/pt/Content/images/boitmal/produit/zoom/7D3CDC1738B0F685E19A0F0C867F8751.jpg,,/product/schweppes-tonica-zero/8414100333241
20645,Água tónica,8414100333142,11675,10008,Garrafa de 250 ml,Schweppes,,"3,80€/L","0,95€",https://cdn.intermarche.pt/pt/Content/images/boitmal/produit/zoom/B5135EC368396A1E27E631F286A71A1E.jpg,,/product/agua-tonica/8414100333142
14687,Água tónica premium mediterranean,5060108450515,11675,10008,pack 4 x 0.20 l,Fever-Tree,,"7,49€/L","5,99€",https://cdn.intermarche.pt/pt/Content/images/boitmal/produit/zoom/770F28EDA01BED3158CBDE1A06DB5374.jpg,,/product/agua-tonica-premium-mediterranean/5060108450515
14432,Água tónica premium indian,5060108450010,11675,10008,pack 4 x 0.20 l,Fever-Tree,,"7,49€/L","5,99€",https://cdn.intermarche.pt/pt/Content/images/boitmal/produit/zoom/3640F52D236288BAD0F7AE936CF4D877.jpg,,/product/agua-tonica-premium-indian/5060108450010
40996,Água tónica citrus,8414100389590,11675,10008,Garrafa de 1 l,Schweppes,,"1,59€/L","1,59€",https://cdn.intermarche.pt/pt/Content/images/boitmal/produit/zoom/E5516D9F82E19D747B0DB35CBB6229F9.jpg,,/product/agua-tonica-citrus/8414100389590
53029,"Bebida Ginger Beer Premium, garrafa de 200 ml",8414100387626,11675,10008,,Schweppes,,"8,95€/L","1,79€",https://cdn.intermarche.pt/pt/Content/images/boitmal/produit/zoom/F8F77D165B88780BC28DB0A0A073BEAD.jpg,,/product/bebida-ginger-beer-premium-garrafa-de-200-ml/8414100387626
53030,"Refrigerante Laranja Zero, lata de 330 ml",8414100363460,11675,10008,,Schweppes,,"2,88€/L","0,95€",https://cdn.intermarche.pt/pt/Content/images/boitmal/produit/zoom/D8A50DAF7C343E44B10F6987990E4D7C.jpg,,/product/refrigerante-laranja-zero-lata-de-330-ml/8414100363460
53295,"Água Tónica Regular Zero, garrafa de 1l",8414100301240,11675,10008,,Schweppes,,"1,99€/L","1,99€",https://cdn.intermarche.pt/pt/Content/images/boitmal/produit/zoom/AEC285B8796F6030DCD987BA7BB072F4.jpg,,/product/agua-tonica-regular-zero-garrafa-de-1l/8414100301240
40956,Schweppes citrus lata 33cl,8414100389538,11675,10008,Garrafa de 330 ml,Schweppes,,"2,88€/L","0,95€",https://cdn.intermarche.pt/pt/Content/images/boitmal/produit/zoom/121AC80C17F615466A8952DEE7E97FBC.jpg,,/product/schweppes-citrus-lata-33cl/8414100389538
5273,Cerveja c/ álcool,5601164902343,11112,10053,pack 24 x 0.33 l,Super Bock,,"2,15€/L","16,99€",https://cdn.intermarche.pt/pt/Content/images/boitmal/produit/zoom/9036A4A1A895E7D1EC16B298057D65EB.jpg,2024-10-04T22:59:59.999Z,/product/cerveja-c-ou-alcool/5601164902343
15561,Cerveja c/ álcool,5601146703418,11112,10053,pack 15 x 0.33 l,Sagres,,"2,41€/L","11,95€",https://cdn.intermarche.pt/pt/Content/images/boitmal/produit/zoom/20D6EA913780BD86D64E5DE3BCD42749.jpg,2024-10-04T22:59:59.999Z,/product/cerveja-c-ou-alcool/5601146703418
15879,Cerveja Mini,5601164902282,11112,10053,Pack 15 x 0.20 L,Super Bock,,"2,33€/L","6,99€",https://cdn.intermarche.pt/pt/Content/images/boitmal/produit/zoom/B6A4FA8F12716114DD47B614825CAA6B.jpg,2024-10-04T22:59:59.999Z,/product/cerveja-mini/5601164902282
49359,Cerveja Mini,5601146700066,11112,10053,pack 24 x 0.25 l,Sagres,,"1,92€/L","11,49€",https://cdn.intermarche.pt/pt/Content/images/boitmal/produit/zoom/6C2425FE0470CC14A198CD6F86FC4300.jpg,2024-10-04T22:59:59.999Z,/product/cerveja-mini/5601146700066
49475,Cerveja Mini,5601146570027,11112,10053,pack 15 x 25 cl,Sagres,,"2,00€/L","7,49€",https://cdn.intermarche.pt/pt/Content/images/boitmal/produit/zoom/2A9CDD69C05CD0571DDBA8FAB1D27E24.jpg,2024-10-04T22:59:59.999Z,/product/cerveja-mini/5601146570027
24838,Cerveja Mini,5601164903722,11112,10053,Pack 30 X 0.25 L,Super Bock,,"1,85€/L","13,85€",https://cdn.intermarche.pt/pt/Content/images/boitmal/produit/zoom/21F823289804B326F67E5D90563F901B.jpg,2024-10-04T22:59:59.999Z,/product/cerveja-mini/5601164903722
16022,Cerveja Mini,5601146703609,11112,10053,20 x 0.25 l,Sagres,,"2,00€/L","9,99€",https://cdn.intermarche.pt/pt/Content/images/boitmal/produit/zoom/FF51CCF9441973386AEED91491E4E439.jpg,2024-10-04T22:59:59.999Z,/product/cerveja-mini/5601146703609
8672,Cerveja Mini,5601164902589,11112,10053,Pack 20 x 25 cl,Super Bock,,"2,00€/L","9,99€",https://cdn.intermarche.pt/pt/Content/images/boitmal/produit/zoom/FD142F0CD2C15C33B72ED63E577444D5.jpg,2024-10-04T22:59:59.999Z,/product/cerveja-mini/5601164902589
23652,Cerveja Mini,8712000900175,11112,10053,Pack 24 x 0.25 l,Heineken,,"2,50€/L","14,99€",https://cdn.intermarche.pt/pt/Content/images/boitmal/produit/zoom/A0830239E607394E6D6BDF0421171D9F.jpg,2024-10-04T22:59:59.999Z,/product/cerveja-mini/8712000900175
2249,"Cerveja com álcool, lata",5604260267682,11112,10053,"Embalagem de 0,50 l",Kings Bräu,,"1,38€/L","0,69€",https://cdn.intermarche.pt/pt/Content/images/boitmal/produit/zoom/5ED5BD034D52671755539F32AEBDCADC.jpg,2024-10-04T22:59:59.999Z,/product/cerveja-com-alcool-lata/5604260267682
8670,Cerveja Mini,5601164900004,11112,10053,"Embalagem de 24x0,25 l",Carlsberg,,"2,17€/L","12,99€",https://cdn.intermarche.pt/pt/Content/images/boitmal/produit/zoom/8E793C10596DF6E5F3EB52AE7B2C3310.jpg,2024-10-04T22:59:59.999Z,/product/cerveja-mini/5601164900004
2250,Cerveja com álcool,5604260267699,11112,10053,"Embalagem de 0,33 l",Kings Bräu,,"1,18€/L","0,39€",https://cdn.intermarche.pt/pt/Content/images/boitmal/produit/zoom/0D11D47DD8B6C5E815AEE8940B6348BD.jpg,,/product/cerveja-com-alcool/5604260267699
5269,Cerveja com álcool,5601164124202,11112,10053,Embalagem de 6 x 0.33 l,Cristal,,"1,76€/L","3,49€",https://cdn.intermarche.pt/pt/Content/images/boitmal/produit/zoom/9498FFF5B16842E11CA572CBBE36C0F9.jpg,,/product/cerveja-com-alcool/5601164124202
1225,Cerveja com álcool,5601146000319,11112,10053,Lata de 500ml,Sagres,,"1,58€/L","0,79€",https://cdn.intermarche.pt/pt/Content/images/boitmal/produit/zoom/5AA9837C7EA7B15D1FA47AC69F3D8222.jpg,,/product/cerveja-com-alcool/5601146000319
19224,Cerveja c/ álcool,5601146000302,11112,10053,"0,33L",Sagres,,"1,79€/L","0,59€",https://cdn.intermarche.pt/pt/Content/images/boitmal/produit/zoom/EBDE5C2D7A8E2994390EABBDDAA50772.jpg,,/product/cerveja-c-ou-alcool/5601146000302
32549,Cerveja Mini,5601164904170,11112,10053,Pack 20 X 0.25 L,Cristal,,"1,80€/L","8,99€",https://cdn.intermarche.pt/pt/Content/images/boitmal/produit/zoom/BD82D2C3802B893039537AB5610F4706.jpg,,/product/cerveja-mini/5601164904170
5816,Cerveja com álcool,5604260061921,11112,10053,Embalagem de 6x 0.33 l,Kings Bräu,,"1,41€/L","2,79€",https://cdn.intermarche.pt/pt/Content/images/boitmal/produit/zoom/3B2DB089EEFEDD704874A6D0C953D14E.jpg,,/product/cerveja-com-alcool/5604260061921
8577,"Cerveja com álcool, tara perdida",5601146000425,11112,10053,pack 6 x 0.33 l,Sagres,,"2,45€/L","4,85€",https://cdn.intermarche.pt/pt/Content/images/boitmal/produit/zoom/2EB7704DBA490BA8B3C0147A31E27A52.jpg,,/product/cerveja-com-alcool-tara-perdida/5601146000425
16105,Cerveja Mini,5601146703463,11112,10053,pack 30 x 0.25 L,Sagres,,"1,83€/L","13,75€",https://cdn.intermarche.pt/pt/Content/images/boitmal/produit/zoom/6A268F7D3CFF6A55F6AD0FB91F4E6512.jpg,,/product/cerveja-mini/5601146703463
5272,Cerveja Mini,5601164902312,11112,10053,pack 24 x 0.20 l ,Super Bock,,"2,08€/L","9,99€",https://cdn.intermarche.pt/pt/Content/images/boitmal/produit/zoom/2912E3195E8AA342B174CBFEDFDDDFEF.jpg,,/product/cerveja-mini/5601164902312
2177,Cerveja com álcool,5604260263851,11112,10053,Garrafa de 1 l,Kings Bräu,,"1,19€/L","1,19€",https://cdn.intermarche.pt/pt/Content/images/boitmal/produit/zoom/13849A0ABE30250310C5EE051C131A8C.jpg,,/product/cerveja-com-alcool/5604260263851
1327,Cerveja com álcool,5601164115606,11112,10053,Garrafa de 1 l,Super Bock,,"1,59€/L","1,59€",https://cdn.intermarche.pt/pt/Content/images/boitmal/produit/zoom/FC11CF1C46007F0CF2F97506679F884C.jpg,,/product/cerveja-com-alcool/5601164115606
1326,"Cerveja com álcool, lata",5601164113701,11112,10053,Garrafa de 500 ml,Super Bock,,"1,58€/L","0,79€",https://cdn.intermarche.pt/pt/Content/images/boitmal/produit/zoom/4C9537639592709924CCB188EC8EC9D7.jpg,,/product/cerveja-com-alcool-lata/5601164113701
53038,"Cerveja Mini, pack 35 x 25cl",5601146700141,11112,10053,,Sagres,,"1,83€/L","15,99€",https://cdn.intermarche.pt/pt/Content/images/boitmal/produit/zoom/9ECA467A226ADBBBD9D1E3294C602ED2.jpg,,/product/cerveja-mini-pack-35-x-25cl/5601146700141
34268,Cerveja Mini,5601164111349,11112,10053,Pack 6 x 200 ml,Super Bock,,"2,74€/L","3,29€",https://cdn.intermarche.pt/pt/Content/images/boitmal/produit/zoom/65CC419CB9E3AFC7E36E9924A6D82E01.jpg,,/product/cerveja-mini/5601164111349
15619,"Cerveja com álcool, lata",5601164114708,11112,10053,Garrafa de 330 ml,Super Bock,,"1,79€/L","0,59€",https://cdn.intermarche.pt/pt/Content/images/boitmal/produit/zoom/560A12C2F2209E8A5F02C2A11E9D9607.jpg,,/product/cerveja-com-alcool-lata/5601164114708
8662,Cerveja com álcool,5601164125001,11112,10053,Garrafa de 1 l,Cristal,,"1,59€/L","1,59€",https://cdn.intermarche.pt/pt/Content/images/boitmal/produit/zoom/DEBE21CFDAE55D67E0D13E2296BE7C11.jpg,,/product/cerveja-com-alcool/5601164125001
37520,Cerveja com Álcool,0000087120158,11112,10053,Lata de 0.33 l,Heineken,,"3,00€/L","0,99€",https://cdn.intermarche.pt/pt/Content/images/boitmal/produit/zoom/EA807AACE7EE009E79D2C81966D3F565.jpg,,/product/cerveja-com-alcool/0000087120158
8661,Cerveja com álcool,5601164124707,11112,10053,Lata de 330 ml,Cristal,,"1,61€/L","0,53€",https://cdn.intermarche.pt/pt/Content/images/boitmal/produit/zoom/69BE7E5B633A47ACB327F6C3B672A600.jpg,,/product/cerveja-com-alcool/5601164124707
51929,Cerveja com Álcool,8712000900045,11112,10053,Lata de 500 ml,Heineken,,"2,58€/L","1,29€",https://cdn.intermarche.pt/pt/Content/images/boitmal/produit/zoom/6B9655F220DF3585E1555E1247E005A5.jpg,,/product/cerveja-com-alcool/8712000900045
24865,Cerveja em lata,5601164164703,11112,10053,Lata de 330 ml,Carlsberg,,"3,00€/L","0,99€",https://cdn.intermarche.pt/pt/Content/images/boitmal/produit/zoom/EFAF610F79EB7191AB8EC43D5457364F.jpg,,/product/cerveja-em-lata/5601164164703
35743,Cerveja Mini,8712000020187,11112,10053,Pack de 12 x 0.25 l,Heineken,,"2,66€/L","7,99€",https://cdn.intermarche.pt/pt/Content/images/boitmal/produit/zoom/5EA2EAFC1373EDE4EE41374B2978285C.jpg,,/product/cerveja-mini/8712000020187
53037,"Cerveja Mini Bohemia Original, 6 x 250ml",5601146903276,11112,10053,,Sagres,,"2,59€/L","3,89€",https://cdn.intermarche.pt/pt/Content/images/boitmal/produit/zoom/92ECE3E71130D883E7BC8B8C56645A66.jpg,,/product/cerveja-mini-bohemia-original-6-x-250ml/5601146903276
8665,Cerveja Mini,5601164162204,11112,10053,pack 6 x 0.25 l,Carlsberg,,"3,33€/L","4,99€",https://cdn.intermarche.pt/pt/Content/images/boitmal/produit/zoom/5F52CBF936CAEC9A515DA874014E66BB.jpg,,/product/cerveja-mini/5601164162204
10595,Cerveja Mini,8712000900014,11112,10053,"Pack 6x0,25 l ",Heineken,,"15,96€/L","3,99€",https://cdn.intermarche.pt/pt/Content/images/boitmal/produit/zoom/4CD67FF57C15377D615F5BEED8C6BB98.jpg,,/product/cerveja-mini/8712000900014
1224,Cerveja com álcool,5601146000104,11112,10053,Garrafa de 1 l,Sagres,,"1,69€/L","1,69€",https://cdn.intermarche.pt/pt/Content/images/boitmal/produit/zoom/61199517C4A36CE8AA54F4F59C81BAB3.jpg,,/product/cerveja-com-alcool/5601146000104
43211,Cerveja branca com álcool,5601164114579,11112,10053,Pack  x 33 cl,Super Bock,,"3,03€/L","5,99€",https://cdn.intermarche.pt/pt/Content/images/boitmal/produit/zoom/653A4DBF2AA55D402069E98E5101E1F9.jpg,,/product/cerveja-branca-com-alcool/5601164114579
49476,Cerveja Mini,5601146700004,11112,10053,Pack 10 x 25 cl,Sagres,,"2,24€/L","5,59€",https://cdn.intermarche.pt/pt/Content/images/boitmal/produit/zoom/3589EF99E3391A242B02EA86675A886D.jpg,,/product/cerveja-mini/5601146700004
16045,Cerveja Mini,8410793023841,11112,10053,Pack 6 x 0.25 l ,Estrela Damm,,"2,45€/L","3,67€",https://cdn.intermarche.pt/pt/Content/images/boitmal/produit/zoom/8816F519BE17174DEC990DF0B02FBABC.jpg,,/product/cerveja-mini/8410793023841
49315,Cerveja Mini Silver,8712000620035,11112,10053,pack 6 x 25 cl,Heineken,,"2,99€/L","4,49€",https://cdn.intermarche.pt/pt/Content/images/boitmal/produit/zoom/2DD4598AC0FEAF9315F30243E26D1BEF.jpg,,/product/cerveja-mini-silver/8712000620035
49618,Cerveja Mini Preta,5601146100903,11113,10053,pack de 10 x 25 cl,Sagres,,"2,24€/L","5,59€",https://cdn.intermarche.pt/pt/Content/images/boitmal/produit/zoom/CA79925AF52D6A12BEA4BD887BEC3622.jpg,2024-10-04T22:59:59.999Z,/product/cerveja-mini-preta/5601146100903
8666,"Cerveja sem álcool, preta",5601164174207,11113,10053,Pack 6 X 0.33 L,Cheers,,"1,81€/L","3,59€",https://cdn.intermarche.pt/pt/Content/images/boitmal/produit/zoom/69BD508ED510578CECB55EB75F68B4A4.jpg,,/product/cerveja-sem-alcool-preta/5601164174207
52013,Cerveja com Álcool preta,5601146100026,11113,10053,Garrafa de 1 l,Sagres,,"1,74€/L","1,74€",https://cdn.intermarche.pt/pt/Content/images/boitmal/produit/zoom/8EDCC3FD0D7835AFB60E55A1E05FEB5F.jpg,,/product/cerveja-com-alcool-preta/5601146100026
11611,Cerveja com álcool abadia,5601164594203,11113,10053,pack 6 x 0.33 l,Super Bock,,"3,03€/L","5,99€",https://cdn.intermarche.pt/pt/Content/images/boitmal/produit/zoom/DDE9AC6098BAC06CAE37FE52F8C52BAA.jpg,,/product/cerveja-com-alcool-abadia/5601164594203
21753,Cerveja Mini Preta Stout,5601164401204,11113,10053,Pack 6 x 200 ml,Super Bock,,"3,49€/L","4,19€",https://cdn.intermarche.pt/pt/Content/images/boitmal/produit/zoom/CA90BDDA1D9AAD4040E41EB47FF92229.jpg,,/product/cerveja-mini-preta-stout/5601164401204
35555,Cerveja bohemia original,5601146100118,11113,10053,Pack de 6 x 0.33 l,Sagres,,"2,52€/L","4,99€",https://cdn.intermarche.pt/pt/Content/images/boitmal/produit/zoom/5089C54D15A62AD5CD5C6DED46EA40E7.jpg,,/product/cerveja-bohemia-original/5601146100118
46258,Cerveja preta stout,5601164404700,11113,10053,lata de 330 ml,Super Bock,,"3,00€/L","0,99€",https://cdn.intermarche.pt/pt/Content/images/boitmal/produit/zoom/3F244DD4E9AA1CCE86AF0F09917CB849.jpg,,/product/cerveja-preta-stout/5601164404700
49619,Cerveja Mini Preta,5601146000913,11113,10053,pack de 6 x 25 cl,Sagres,,"2,49€/L","3,74€",https://cdn.intermarche.pt/pt/Content/images/boitmal/produit/zoom/41B1536EA79C34814DA596AF5FBA3FD1.jpg,,/product/cerveja-mini-preta/5601146000913
8667,"Cerveja com álcool, preta",5601164404205,11113,10053,Pack 6 X 0.33L ,Super Bock,,"3,03€/L","5,99€",https://cdn.intermarche.pt/pt/Content/images/boitmal/produit/zoom/A211FB1A18CD69CB53EF7B899CF02AA3.jpg,,/product/cerveja-com-alcool-preta/5601164404205
41639,Cerveja Mini Preta Stout,5601164904620,11113,10053,Pack 15 x 0.2 l,Super Bock,,"3,33€/L","9,99€",https://cdn.intermarche.pt/pt/Content/images/boitmal/produit/zoom/52D4CDD31D9CB2C6FFBAB50FFD8E0691.jpg,,/product/cerveja-mini-preta-stout/5601164904620
43209,Cerveja preta,5601146800018,11113,10053,Garrafa de 330 ml,Sagres,,"2,27€/L","0,75€",https://cdn.intermarche.pt/pt/Content/images/boitmal/produit/zoom/DECDEF006B46E4815C486ACC2B04EF36.jpg,,/product/cerveja-preta/5601146800018
35557,Cerveja bohemia bock,5601146130269,11113,10053,Pack de 6 x 0.33 l,Sagres,,"2,52€/L","4,99€",https://cdn.intermarche.pt/pt/Content/images/boitmal/produit/zoom/B6029A75593C7D7364A72AA254332291.jpg,,/product/cerveja-bohemia-bock/5601146130269
37483,Cerveja 0.0%,5601146310104,10341,10053,Lata 0.33 l,Sagres,,"2,24€/L","0,74€",https://cdn.intermarche.pt/pt/Content/images/boitmal/produit/zoom/B4FA0640F7E609BC0B12D6409EC40733.jpg,,/product/cerveja-0.0%25/5601146310104
41115,Cerveja Sem Álcool 0.0%,8712000310011,10341,10053,Lata de 0.33 l,Heineken,,"3,00€/L","0,99€",https://cdn.intermarche.pt/pt/Content/images/boitmal/produit/zoom/0249A72574522BBF39048E84E1CD01C2.jpg,,/product/cerveja-sem-alcool-0.0%25/8712000310011
11614,"Cerveja sem álcool, tara perdida",5601164874206,10341,10053,Pack 6 X 0.33 L,Super Bock,,"3,03€/L","5,99€",https://cdn.intermarche.pt/pt/Content/images/boitmal/produit/zoom/82CDFA291D56D541FEE3D9F75B502D50.jpg,,/product/cerveja-sem-alcool-tara-perdida/5601164874206
5232,Cerveja sem álcool,5601164184206,10341,10053,Pack 6 x 0.33 l,Cheers,,"1,81€/L","3,59€",https://cdn.intermarche.pt/pt/Content/images/boitmal/produit/zoom/46B04706DD846FB7078F44DECA555CC7.jpg,,/product/cerveja-sem-alcool/5601164184206
36974,Cerveja 0.0%,5601164204232,10341,10053,Pack de 6 x 0.33 l,Super Bock,,"2,27€/L","4,49€",https://cdn.intermarche.pt/pt/Content/images/boitmal/produit/zoom/3F5F6B7C884E8CF9684381A610A8163D.jpg,,/product/cerveja-0.0%25/5601164204232
49342,"Cerveja sem Álcool 0,0%",5601164905580,10341,10053,lata 33 cl,Super Bock,,"3,00€/L","0,99€",https://cdn.intermarche.pt/pt/Content/images/boitmal/produit/zoom/C6C62EA5ABDC89C1AA064881B4891845.jpg,,/product/cerveja-sem-alcool-00%25/5601164905580
11612,"Cerveja sem álcool, preta",5601164824478,10341,10053,pack 6 x 0.33 l,Super Bock,,"3,03€/L","5,99€",https://cdn.intermarche.pt/pt/Content/images/boitmal/produit/zoom/0CFEF6C5B88735DDFF42E02E1A9B9592.jpg,,/product/cerveja-sem-alcool-preta/5601164824478
34414,Cerveja Sem Álcool 0.0% Mini,8712000320003,10341,10053,Pack 6 x 0.25 l,Heineken,,"2,99€/L","4,49€",https://cdn.intermarche.pt/pt/Content/images/boitmal/produit/zoom/7B7B3832D3EEBD162163FD3B29993EFD.jpg,,/product/cerveja-sem-alcool-0.0%25-mini/8712000320003
52093,"Cerveja Mini sem Álcool 0,0%",5601164905856,10341,10053,Pack 6 x 0.20 l,Super Bock,,"3,49€/L","4,19€",https://cdn.intermarche.pt/pt/Content/images/boitmal/produit/zoom/A5EBDCFF3DBAE635763EC5B93A2BA729.jpg,,/product/cerveja-mini-sem-alcool-00%25/5601164905856
44682,Cerveja preta 0.0%,5601146303007,10341,10053,Lata de 330 ml,Sagres,,"2,24€/L","0,74€",https://cdn.intermarche.pt/pt/Content/images/boitmal/produit/zoom/9401561FF7A5F232A5E06CF9315FF816.jpg,,/product/cerveja-preta-0.0%25/5601146303007
43016,Sidra de maçã,5601164862401,10342,10053,pack 6 x 0.2 l,Somersby,,"3,74€/L","4,49€",https://cdn.intermarche.pt/pt/Content/images/boitmal/produit/zoom/91F03EF4C01D719425FE57CCF7BA256B.jpg,2024-09-25T22:59:59.999Z,/product/sidra-de-maca/5601164862401
18161,Sidra frutos vermelhos,5601164884465,10342,10053,pack 4 x 0.33 l,Somersby,,"2,99€/L","3,95€",https://cdn.intermarche.pt/pt/Content/images/boitmal/produit/zoom/BAB502492C411014B4CF03144D1A8CCB.jpg,2024-09-25T22:59:59.999Z,/product/sidra-frutos-vermelhos/5601164884465
49341,"Sidra mini pera 0.0%, pack 6 x 20 cl",5601164905634,10342,10053,,Somersby,,"3,74€/L","4,49€",https://cdn.intermarche.pt/pt/Content/images/boitmal/produit/zoom/1B2A93792473D1D5FE451D43D51361FE.jpg,2024-09-25T22:59:59.999Z,/product/sidra-mini-pera-0.0%25-pack-6-x-20-cl/5601164905634
11613,Sidra maçã,5601164864467,10342,10053,pack 4 x 0.33 l,Somersby,,"2,99€/L","3,95€",https://cdn.intermarche.pt/pt/Content/images/boitmal/produit/zoom/6483890D0FF6343894A37D6DC6393C66.jpg,2024-09-25T22:59:59.999Z,/product/sidra-maca/5601164864467
11560,Cerveja c/ álcool radler,5601146111008,10342,10053,pack 6 x 0.33 l,Sagres,,"2,47€/L","4,89€",https://cdn.intermarche.pt/pt/Content/images/boitmal/produit/zoom/88F160692B7EC2A421B615A3D9CD76D1.jpg,,/product/cerveja-c-ou-alcool-radler/5601146111008
38934,Sidra de maçã,5601164863217,10342,10053,Lata de 500 ml,Somersby,,"2,58€/L","1,29€",https://cdn.intermarche.pt/pt/Content/images/boitmal/produit/zoom/64CF85A6EEB2D34A86BD341A630D0BDD.jpg,,/product/sidra-de-maca/5601164863217
4110,Panaché,3250393073519,10342,10053,"Embalagem de 10x0,25 l",Kings Bräu,,"1,60€/L","3,99€",https://cdn.intermarche.pt/pt/Content/images/boitmal/produit/zoom/3577F9C513F9B4EC2D2C843B989BE43F.jpg,,/product/panache/3250393073519
29374,Sidra maçã,5601146530304,10342,10053,Lata de 500 ml,Bandida do Pomar,,"2,38€/L","1,19€",https://cdn.intermarche.pt/pt/Content/images/boitmal/produit/zoom/57CDF902BE68D0923B8FF79F40E5361C.jpg,,/product/sidra-maca/5601146530304
51924,Sidra Manga,5601146040506,10342,10053,lata 500 ml,Bandida do Pomar,,"2,38€/L","1,19€",https://cdn.intermarche.pt/pt/Content/images/boitmal/produit/zoom/5DC3A679A950FE78C66F0F66E2C36EA9.jpg,,/product/sidra-manga/5601146040506
37371,Sidra,5604260291304,10342,10053,Pack 6 x 0.33 l,Kings Bräu,,"2,22€/L","4,39€",https://cdn.intermarche.pt/pt/Content/images/boitmal/produit/zoom/B0ADC2638A264D15D2017BFF43E43309.jpg,,/product/sidra/5604260291304
50495,"Sidra, lata de 500 ml",5601164905771,10342,10053,,Somersby,,"2,58€/L","1,29€",https://cdn.intermarche.pt/pt/Content/images/boitmal/produit/zoom/A4F6E105958E12A90AEBAB9E1771A85F.jpg,,/product/sidra-lata-de-500-ml/5601164905771
41637,Sidra maçãs ácidas,5601146040407,10342,10053,lata de 0.5 l,Bandida do Pomar,,"2,38€/L","1,19€",https://cdn.intermarche.pt/pt/Content/images/boitmal/produit/zoom/E69EADB834CBE9620893E40ABB365B61.jpg,,/product/sidra-macas-acidas/5601146040407
51949,Sidra de maçã,5601146430307,10342,10053,pack 10 x 0.25 l,Bandida do Pomar,,"3,06€/L","7,65€",https://cdn.intermarche.pt/pt/Content/images/boitmal/produit/zoom/0F27F869332C2640462102E59DC83B88.jpg,,/product/sidra-de-maca/5601146430307
44761,Bandida do pomar frutos vermelhos lata 50cl,5601146050505,10342,10053,Garrafa de 500 ml,Bandida do Pomar,,"2,38€/L","1,19€",https://cdn.intermarche.pt/pt/Content/images/boitmal/produit/zoom/742101EF53028A0048A920A4A9EEC720.jpg,,/product/bandida-do-pomar-frutos-vermelhos-lata-50cl/5601146050505
15572,Cerveja com álcool,7501064191466,11116,10053,"Embalagem de 6x0,355L ",Corona,,"4,69€/L","9,99€",https://cdn.intermarche.pt/pt/Content/images/boitmal/produit/zoom/4B198A03C588F1D2EA6BA017686C43E0.jpg,,/product/cerveja-com-alcool/7501064191466
2309,Refrigerante de cola zero,5604260271801,10011,10009,Garrafa de 2 l,PorSi,,"0,40€/L","0,79€",https://cdn.intermarche.pt/pt/Content/images/boitmal/produit/zoom/F81DE832EC9948EA24FFE06A8CDD7EE9.jpg,2024-10-04T22:59:59.999Z,/product/refrigerante-de-cola-zero/5604260271801
2308,Refrigerante com gás cola,5604260271795,10011,10009,Garrafa de 2 l,PorSi,,"0,68€/L","1,35€",https://cdn.intermarche.pt/pt/Content/images/boitmal/produit/zoom/FAE084877CD5F49373EA9981F15AE891.jpg,2024-10-04T22:59:59.999Z,/product/refrigerante-com-gas-cola/5604260271795
44797,Pepsi max lima,5601151971444,10011,10009,Garrafa de 1 l,Pepsi,,"0,99€/L","0,99€",https://cdn.intermarche.pt/pt/Content/images/boitmal/produit/zoom/657B12F1DF1E65D0997328121D02B203.jpg,2024-10-04T22:59:59.999Z,/product/pepsi-max-lima/5601151971444
49480,Refrigerante com Gás Ananás Sem Açúcar,5601151969458,10011,10009,Garrafa de 1.75 l,Sumol,,"0,79€/L","1,39€",https://cdn.intermarche.pt/pt/Content/images/boitmal/produit/zoom/4A159117E2730F166C16E5A6DF517C87.jpg,2024-10-04T22:59:59.999Z,/product/refrigerante-com-gas-ananas-sem-acucar/5601151969458
4940,Refrigerante c/ gás zero,5449000008435,10011,10009,pack 4 x 1 l,Coca-Cola,,"1,07€/L","4,29€",https://cdn.intermarche.pt/pt/Content/images/boitmal/produit/zoom/33F2C9EB56024D40DAD7EC1E9D0325EB.jpg,2024-09-25T22:59:59.999Z,/product/refrigerante-c-ou-gas-zero/5449000008435
11418,Refrigerante  c/ gás regular,5449000020024,10011,10009,pack 4 x 1 l,Coca-Cola,,"1,24€/L","4,94€",https://cdn.intermarche.pt/pt/Content/images/boitmal/produit/zoom/2D87E5C0C9B50C36B31B6AAE2DD8ADBC.jpg,2024-09-25T22:59:59.999Z,/product/refrigerante-c-ou-gas-regular/5449000020024
49479,Refrigerante com Gás Laranja Sem Açúcar,5601151969465,10011,10009,Garrafa de 1.75 l,Sumol,,"0,79€/L","1,39€",https://cdn.intermarche.pt/pt/Content/images/boitmal/produit/zoom/B1A5F916FFA77C7E7F9A1CB0E85C459E.jpg,2024-10-04T22:59:59.999Z,/product/refrigerante-com-gas-laranja-sem-acucar/5601151969465
40596,Refrigerante com gás regular,5601151974018,10011,10009,Garrafa de 1.75 l,Pepsi,,"0,89€/L","1,55€",https://cdn.intermarche.pt/pt/Content/images/boitmal/produit/zoom/F52267090DF1996DA646836F5B1D9EDD.jpg,2024-10-04T22:59:59.999Z,/product/refrigerante-com-gas-regular/5601151974018
44795,Pepsi max,5601151971437,10011,10009,Garrafa de 1 l,Pepsi,,"0,99€/L","0,99€",https://cdn.intermarche.pt/pt/Content/images/boitmal/produit/zoom/2D41E70783394B937C5E8504D6A01EA4.jpg,2024-10-04T22:59:59.999Z,/product/pepsi-max/5601151971437
38648,Coca-cola zero zero pet tr individual unidad,5449000195906,10011,10009,Garrafa de 1 l,Coca-Cola,,"1,25€/L","1,25€",https://cdn.intermarche.pt/pt/Content/images/boitmal/produit/zoom/6299E846E54A04F17B4FFF1B9EDF66D2.jpg,2024-09-25T22:59:59.999Z,/product/coca-cola-zero-zero-pet-tr-individual-unidad/5449000195906
35558,Refrigerante com gás,5601151973721,10011,10009,Pack de 2 x 1.75 l,Pepsi,,"0,89€/L","3,10€",https://cdn.intermarche.pt/pt/Content/images/boitmal/produit/zoom/4591303E8886D5226C017EC0EFBDEC41.jpg,2024-10-04T22:59:59.999Z,/product/refrigerante-com-gas/5601151973721
30115,Coca-cola sem cafeína pet 1 ltr individual unidad,5449000016737,10011,10009,Garrafa de 1 l,Coca-Cola,,"1,45€/L","1,45€",https://cdn.intermarche.pt/pt/Content/images/boitmal/produit/zoom/596948955E9E7EDCB17BE561063F148F.jpg,2024-09-25T22:59:59.999Z,/product/coca-cola-sem-cafeina-pet-1-ltr-individual-unidad/5449000016737
35559,Refrigerante com gás max zero,5601151973738,10011,10009,Pack de 2 x 1.75 l,Pepsi,,"0,74€/L","2,58€",https://cdn.intermarche.pt/pt/Content/images/boitmal/produit/zoom/C4C79168F71B7B5145B8347211FA9783.jpg,2024-09-25T22:59:59.999Z,/product/refrigerante-com-gas-max-zero/5601151973738
46255,Refrigerante c/ Gás Laranjas do Algarve,5601151971154,10011,10009,Garrafa de 1.5 l,Sumol,,"0,93€/L","1,39€",https://cdn.intermarche.pt/pt/Content/images/boitmal/produit/zoom/7A4ACF4FE1B6EFB792CF350489A0DEEA.jpg,2024-09-25T22:59:59.999Z,/product/refrigerante-c-ou-gas-laranjas-do-algarve/5601151971154
52957,Refrigerante Lima C/ Gás Zero,5449000273666,10011,10009,Garrafa de 1 l,Coca-Cola,,"1,25€/L","1,25€",https://cdn.intermarche.pt/pt/Content/images/boitmal/produit/zoom/3EDDFFF905A664833A2724EDFA3DF928.jpg,2024-09-25T22:59:59.999Z,/product/refrigerante-lima-c-ou-gas-zero/5449000273666
30958,Coca-cola zero,5449000957955,10011,10009,pack 2 x 1.75 l,Coca-Cola,,"1,00€/L","3,49€",https://cdn.intermarche.pt/pt/Content/images/boitmal/produit/zoom/9B5373624D44366A3ACEBCD7C73191EB.jpg,,/product/coca-cola-zero/5449000957955
45424,Refrigerante com gás lima limão,5449000205551,10011,10009,Garrafa de 1.5 l,Sprite,,"0,93€/L","1,39€",https://cdn.intermarche.pt/pt/Content/images/boitmal/produit/zoom/435BA3924DACD7858B68099757279D0D.jpg,,/product/refrigerante-com-gas-lima-limao/5449000205551
1309,"Refrigerante com gás, ananás",5601151979105,10011,10009,"Garrafa de 1,25 l",Sumol,,"0,87€/L","1,09€",https://cdn.intermarche.pt/pt/Content/images/boitmal/produit/zoom/BEECBA2128529C8FAEEDAE9896BFB132.jpg,,/product/refrigerante-com-gas-ananas/5601151979105
35889,Refrigerante de lima limão - free,5601151974070,10011,10009,Garrafa de 1.75 l ,Seven-up,,"1,08€/L","1,89€",https://cdn.intermarche.pt/pt/Content/images/boitmal/produit/zoom/72AD0374BF19555565AEB7078108FD9C.jpg,,/product/refrigerante-de-lima-limao-free/5601151974070
36924,Refrigerante lima-limão,5604260296651,10011,10009,Garrafa de 1.5 l,PorSi,,"0,53€/L","0,79€",https://cdn.intermarche.pt/pt/Content/images/boitmal/produit/zoom/A723EBDAF2F8F74F639F2F0E3296ECB1.jpg,,/product/refrigerante-lima-limao/5604260296651
43864,Lima-limao zero,5604260310296,10011,10009,Garrafa de 1.5 l,PorSi,,"0,45€/L","0,67€",https://cdn.intermarche.pt/pt/Content/images/boitmal/produit/zoom/3EE12FE8221B8553E55E187FAB1AC7A0.jpg,,/product/lima-limao-zero/5604260310296
45760,Refrigerante com gás cola,5604260316892,10011,10009,Lata de 330 ml,PorSi,,"1,36€/L","0,45€",https://cdn.intermarche.pt/pt/Content/images/boitmal/produit/zoom/F9BEB146374E9666727D5EBD2F021E64.jpg,,/product/refrigerante-com-gas-cola/5604260316892
1039,Refrigerante com gás guaraná,5601045300008,10011,10009,"Garrafa de 1,5 l",Antartica,,"1,46€/L","2,19€",https://cdn.intermarche.pt/pt/Content/images/boitmal/produit/zoom/64C776AD84D2A5827F90B22D811670FA.jpg,,/product/refrigerante-com-gas-guarana/5601045300008
18770,Refrigerante c/ gás de laranja zero,5449000138026,10011,10009,"Garrafa de 1,5 l",Fanta,,"1,13€/L","1,69€",https://cdn.intermarche.pt/pt/Content/images/boitmal/produit/zoom/42C12268B3BC23315C825D0012A62086.jpg,,/product/refrigerante-c-ou-gas-de-laranja-zero/5449000138026
18771,Refrigerante c/ gás de uva,5449000022646,10011,10009,"Garrafa de 1,5 l",Fanta,,"1,13€/L","1,69€",https://cdn.intermarche.pt/pt/Content/images/boitmal/produit/zoom/426C4CD2BDF4748C7D7AECCA8EEA510D.jpg,,/product/refrigerante-c-ou-gas-de-uva/5449000022646
25720,Refrigerante c/ gás lima-limão s/ açúcar,5601151976449,10011,10009,pack 6 x 0.33 l,Seven-up,,"2,02€/L","3,99€",https://cdn.intermarche.pt/pt/Content/images/boitmal/produit/zoom/46A1C70DA944EA1B1D2193C2B49E2AB0.jpg,,/product/refrigerante-c-ou-gas-lima-limao-s-ou-acucar/5601151976449
25883,Refrigerante c/ gás laranja,5449000008763,10011,10009,"Garrafa de 1,5 l",Fanta,,"0,99€/L","1,49€",https://cdn.intermarche.pt/pt/Content/images/boitmal/produit/zoom/F70B8C52CBA65C8253CA124EC0111F2A.jpg,,/product/refrigerante-c-ou-gas-laranja/5449000008763
26772,Refrigerante c/ gás,5449000106186,10011,10009,pack 2 x 1.75 l,Coca-Cola,,"1,17€/L","4,09€",https://cdn.intermarche.pt/pt/Content/images/boitmal/produit/zoom/1D4EC82F15980642AA3BE6E246545A05.jpg,,/product/refrigerante-c-ou-gas/5449000106186
35560,Refrigerante de lima e limão com gás regular,5601151973745,10011,10009,Pack de 2 x 1.75 l,Seven-up,,"1,14€/L","3,98€",https://cdn.intermarche.pt/pt/Content/images/boitmal/produit/zoom/EBF8C806B4FF0C4077BF489443451B3F.jpg,,/product/refrigerante-de-lima-e-limao-com-gas-regular/5601151973745
36486,Refrigerante com gás de ananás,5604260295296,10011,10009,Garrafa de 1.5 l,PorSi,,"0,65€/L","0,97€",https://cdn.intermarche.pt/pt/Content/images/boitmal/produit/zoom/EA2AD0E8576CD87A7581FE9645CA11FC.jpg,,/product/refrigerante-com-gas-de-ananas/5604260295296
41823,Água tonica,5604260304820,10011,10009,pack 6 x 0.2 l,PorSi,,"2,24€/L","2,69€",https://cdn.intermarche.pt/pt/Content/images/boitmal/produit/zoom/9964FCE2351B55515BB9D8EEB6CB97B8.jpg,,/product/agua-tonica/5604260304820
44315,Refrigerante c/ gás Guaraná,5449000296245,10011,10009,Lata de 330 ml,Fanta,,"2,27€/L","0,75€",https://cdn.intermarche.pt/pt/Content/images/boitmal/produit/zoom/A0290D76C2F58E5EDF15F9372987587B.jpg,,/product/refrigerante-c-ou-gas-guarana/5449000296245
46607,Refrigerante com gás lima-limão,5604260316946,10011,10009,lata de 330 ml,PorSi,,"1,67€/L","0,55€",https://cdn.intermarche.pt/pt/Content/images/boitmal/produit/zoom/9894589E229A8AED4F554AAFA80BB8DF.jpg,,/product/refrigerante-com-gas-lima-limao/5604260316946
569,Água tonica,5604260304813,10011,10009,"Garrafa de 1,5 l",PorSi,,"0,99€/L","1,49€",https://cdn.intermarche.pt/pt/Content/images/boitmal/produit/zoom/17B42B57200C49723394473D18AACE4E.jpg,,/product/agua-tonica/5604260304813
8225,"Refrigerante com gás cola, mini lata",5449000034229,10011,10009,pack 12 x 0.15 l,Coca-Cola,,"4,00€/L","7,20€",https://cdn.intermarche.pt/pt/Content/images/boitmal/produit/zoom/D1FFAED9E688F22948800E3E2ADA587A.jpg,,/product/refrigerante-com-gas-cola-mini-lata/5449000034229
8956,"Refrigerante com gás, guaraná",5601447164604,10011,10009,"Garrafa de 1,5 l",Brasil,,"1,33€/L","1,99€",https://cdn.intermarche.pt/pt/Content/images/boitmal/produit/zoom/DA88A948075D73F9DCE5ADDEE79023F7.jpg,,/product/refrigerante-com-gas-guarana/5601447164604
45761,Refrigerante de cola zero,5604260316908,10011,10009,Lata de 330 ml,PorSi,,"1,18€/L","0,39€",https://cdn.intermarche.pt/pt/Content/images/boitmal/produit/zoom/489C1FEB8A94BA504A83242E2F3AD9B3.jpg,,/product/refrigerante-de-cola-zero/5604260316908
30526,Fanta go laranja,5449000087775,10011,10009,pack 2 x 1.5 l,Fanta,,"0,99€/L","2,98€",https://cdn.intermarche.pt/pt/Content/images/boitmal/produit/zoom/593BAD71F5135741DD23AA781A57779F.jpg,,/product/fanta-go-laranja/5449000087775
35837,Refrigerante com gás de laranja,5604260295289,10011,10009,Garrafa de 1.5 l,PorSi,,"0,66€/L","0,99€",https://cdn.intermarche.pt/pt/Content/images/boitmal/produit/zoom/7340B94410405DF85CA874C09DC0A37A.jpg,,/product/refrigerante-com-gas-de-laranja/5604260295289
52174,Coca-cola zero açúcar,5000112519945,10011,10009,330ml lata,Coca-Cola,,"2,30€/L","0,76€",https://cdn.intermarche.pt/pt/Content/images/boitmal/produit/zoom/5C007C107B538E62D4C148CD0D9A7880.jpg,,/product/coca-cola-zero-acucar/5000112519945
448,Ice tea de manga,8722700752943,10325,10009,Garrafa de 2 l,Lipton,,"1,60€/L","3,19€",https://cdn.intermarche.pt/pt/Content/images/boitmal/produit/zoom/D8A7BBA271F5B46B5DC4031B0621A8E9.jpg,2024-09-25T22:59:59.999Z,/product/ice-tea-de-manga/8722700752943
44665,Ice Tea pêssego zero açúcar,8711327488069,10325,10009,Garrafa de 1 l,Lipton,,"1,39€/L","1,39€",https://cdn.intermarche.pt/pt/Content/images/boitmal/produit/zoom/9806A6502CAAC050A812F609EBBE29E2.jpg,2024-09-25T22:59:59.999Z,/product/ice-tea-pessego-zero-acucar/8711327488069
44664,Ice Tea limão zero açúcar,8711327488052,10325,10009,Garrafa de 1 l,Lipton,,"1,39€/L","1,39€",https://cdn.intermarche.pt/pt/Content/images/boitmal/produit/zoom/52579188A3342679BB6CE44E5B5F381A.jpg,2024-09-25T22:59:59.999Z,/product/ice-tea-limao-zero-acucar/8711327488052
45763,Ice tea de limão,5604260316922,10325,10009,Lata de 330 ml,PorSi,,"1,48€/L","0,49€",https://cdn.intermarche.pt/pt/Content/images/boitmal/produit/zoom/82D8A5DCC065C19FC431861972525375.jpg,2024-09-25T22:59:59.999Z,/product/ice-tea-de-limao/5604260316922
45764,"Ice tea de pêssego, lata de 330 ml",5604260316915,10325,10009,,PorSi,,"1,48€/L","0,49€",https://cdn.intermarche.pt/pt/Content/images/boitmal/produit/zoom/D63908E838BEC4F74A2B7F343ACE21A6.jpg,2024-09-25T22:59:59.999Z,/product/ice-tea-de-pessego-lata-de-330-ml/5604260316915
45765,Ice tea de manga,5604260316939,10325,10009,Lata de 330 ml,PorSi,,"1,48€/L","0,49€",https://cdn.intermarche.pt/pt/Content/images/boitmal/produit/zoom/D65978EB14DB663CF25A2BD17A173D29.jpg,2024-09-25T22:59:59.999Z,/product/ice-tea-de-manga/5604260316939
40974,Lipton limão zero pet,8711327407121,10325,10009,Garrafa de 2 l,Lipton,,"1,60€/L","3,19€",https://cdn.intermarche.pt/pt/Content/images/boitmal/produit/zoom/B234CDB9829553943528F8B0DFBD2C40.jpg,2024-09-25T22:59:59.999Z,/product/lipton-limao-zero-pet/8711327407121
40975,Lipton chá verde pessêgo branco pet,8710604795333,10325,10009,Garrafa de 1 l,Lipton,,"1,45€/L","1,45€",https://cdn.intermarche.pt/pt/Content/images/boitmal/produit/zoom/41F6BB66868942529F348AF6DC3DD65F.jpg,2024-09-25T22:59:59.999Z,/product/lipton-cha-verde-pessego-branco-pet/8710604795333
53206,"Refrigerante sem Gás Pêssego, 1l",8711327583122,10325,10009,,Lipton,,"1,49€/L","1,49€",https://cdn.intermarche.pt/pt/Content/images/boitmal/produit/zoom/668C4732C4D0CB9C4F8870C88958EF03.jpg,2024-09-25T22:59:59.999Z,/product/refrigerante-sem-gas-pessego-1l/8711327583122
53207,"Refrigerante sem Gás Limão, 1 l",8711327583092,10325,10009,,Lipton,,"1,49€/L","1,49€",https://cdn.intermarche.pt/pt/Content/images/boitmal/produit/zoom/1DDDEA2D11A4948B9958398A432D1905.jpg,2024-09-25T22:59:59.999Z,/product/refrigerante-sem-gas-limao-1-l/8711327583092
40514,Ice tea de pêssego,5604260302321,10325,10009,Garrafa de 2 l,PorSi,,"0,60€/L","1,19€",https://cdn.intermarche.pt/pt/Content/images/boitmal/produit/zoom/E5DA89712F5F3C16614DBB8402F10B1A.jpg,,/product/ice-tea-de-pessego/5604260302321
40604,Ice tea de manga,5604260302314,10325,10009,Embalagem de 2 l,PorSi,,"0,60€/L","1,19€",https://cdn.intermarche.pt/pt/Content/images/boitmal/produit/zoom/FC5C14EBAD7F164332C97C731B56FC26.jpg,,/product/ice-tea-de-manga/5604260302314
12082,"Ice tea, pêssego",5604260259328,10325,10009,"Embalagem de 6x0,20 l",PorSi,,"0,99€/L","1,19€",https://cdn.intermarche.pt/pt/Content/images/boitmal/produit/zoom/BDF14FED78EE3B36A692869E60F78A23.jpg,,/product/ice-tea-pessego/5604260259328
12083,Ice tea de manga,5604260259335,10325,10009,"Embalagem de 6x0,20 l",PorSi,,"0,99€/L","1,19€",https://cdn.intermarche.pt/pt/Content/images/boitmal/produit/zoom/7E8E74D7FBBBBEFEBBE078389B62CE99.jpg,,/product/ice-tea-de-manga/5604260259335
1228,"Refrigerante sem gás, laranja",5601146230518,10325,10009,"Garrafa de 1,5 l",Joi,,"1,19€/L","1,79€",https://cdn.intermarche.pt/pt/Content/images/boitmal/produit/zoom/277ED8947CD78C9CC5A552FB0B1FDBC2.jpg,,/product/refrigerante-sem-gas-laranja/5601146230518
1230,"Refrigerante sem gás, maracujá e la",5601146232512,10325,10009,"Garrafa de 1,5 l",Joi,,"1,19€/L","1,79€",https://cdn.intermarche.pt/pt/Content/images/boitmal/produit/zoom/D23ED4125E0EF0BCF408343FFE16E2DF.jpg,,/product/refrigerante-sem-gas-maracuja-e-la/5601146232512
15727,Ice tea pessêgo,8712100743399,10325,10009,pack 6 x 0.25 l,Lipton,,"3,46€/L","5,19€",https://cdn.intermarche.pt/pt/Content/images/boitmal/produit/zoom/0BABF6C9912B914439DE1F7312F1C975.jpg,,/product/ice-tea-pessego/8712100743399
27742,Bebida Isotónica de Limão s/ Gás,5449000164957,10325,10009,"Garrafa de 1,5 l",Aquarius,,"1,53€/L","2,29€",https://cdn.intermarche.pt/pt/Content/images/boitmal/produit/zoom/8696920250929B93491F5F3269DD5C71.jpg,,/product/bebida-isotonica-de-limao-s-ou-gas/5449000164957
40552,Refrigerante sem gás de laranja e cenoura,5604260295364,10325,10009,Embalagem de 1.5 litros,PorSi,,"0,93€/L","1,39€",https://cdn.intermarche.pt/pt/Content/images/boitmal/produit/zoom/3B0DD717B2D281A7E370DE4ED2D01565.jpg,,/product/refrigerante-sem-gas-de-laranja-e-cenoura/5604260295364
42582,Ice tea limao zero,5604260302277,10325,10009,1.5 litros,PorSi,,"0,59€/L","0,89€",https://cdn.intermarche.pt/pt/Content/images/boitmal/produit/zoom/0D2D2B25108770A691CC4AF6E514C673.jpg,,/product/ice-tea-limao-zero/5604260302277
447,Ice tea de limão,8722700752929,10325,10009,Garrafa de 2 l,Lipton,,"1,60€/L","3,19€",https://cdn.intermarche.pt/pt/Content/images/boitmal/produit/zoom/3746776B4E5C3D785E797330E3DD3130.jpg,,/product/ice-tea-de-limao/8722700752929
2157,Ice tea de limão tetra,5604260327119,10325,10009,"Embalagem de 1,5 l",PorSi,,"0,73€/L","1,09€",https://cdn.intermarche.pt/pt/Content/images/boitmal/produit/zoom/FB3C7451B059F748F7FDA005F2AE0FB6.jpg,,/product/ice-tea-de-limao-tetra/5604260327119
12081,Ice tea de limão,5604260259311,10325,10009,"Embalagem de 6x0,20 l ",PorSi,,"0,99€/L","1,19€",https://cdn.intermarche.pt/pt/Content/images/boitmal/produit/zoom/A3E8F69230ED19B87297C6E8CF043E90.jpg,,/product/ice-tea-de-limao/5604260259311
1226,Refrigerante sem gás de manga/laran,5601146001507,10325,10009,"Garrafa de 1,5 l",Joi,,"1,19€/L","1,79€",https://cdn.intermarche.pt/pt/Content/images/boitmal/produit/zoom/1A97DFBCD44C528D834B0680C492C91A.jpg,,/product/refrigerante-sem-gas-de-manga-ou-laran/5601146001507
14641,Tisana de chá verde/limão light,5603722513879,10325,10009,"Garrafa de 1,5 l",Pleno,,"1,26€/L","1,89€",https://cdn.intermarche.pt/pt/Content/images/boitmal/produit/zoom/65377B3F78342A8BD02B4888BCEF8A2A.jpg,,/product/tisana-de-cha-verde-ou-limao-light/5603722513879
2158,Ice tea pessego,5604260327102,10325,10009,"Embalagem de 1,5 l",PorSi,,"0,73€/L","1,09€",https://cdn.intermarche.pt/pt/Content/images/boitmal/produit/zoom/7F0DDCB4586298B5CE4F32BBE4D4C7DD.jpg,,/product/ice-tea-pessego/5604260327102
36521,"Refrigerante sem gás, laranja",5604260295326,10325,10009,"Garrafa de 1,5 l",PorSi,,"0,66€/L","0,99€",https://cdn.intermarche.pt/pt/Content/images/boitmal/produit/zoom/710FC0C3623163613441F91E0FC55F8E.jpg,,/product/refrigerante-sem-gas-laranja/5604260295326
2156,Ice tea de pêssego zero tetra,5604260302260,10325,10009,"Embalagem de 1,5 l",PorSi,,"0,59€/L","0,89€",https://cdn.intermarche.pt/pt/Content/images/boitmal/produit/zoom/057145DE17265B155D82F0C84E4F13FF.jpg,,/product/ice-tea-de-pessego-zero-tetra/5604260302260
9300,Tisana chá verde/limão,5603722497261,10325,10009,"Garrafa de 1,5 l",Pleno,,"1,26€/L","1,89€",https://cdn.intermarche.pt/pt/Content/images/boitmal/produit/zoom/63B46E2B2042FC121A0C4D7D5A49ED19.jpg,,/product/tisana-cha-verde-ou-limao/5603722497261
20201,Tisana chá camomila e romã,5603722516221,10325,10009,"Garrafa de 1,5 l",Pleno,,"1,26€/L","1,89€",https://cdn.intermarche.pt/pt/Content/images/boitmal/produit/zoom/7D7CD25DE9A010F83E1BA590B1E838FC.jpg,,/product/tisana-cha-camomila-e-roma/5603722516221
9299,"Tisana Chá de Cidreira e Tília, garrafa de 1,5 l",5603722497254,10325,10009,,Pleno,,"1,26€/L","1,89€",https://cdn.intermarche.pt/pt/Content/images/boitmal/produit/zoom/E209EEA7F7A7AFC654DB8AF682E8C159.jpg,,/product/tisana-cha-de-cidreira-e-tilia-garrafa-de-15-l/5603722497254
46691,Ice Tea de pêssego,5449000030528,10325,10009,Garrafa de 1.5 l,Nestea,,"1,17€/L","1,75€",https://cdn.intermarche.pt/pt/Content/images/boitmal/produit/zoom/6E598965A9FD6A1A9244AC0A665F5801.jpg,,/product/ice-tea-de-pessego/5449000030528
2225,Refrigerante sem gás limão,5604260266463,10325,10009,"Garrafa de 1,5 l",PorSi,,"0,66€/L","0,99€",https://cdn.intermarche.pt/pt/Content/images/boitmal/produit/zoom/1A985C6841C9547C6617427B25B73F59.jpg,,/product/refrigerante-sem-gas-limao/5604260266463
12445,Refrigerante s/ gás califórnia,8414100302742,10325,10009,"Garrafa de 1,25 l",Sunny Delight,,"1,99€/L","2,49€",https://cdn.intermarche.pt/pt/Content/images/boitmal/produit/zoom/3A53BFE5938DDF8D0C5815BDDDB8B87B.jpg,,/product/refrigerante-s-ou-gas-california/8414100302742
14275,Refrigerante sem gás frutos tropicais,8411800376950,10325,10009,"Garrafa de 1,5 l",Trina,,"1,53€/L","2,29€",https://cdn.intermarche.pt/pt/Content/images/boitmal/produit/zoom/A2EF24E638786185FA4E5BE9EC56BB2E.jpg,,/product/refrigerante-sem-gas-frutos-tropicais/8411800376950
42838,Ice tea manga zero,5604260302253,10325,10009,Garrafa de 1.5 l,PorSi,,"0,59€/L","0,89€",https://cdn.intermarche.pt/pt/Content/images/boitmal/produit/zoom/1B27DE7155C6C2D2CED29760B5BA85D0.jpg,,/product/ice-tea-manga-zero/5604260302253
15873,Ice tea limão,8712100743337,10325,10009,pack 6 x 0.25 l,Lipton,,"3,46€/L","5,19€",https://cdn.intermarche.pt/pt/Content/images/boitmal/produit/zoom/2676596678792B3C71788D8BEC2CF976.jpg,,/product/ice-tea-limao/8712100743337
17394,Ice tea pêssego,8712100742996,10325,10009,Pack 3 x 200 ml,Lipton,,"3,30€/L","1,98€",https://cdn.intermarche.pt/pt/Content/images/boitmal/produit/zoom/ECE4CDAE4FF17013051FAEB02D1C2D38.jpg,,/product/ice-tea-pessego/8712100742996
2127,"Refrigerante sem gás de ananás, garrafa de 1,5 l",5604260252466,10325,10009,,PorSi,,"0,69€/L","1,04€",https://cdn.intermarche.pt/pt/Content/images/boitmal/produit/zoom/F532EDAF65342EB9BC79081C1A71A96C.jpg,,/product/refrigerante-sem-gas-de-ananas-garrafa-de-15-l/5604260252466
36485,Refrigerante sem gás de maçã,5604260295340,10325,10009,"Garrafa de 1,5 l",PorSi,,"0,73€/L","1,09€",https://cdn.intermarche.pt/pt/Content/images/boitmal/produit/zoom/9A9884A13415EC5167D5B16026BC4AB6.jpg,,/product/refrigerante-sem-gas-de-maca/5604260295340
448,Ice tea de manga,8722700752943,10325,10009,Garrafa de 2 l,Lipton,,"1,60€/L","3,19€",https://cdn.intermarche.pt/pt/Content/images/boitmal/produit/zoom/D8A7BBA271F5B46B5DC4031B0621A8E9.jpg,2024-09-25T22:59:59.999Z,/product/ice-tea-de-manga/8722700752943
51883,"Bebida Probiótica Biológica, garrafa de 400 ml",5600787049046,11109,10009,,Kombucha,,"4,48€/L","1,79€",https://cdn.intermarche.pt/pt/Content/images/boitmal/produit/zoom/46DCE6BB7E01C0D8FB3EA6DA3C822896.jpg,2024-09-25T22:59:59.999Z,/product/bebida-probiotica-biologica-garrafa-de-400-ml/5600787049046
44665,Ice Tea pêssego zero açúcar,8711327488069,10325,10009,Garrafa de 1 l,Lipton,,"1,39€/L","1,39€",https://cdn.intermarche.pt/pt/Content/images/boitmal/produit/zoom/9806A6502CAAC050A812F609EBBE29E2.jpg,2024-09-25T22:59:59.999Z,/product/ice-tea-pessego-zero-acucar/8711327488069
51882,"Bebida Probiótica de Framboesa Biológica, garrafa de 400 ml",5600787049022,11109,10009,,Kombucha,,"4,48€/L","1,79€",https://cdn.intermarche.pt/pt/Content/images/boitmal/produit/zoom/16F9BD8425EFE288C7E9E6073015B789.jpg,2024-09-25T22:59:59.999Z,/product/bebida-probiotica-de-framboesa-biologica-garrafa-de-400-ml/5600787049022
44664,Ice Tea limão zero açúcar,8711327488052,10325,10009,Garrafa de 1 l,Lipton,,"1,39€/L","1,39€",https://cdn.intermarche.pt/pt/Content/images/boitmal/produit/zoom/52579188A3342679BB6CE44E5B5F381A.jpg,2024-09-25T22:59:59.999Z,/product/ice-tea-limao-zero-acucar/8711327488052
45763,Ice tea de limão,5604260316922,10325,10009,Lata de 330 ml,PorSi,,"1,48€/L","0,49€",https://cdn.intermarche.pt/pt/Content/images/boitmal/produit/zoom/82D8A5DCC065C19FC431861972525375.jpg,2024-09-25T22:59:59.999Z,/product/ice-tea-de-limao/5604260316922
45764,"Ice tea de pêssego, lata de 330 ml",5604260316915,10325,10009,,PorSi,,"1,48€/L","0,49€",https://cdn.intermarche.pt/pt/Content/images/boitmal/produit/zoom/D63908E838BEC4F74A2B7F343ACE21A6.jpg,2024-09-25T22:59:59.999Z,/product/ice-tea-de-pessego-lata-de-330-ml/5604260316915
45765,Ice tea de manga,5604260316939,10325,10009,Lata de 330 ml,PorSi,,"1,48€/L","0,49€",https://cdn.intermarche.pt/pt/Content/images/boitmal/produit/zoom/D65978EB14DB663CF25A2BD17A173D29.jpg,2024-09-25T22:59:59.999Z,/product/ice-tea-de-manga/5604260316939
51925,Ice Tea Manga Zero Açúcar,8711327587632,11109,10009,Garrafa de 2 l,Lipton,,"1,60€/L","3,19€",https://cdn.intermarche.pt/pt/Content/images/boitmal/produit/zoom/260EAD2F7E1F4D737985C732EC963755.jpg,2024-09-25T22:59:59.999Z,/product/ice-tea-manga-zero-acucar/8711327587632
51881,"Bebida Probiótica de Coco Biológica, garrafa de 400 ml",5600787049084,11109,10009,,Kombucha,,"2,48€/L","0,99€",https://cdn.intermarche.pt/pt/Content/images/boitmal/produit/zoom/CA08C5B46F83539DF0FC7028C0A65793.jpg,2024-09-25T22:59:59.999Z,/product/bebida-probiotica-de-coco-biologica-garrafa-de-400-ml/5600787049084
51837,Ice Tea Pêssego,8711327587205,11109,10009,Garrafa de 2 l,Lipton,,"1,60€/L","3,19€",https://cdn.intermarche.pt/pt/Content/images/boitmal/produit/zoom/CEC4B87682C01CD71571EE1F09612EAF.jpg,2024-09-25T22:59:59.999Z,/product/ice-tea-pessego/8711327587205
40514,Ice tea de pêssego,5604260302321,10325,10009,Garrafa de 2 l,PorSi,,"0,60€/L","1,19€",https://cdn.intermarche.pt/pt/Content/images/boitmal/produit/zoom/E5DA89712F5F3C16614DBB8402F10B1A.jpg,,/product/ice-tea-de-pessego/5604260302321
40604,Ice tea de manga,5604260302314,10325,10009,Embalagem de 2 l,PorSi,,"0,60€/L","1,19€",https://cdn.intermarche.pt/pt/Content/images/boitmal/produit/zoom/FC5C14EBAD7F164332C97C731B56FC26.jpg,,/product/ice-tea-de-manga/5604260302314
12082,"Ice tea, pêssego",5604260259328,10325,10009,"Embalagem de 6x0,20 l",PorSi,,"0,99€/L","1,19€",https://cdn.intermarche.pt/pt/Content/images/boitmal/produit/zoom/BDF14FED78EE3B36A692869E60F78A23.jpg,,/product/ice-tea-pessego/5604260259328
12083,Ice tea de manga,5604260259335,10325,10009,"Embalagem de 6x0,20 l",PorSi,,"0,99€/L","1,19€",https://cdn.intermarche.pt/pt/Content/images/boitmal/produit/zoom/7E8E74D7FBBBBEFEBBE078389B62CE99.jpg,,/product/ice-tea-de-manga/5604260259335
15727,Ice tea pessêgo,8712100743399,10325,10009,pack 6 x 0.25 l,Lipton,,"3,46€/L","5,19€",https://cdn.intermarche.pt/pt/Content/images/boitmal/produit/zoom/0BABF6C9912B914439DE1F7312F1C975.jpg,,/product/ice-tea-pessego/8712100743399
42582,Ice tea limao zero,5604260302277,10325,10009,1.5 litros,PorSi,,"0,59€/L","0,89€",https://cdn.intermarche.pt/pt/Content/images/boitmal/produit/zoom/0D2D2B25108770A691CC4AF6E514C673.jpg,,/product/ice-tea-limao-zero/5604260302277
447,Ice tea de limão,8722700752929,10325,10009,Garrafa de 2 l,Lipton,,"1,60€/L","3,19€",https://cdn.intermarche.pt/pt/Content/images/boitmal/produit/zoom/3746776B4E5C3D785E797330E3DD3130.jpg,,/product/ice-tea-de-limao/8722700752929
2157,Ice tea de limão tetra,5604260327119,10325,10009,"Embalagem de 1,5 l",PorSi,,"0,73€/L","1,09€",https://cdn.intermarche.pt/pt/Content/images/boitmal/produit/zoom/FB3C7451B059F748F7FDA005F2AE0FB6.jpg,,/product/ice-tea-de-limao-tetra/5604260327119
12081,Ice tea de limão,5604260259311,10325,10009,"Embalagem de 6x0,20 l ",PorSi,,"0,99€/L","1,19€",https://cdn.intermarche.pt/pt/Content/images/boitmal/produit/zoom/A3E8F69230ED19B87297C6E8CF043E90.jpg,,/product/ice-tea-de-limao/5604260259311
14641,Tisana de chá verde/limão light,5603722513879,10325,10009,"Garrafa de 1,5 l",Pleno,,"1,26€/L","1,89€",https://cdn.intermarche.pt/pt/Content/images/boitmal/produit/zoom/65377B3F78342A8BD02B4888BCEF8A2A.jpg,,/product/tisana-de-cha-verde-ou-limao-light/5603722513879
2158,Ice tea pessego,5604260327102,10325,10009,"Embalagem de 1,5 l",PorSi,,"0,73€/L","1,09€",https://cdn.intermarche.pt/pt/Content/images/boitmal/produit/zoom/7F0DDCB4586298B5CE4F32BBE4D4C7DD.jpg,,/product/ice-tea-pessego/5604260327102
2156,Ice tea de pêssego zero tetra,5604260302260,10325,10009,"Embalagem de 1,5 l",PorSi,,"0,59€/L","0,89€",https://cdn.intermarche.pt/pt/Content/images/boitmal/produit/zoom/057145DE17265B155D82F0C84E4F13FF.jpg,,/product/ice-tea-de-pessego-zero-tetra/5604260302260
9300,Tisana chá verde/limão,5603722497261,10325,10009,"Garrafa de 1,5 l",Pleno,,"1,26€/L","1,89€",https://cdn.intermarche.pt/pt/Content/images/boitmal/produit/zoom/63B46E2B2042FC121A0C4D7D5A49ED19.jpg,,/product/tisana-cha-verde-ou-limao/5603722497261
20201,Tisana chá camomila e romã,5603722516221,10325,10009,"Garrafa de 1,5 l",Pleno,,"1,26€/L","1,89€",https://cdn.intermarche.pt/pt/Content/images/boitmal/produit/zoom/7D7CD25DE9A010F83E1BA590B1E838FC.jpg,,/product/tisana-cha-camomila-e-roma/5603722516221
9299,"Tisana Chá de Cidreira e Tília, garrafa de 1,5 l",5603722497254,10325,10009,,Pleno,,"1,26€/L","1,89€",https://cdn.intermarche.pt/pt/Content/images/boitmal/produit/zoom/E209EEA7F7A7AFC654DB8AF682E8C159.jpg,,/product/tisana-cha-de-cidreira-e-tilia-garrafa-de-15-l/5603722497254
46691,Ice Tea de pêssego,5449000030528,10325,10009,Garrafa de 1.5 l,Nestea,,"1,17€/L","1,75€",https://cdn.intermarche.pt/pt/Content/images/boitmal/produit/zoom/6E598965A9FD6A1A9244AC0A665F5801.jpg,,/product/ice-tea-de-pessego/5449000030528
42838,Ice tea manga zero,5604260302253,10325,10009,Garrafa de 1.5 l,PorSi,,"0,59€/L","0,89€",https://cdn.intermarche.pt/pt/Content/images/boitmal/produit/zoom/1B27DE7155C6C2D2CED29760B5BA85D0.jpg,,/product/ice-tea-manga-zero/5604260302253
15873,Ice tea limão,8712100743337,10325,10009,pack 6 x 0.25 l,Lipton,,"3,46€/L","5,19€",https://cdn.intermarche.pt/pt/Content/images/boitmal/produit/zoom/2676596678792B3C71788D8BEC2CF976.jpg,,/product/ice-tea-limao/8712100743337
17394,Ice tea pêssego,8712100742996,10325,10009,Pack 3 x 200 ml,Lipton,,"3,30€/L","1,98€",https://cdn.intermarche.pt/pt/Content/images/boitmal/produit/zoom/ECE4CDAE4FF17013051FAEB02D1C2D38.jpg,,/product/ice-tea-pessego/8712100742996
15874,Ice tea manga,8712100743535,10325,10009,pack 6 x 0.25 l,Lipton,,"3,46€/L","5,19€",https://cdn.intermarche.pt/pt/Content/images/boitmal/produit/zoom/F3A9E35445515384A82094B8183C06C5.jpg,,/product/ice-tea-manga/8712100743535
17392,Ice tea manga,8712100743207,10325,10009,Pack 3 x 200 ml,Lipton,,"3,30€/L","1,98€",https://cdn.intermarche.pt/pt/Content/images/boitmal/produit/zoom/FA6E45D60FA96CC6D47B1115F2651F2C.jpg,,/product/ice-tea-manga/8712100743207
52500,"Ice Tea Pêssego, 500 ml",5604260329687,10325,10009,,PorSi,,"1,58€/L","0,79€",https://cdn.intermarche.pt/pt/Content/images/boitmal/produit/zoom/BF5C39472444DB391E968001F2E41C83.jpg,,/product/ice-tea-pessego-500-ml/5604260329687
17393,Ice tea limão,8712100743054,10325,10009,Pack 3 x 200 ml,Lipton,,"3,30€/L","1,98€",https://cdn.intermarche.pt/pt/Content/images/boitmal/produit/zoom/D1EFD045EC77B535C4F0D006B71AE8A9.jpg,,/product/ice-tea-limao/8712100743054
46690,Ice Tea de Limão,5449000017376,10325,10009,Garrafa de 1.5 l,Nestea,,"1,17€/L","1,75€",https://cdn.intermarche.pt/pt/Content/images/boitmal/produit/zoom/98E3AB9CF1CF0022DBF3DB6E6B524F12.jpg,,/product/ice-tea-de-limao/5449000017376
52878,"Kombucha Chá Verde, garrafa de 330 ml",5603722522482,11109,10009,,Pleno,,"6,64€/L","2,19€",https://cdn.intermarche.pt/pt/Content/images/boitmal/produit/zoom/A6A928B2E75640A1A7002F9999FE2282.jpg,,/product/kombucha-cha-verde-garrafa-de-330-ml/5603722522482
2243,"Ice Tea Manga, 500 ml",5604260329670,10325,10009,,PorSi,,"1,58€/L","0,79€",https://cdn.intermarche.pt/pt/Content/images/boitmal/produit/zoom/5153967E01ACA2B161373D4EAEB7131D.jpg,,/product/ice-tea-manga-500-ml/5604260329670
52962,"Kombucha de Gengibre e Limão, garrafa de 330 ml",5603722522505,11109,10009,,Pleno,,"6,64€/L","2,19€",https://cdn.intermarche.pt/pt/Content/images/boitmal/produit/zoom/16C35338EF775AE4D2A2D9C646FCB516.jpg,,/product/kombucha-de-gengibre-e-limao-garrafa-de-330-ml/5603722522505
8682,Ice tea de manga tetra,5601165102643,10325,10009,Embalagem de 1L,Lipton,,"2,29€/L","2,29€",https://cdn.intermarche.pt/pt/Content/images/boitmal/produit/zoom/02CD10CCFBC7F165CBCECFB81DD93642.jpg,,/product/ice-tea-de-manga-tetra/5601165102643
9302,Tisana chá preto ginseg e limão,5603722497285,10325,10009,"Garrafa de 1,5 l",Pleno,,"1,26€/L","1,89€",https://cdn.intermarche.pt/pt/Content/images/boitmal/produit/zoom/408117D5CB1B7AB29021A2154514DE8D.jpg,,/product/tisana-cha-preto-ginseg-e-limao/5603722497285
11578,Sumo essencial manga,5601151216101,11754,10009,pack 3 x 0.11 l,Compal,,"5,12€/L","1,69€",https://cdn.intermarche.pt/pt/Content/images/boitmal/produit/zoom/5CFC6FCFAA37A97D0995C628F731E02F.jpg,2024-09-25T22:59:59.999Z,/product/sumo-essencial-manga/5601151216101
11584,Sumo essencial pera,5601151495100,11754,10009,pack 3 x 0.11 l,Compal,,"5,12€/L","1,69€",https://cdn.intermarche.pt/pt/Content/images/boitmal/produit/zoom/DA5EFECA71E13E851513D571891AFAE4.jpg,2024-09-25T22:59:59.999Z,/product/sumo-essencial-pera/5601151495100
11581,Sumo essencial de pêssego,5601151430200,11754,10009,pack 3 x 0.11 l,Compal,,"5,12€/L","1,69€",https://cdn.intermarche.pt/pt/Content/images/boitmal/produit/zoom/809642ABE0E0178F71A6EE6543789E6C.jpg,2024-09-25T22:59:59.999Z,/product/sumo-essencial-de-pessego/5601151430200
36191,Bebida essencial frutos vermelhos,5601151259207,11754,10009,Pack 3 x 0.11 l,Compal,,"5,12€/L","1,69€",https://cdn.intermarche.pt/pt/Content/images/boitmal/produit/zoom/330C1B9F4CCF3C7A9EBDDFDEC2C399BF.jpg,2024-09-25T22:59:59.999Z,/product/bebida-essencial-frutos-vermelhos/5601151259207
11598,"Doses de Fruta de Maçã, Banana e Laranja",5601151980170,11754,10009,Pack 3 x 0.11 l,Compal,,"5,12€/L","1,69€",https://cdn.intermarche.pt/pt/Content/images/boitmal/produit/zoom/508AD981B9B3FA3A330429EE7B6B046F.jpg,2024-09-25T22:59:59.999Z,/product/doses-de-fruta-de-maca-banana-e-laranja/5601151980170
8638,Sumo essencial maçã,5601151330203,11754,10009,pack 3 x 0.11 l,Compal,,"5,12€/L","1,69€",https://cdn.intermarche.pt/pt/Content/images/boitmal/produit/zoom/FCDC03DFAC8C2BDD918092EA050D8978.jpg,2024-09-25T22:59:59.999Z,/product/sumo-essencial-maca/5601151330203
15351,Néctar frutos vermelhos,5604260267187,11754,10009,Pack 3 x 200 ml,PorSi,,"1,57€/L","0,94€",https://cdn.intermarche.pt/pt/Content/images/boitmal/produit/zoom/BC8E345C0299C748D4E4E63ABBDFDBC3.jpg,,/product/nectar-frutos-vermelhos/5604260267187
25597,Néctar 8 frutos,5601151979303,11754,10009,Pack 6 x 200 ml,Bongo,,"1,83€/L","2,19€",https://cdn.intermarche.pt/pt/Content/images/boitmal/produit/zoom/8F7097498E407AAD3EBA218E9E0D2469.jpg,,/product/nectar-8-frutos/5601151979303
2237,"Néctar frutos vermelhos, prisma",5604260267200,11754,10009,Embalagem de 1 l,PorSi,,"1,09€/L","1,09€",https://cdn.intermarche.pt/pt/Content/images/boitmal/produit/zoom/6C3F491EA0BF0366BD5FF574EF1B374C.jpg,,/product/nectar-frutos-vermelhos-prisma/5604260267200
5967,Néctar de pêssego,5604260273287,11754,10009,Pack 3 x 200 ml,PorSi,,"1,57€/L","0,94€",https://cdn.intermarche.pt/pt/Content/images/boitmal/produit/zoom/225F3552357D9B54968EB2EA453EA71F.jpg,,/product/nectar-de-pessego/5604260273287
1277,Néctar clássico laranja,5601151122204,11754,10009,Embalagem de 1 l,Compal,,"1,69€/L","1,69€",https://cdn.intermarche.pt/pt/Content/images/boitmal/produit/zoom/3BFB21BBD9719EBBC98740FBB6E3BCF1.jpg,,/product/nectar-classico-laranja/5601151122204
1279,Néctar de 8 frutos,5601151123362,11754,10009,Garrafa de 1 l,Bongo,,"1,09€/L","1,09€",https://cdn.intermarche.pt/pt/Content/images/boitmal/produit/zoom/A385521CD93D23B64326FFF286275FD6.jpg,,/product/nectar-de-8-frutos/5601151123362
1281,Nectar vital equilibrio ananás/coco,5601151136140,11754,10009,Embalagem de 1 l,Compal,,"1,49€/L","1,49€",https://cdn.intermarche.pt/pt/Content/images/boitmal/produit/zoom/2353850FA900673F4C3B08C535F9375F.jpg,,/product/nectar-vital-equilibrio-ananas-ou-coco/5601151136140
1295,Néctar clássico de manga,5601151533451,11754,10009,Embalagem de 1 l,Compal,,"1,19€/L","1,19€",https://cdn.intermarche.pt/pt/Content/images/boitmal/produit/zoom/74A17757EF21932BB8062B705CB36141.jpg,,/product/nectar-classico-de-manga/5601151533451
1297,Néctar de pêssego,5601151543313,11754,10009,Embalagem de 1 l,Compal,,"0,99€/L","0,99€",https://cdn.intermarche.pt/pt/Content/images/boitmal/produit/zoom/71BCFF0323E89D4F47EF3F4CA7F8AF50.jpg,,/product/nectar-de-pessego/5601151543313
15724,Néctar de tutti fruti,5604260273294,11754,10009,Pack 3 x 200 ml,PorSi,,"1,57€/L","0,94€",https://cdn.intermarche.pt/pt/Content/images/boitmal/produit/zoom/6499959FE629730710D041B5069E1F8D.jpg,,/product/nectar-de-tutti-fruti/5604260273294
2072,"Néctar pêssego, prisma",5604260193516,11754,10009,Embalagem de 1 l,PorSi,,"0,99€/L","0,99€",https://cdn.intermarche.pt/pt/Content/images/boitmal/produit/zoom/B29D4F2CB69685F48D5CAFE4294E327C.jpg,,/product/nectar-pessego-prisma/5604260193516
2074,Néctar pera,5604260193554,11754,10009,Embalagem de 1 l,PorSi,,"0,99€/L","0,99€",https://cdn.intermarche.pt/pt/Content/images/boitmal/produit/zoom/EC5D7235941CEBB11AB8301EBCF4E95C.jpg,,/product/nectar-pera/5604260193554
2079,"Néctar ananás, prisma",5604260193646,11754,10009,Garrafa de 1 l,PorSi,,"0,99€/L","0,99€",https://cdn.intermarche.pt/pt/Content/images/boitmal/produit/zoom/10E9329F83000135085CDE8D45A5A26A.jpg,,/product/nectar-ananas-prisma/5604260193646
8641,Néctar vital de frutos vermelhos,5601151983171,11754,10009,Pack 3 x 200 ml,Compal,,"2,58€/L","1,55€",https://cdn.intermarche.pt/pt/Content/images/boitmal/produit/zoom/612A85B8691CFCC5F767477F18BDCEE0.jpg,,/product/nectar-vital-de-frutos-vermelhos/5601151983171
1291,Néctar clássico tutti-frutti,5601151333457,11754,10009,Embalagem de 1 l,Compal,,"1,19€/L","1,19€",https://cdn.intermarche.pt/pt/Content/images/boitmal/produit/zoom/79A76D91E7F845844AA891429B75DB10.jpg,,/product/nectar-classico-tutti-frutti/5601151333457
1311,"Néctar laranja algarve, 1 l",5601151981245,11754,10009,,Compal,,"1,89€/L","1,89€",https://cdn.intermarche.pt/pt/Content/images/boitmal/produit/zoom/C8A71B56B3641AE6B0741C40BB45FB1D.jpg,,/product/nectar-laranja-algarve-1-l/5601151981245
11585,Néctar tutti-fruti,5601151540817,11754,10009,Pack 3 x 200 ml,Compal,,"2,58€/L","1,55€",https://cdn.intermarche.pt/pt/Content/images/boitmal/produit/zoom/46259AFD5876FC6CE2BE2E09C2B96495.jpg,,/product/nectar-tutti-fruti/5601151540817
2078,"Néctar manga, prisma",5604260193615,11754,10009,Embalagem de 1 l,PorSi,,"1,15€/L","1,15€",https://cdn.intermarche.pt/pt/Content/images/boitmal/produit/zoom/F91DC367BE2D1C7BD0334DCD21B43F7E.jpg,,/product/nectar-manga-prisma/5604260193615
1292,"Néctar vital equilibrio manga e laranja, 1 l",5601151354452,11754,10009,,Compal,,"1,49€/L","1,49€",https://cdn.intermarche.pt/pt/Content/images/boitmal/produit/zoom/30D2BA582C7246DE27BB90D053759BF5.jpg,,/product/nectar-vital-equilibrio-manga-e-laranja-1-l/5601151354452
2080,"Néctar de goiaba, prisma",5604260193660,11754,10009,Embalagem de 1 l,PorSi,,"1,39€/L","1,39€",https://cdn.intermarche.pt/pt/Content/images/boitmal/produit/zoom/6FA47677E7FDD2427974636ED78C99C1.jpg,,/product/nectar-de-goiaba-prisma/5604260193660
15359,Néctar de manga,5604260273317,11754,10009,Pack 3 x 200 ml,PorSi,,"1,65€/L","0,99€",https://cdn.intermarche.pt/pt/Content/images/boitmal/produit/zoom/C029E47F92C2B8B61D7DC41A026C661E.jpg,,/product/nectar-de-manga/5604260273317
1271,Néctar vital equilibrio laranja/cenoura/manga,5601151043455,11754,10009,Embalagem de 1 l,Compal,,"1,69€/L","1,69€",https://cdn.intermarche.pt/pt/Content/images/boitmal/produit/zoom/3AF115231F2C0FD57C62006464E6A0F7.jpg,,/product/nectar-vital-equilibrio-laranja-ou-cenoura-ou-manga/5601151043455
2073,"Néctar alperce, prisma",5604260193547,11754,10009,Embalagem de 1 l,PorSi,,"1,29€/L","1,29€",https://cdn.intermarche.pt/pt/Content/images/boitmal/produit/zoom/A40E2A4C5896A18366393ECE9A460FF7.jpg,,/product/nectar-alperce-prisma/5604260193547
2076,Nectar tuttifruti,5604260193585,11754,10009,Embalagem de 1 l,PorSi,,"1,09€/L","1,09€",https://cdn.intermarche.pt/pt/Content/images/boitmal/produit/zoom/F71C24EE65BBACD19D0B795025D59BB2.jpg,,/product/nectar-tuttifruti/5604260193585
1296,Néctar de pera,5601151543306,11754,10009,Embalagem de 1 l,Compal,,"1,19€/L","1,19€",https://cdn.intermarche.pt/pt/Content/images/boitmal/produit/zoom/FF128F0B6279B1B088FCD71AE0426649.jpg,,/product/nectar-de-pera/5601151543306
8643,Néctar light de manga/laranja,5601151983218,11754,10009,Pack 3 x 200 ml,Compal,,"2,58€/L","1,55€",https://cdn.intermarche.pt/pt/Content/images/boitmal/produit/zoom/B08CFC781E806936068ED3A79ED224D1.jpg,,/product/nectar-light-de-manga-ou-laranja/5601151983218
11588,Néctar pêssego,5601151540909,11754,10009,Pack 3 x 200 ml,Compal,,"2,58€/L","1,55€",https://cdn.intermarche.pt/pt/Content/images/boitmal/produit/zoom/8E9F7F7C9C6F6F0F209D5A59713C2C1B.jpg,,/product/nectar-pessego/5601151540909
15748,Néctar ananás,5604260273324,11754,10009,Pack 3 x 200 ml,PorSi,,"1,65€/L","0,99€",https://cdn.intermarche.pt/pt/Content/images/boitmal/produit/zoom/44CE328FB7922B26B1E457A43EAE62F2.jpg,,/product/nectar-ananas/5604260273324
15725,Néctar de pera,5604260273300,11754,10009,Pack 3 x 200 ml,PorSi,,"1,57€/L","0,94€",https://cdn.intermarche.pt/pt/Content/images/boitmal/produit/zoom/0413BCDA8269D327CC22E2A02C8AB9D5.jpg,,/product/nectar-de-pera/5604260273300
8631,Néctar 8 frutos,5601151123355,11754,10009,Pack 3 x 200 ml,Bongo,,"2,65€/L","1,59€",https://cdn.intermarche.pt/pt/Content/images/boitmal/produit/zoom/8BAF12E62C24AA53D4D4C5A5073D4AC9.jpg,,/product/nectar-8-frutos/5601151123355
2083,Néctar light de laranja prisma,5604260193691,11754,10009,Embalagem de 1 l,PorSi,,"1,39€/L","1,39€",https://cdn.intermarche.pt/pt/Content/images/boitmal/produit/zoom/94946A0E09C855B0C6D3C935CB076C69.jpg,,/product/nectar-light-de-laranja-prisma/5604260193691
1276,Néctar vital equilibrio frutos vermelhos,5601151117101,11754,10009,Embalagem de 1 l,Compal,,"1,69€/L","1,69€",https://cdn.intermarche.pt/pt/Content/images/boitmal/produit/zoom/F0950B13CAACDCB597B5CA331A1F58B4.jpg,,/product/nectar-vital-equilibrio-frutos-vermelhos/5601151117101
40544,Néctar de laranja e cenoura light,5604260302031,11754,10009,Embalagem de 1 litro,PorSi,,"1,29€/L","1,29€",https://cdn.intermarche.pt/pt/Content/images/boitmal/produit/zoom/CCEF6CFEC2FC7BB2E5FEF16B0106721E.jpg,,/product/nectar-de-laranja-e-cenoura-light/5604260302031
40545,"Néctar de maracujá, maçã e manga",5604260302055,11754,10009,Embalagem de 1 litro,PorSi,,"1,09€/L","1,09€",https://cdn.intermarche.pt/pt/Content/images/boitmal/produit/zoom/74DB947964062AD5610A8167B38BD974.jpg,,/product/nectar-de-maracuja-maca-e-manga/5604260302055
16112,"Sumo 100%, laranja",5604260276615,11755,10009,"Embalagem de 1,5 l",PorSi,,"1,33€/L","1,99€",https://cdn.intermarche.pt/pt/Content/images/boitmal/produit/zoom/17ECC8AE41A7BF742CCD5FF49B598556.jpg,,/product/sumo-100%25-laranja/5604260276615
40533,Sumo 100% ananás e uva,5604260302000,11755,10009,1.5 l,PorSi,,"1,06€/L","1,59€",https://cdn.intermarche.pt/pt/Content/images/boitmal/produit/zoom/2968E5A65D67351F63FA3A4715C3A218.jpg,,/product/sumo-100%25-ananas-e-uva/5604260302000
15623,Sumo 100% ananás/uva,5604260273249,11755,10009,Pack 3 x 200 ml,PorSi,,"1,65€/L","0,99€",https://cdn.intermarche.pt/pt/Content/images/boitmal/produit/zoom/C08E6C464009627CDAF2D3B788E41597.jpg,,/product/sumo-100%25-ananas-ou-uva/5604260273249
16113,"Sumo 100%, tutti-frutti",5604260276639,11755,10009,"Embalagem de 1,5 l",PorSi,,"1,19€/L","1,79€",https://cdn.intermarche.pt/pt/Content/images/boitmal/produit/zoom/C065DDC2C791A237A97F64817C7D76D5.jpg,,/product/sumo-100%25-tutti-frutti/5604260276639
28877,Sumo 100% maçã,5604260276622,11755,10009,"Embalagem de 1,5 l",PorSi,,"0,86€/L","1,29€",https://cdn.intermarche.pt/pt/Content/images/boitmal/produit/zoom/CD29872FAA0BB0B73E655C4D361E540C.jpg,,/product/sumo-100%25-maca/5604260276622
49307,Sumo 100% fruta multifrutos,5601151969656,11755,10009,1 litro,Compal,,"1,69€/L","1,69€",https://cdn.intermarche.pt/pt/Content/images/boitmal/produit/zoom/8424532B43AB37AC24D6326C5A80BA55.jpg,,/product/sumo-100%25-fruta-multifrutos/5601151969656
10907,Sumo 100% tomate,5604260302024,11755,10009,Embalagem de 1.5 l,PorSi,,"1,13€/L","1,69€",https://cdn.intermarche.pt/pt/Content/images/boitmal/produit/zoom/292B9C7529E75D2F3BC51889C81EE89D.jpg,,/product/sumo-100%25-tomate/5604260302024
15624,Sumo 100% laranja,5604260273263,11755,10009,Pack 3 x 200 ml,PorSi,,"1,98€/L","1,19€",https://cdn.intermarche.pt/pt/Content/images/boitmal/produit/zoom/65F17397AE996A8EF224286679EBD0E4.jpg,,/product/sumo-100%25-laranja/5604260273263
15726,Sumo 100% pêssego e uva,5604260273270,11755,10009,Pack 3 x 200 ml,PorSi,,"1,65€/L","0,99€",https://cdn.intermarche.pt/pt/Content/images/boitmal/produit/zoom/6D78432B4924E4F806DBDDFD038938F4.jpg,,/product/sumo-100%25-pessego-e-uva/5604260273270
49981,Conjunto de Saquetas de Fruta Multifrutos,3021761207269,11755,10009,Embalagem de 360g,GoGo Squeez,,"10,53€/Kg","3,79€",https://cdn.intermarche.pt/pt/Content/images/boitmal/produit/zoom/8660412D676501A77626C4E68F3A2E58.jpg,,/product/conjunto-de-saquetas-de-fruta-multifrutos/3021761207269
14169,Sumo 100% maçã,5601151734452,11755,10009,1 litro,Compal,,"1,69€/L","1,69€",https://cdn.intermarche.pt/pt/Content/images/boitmal/produit/zoom/735FEA93558F1E10BCABBD50D558E72B.jpg,,/product/sumo-100%25-maca/5601151734452
24456,Nectar clássico maracujá,5601151543450,11755,10009,Garrafa de 1 l,Compal,,"1,69€/L","1,69€",https://cdn.intermarche.pt/pt/Content/images/boitmal/produit/zoom/420B7354CEE7040D1EB865A636144F4C.jpg,,/product/nectar-classico-maracuja/5601151543450
49411,Sumo 100% Laranja Espremida,5601151969571,11755,10009,Pack 3 x 200 ml,Compal,,"2,98€/L","1,79€",https://cdn.intermarche.pt/pt/Content/images/boitmal/produit/zoom/BE6107A246758DDB948F9247FE27347E.jpg,,/product/sumo-100%25-laranja-espremida/5601151969571
40534,Sumo 100% pêssego e uva,5604260302017,11755,10009,1.5 l,PorSi,,"0,99€/L","1,49€",https://cdn.intermarche.pt/pt/Content/images/boitmal/produit/zoom/72EFE58B2E2E6067C7C0902B67EB89D8.jpg,,/product/sumo-100%25-pessego-e-uva/5604260302017
35704,Conjunto de Saquetas de Fruta Maçã e Banana,3021768203639,11755,10009,Embalagem de 4 x 90g,GoGo Squeez,,"10,53€/Kg","3,79€",https://cdn.intermarche.pt/pt/Content/images/boitmal/produit/zoom/5FD12CF17A06164EE105D015DB4EE80A.jpg,,/product/conjunto-de-saquetas-de-fruta-maca-e-banana/3021768203639
35705,Conjunto de Saquetas de Fruta Maçã e Morango,3021768203615,11755,10009,Embalagem de 4 x 90g,GoGo Squeez,,"10,53€/Kg","3,79€",https://cdn.intermarche.pt/pt/Content/images/boitmal/produit/zoom/842A4A936793A68E3BEB92BD80487C2F.jpg,,/product/conjunto-de-saquetas-de-fruta-maca-e-morango/3021768203615
49412,Sumo 100% Multifrutos,5601151969557,11755,10009,pack 3 x 200 ml,Compal,,"2,98€/L","1,79€",https://cdn.intermarche.pt/pt/Content/images/boitmal/produit/zoom/06CD2EB788C5BE5243BAD71B7ED2962F.jpg,,/product/sumo-100%25-multifrutos/5601151969557
49414,Sumo 100% Maçã,5601151969564,11755,10009,pack 3 x 200 ml,Compal,,"2,98€/L","1,79€",https://cdn.intermarche.pt/pt/Content/images/boitmal/produit/zoom/CD31AD4E2832462B8D930F1F9879C4D7.jpg,,/product/sumo-100%25-maca/5601151969564
35703,Conjunto de Saquetas de Fruta Maçã,3021768203608,11755,10009,Embalagem de 4 x 90g,GoGo Squeez,,"10,53€/Kg","3,79€",https://cdn.intermarche.pt/pt/Content/images/boitmal/produit/zoom/EFAD3B28A2AEC54F4385AF821FCB6551.jpg,,/product/conjunto-de-saquetas-de-fruta-maca/3021768203608
43102,Conjunto de Saquetas de Fruta Maçã e Pera,3021761207214,11755,10009,Embalagem de 4 x 90g,GoGo Squeez,,"9,69€/Kg","3,49€",https://cdn.intermarche.pt/pt/Content/images/boitmal/produit/zoom/CE4925BADBF21C4F7D4D7E83BC0A1EDF.jpg,,/product/conjunto-de-saquetas-de-fruta-maca-e-pera/3021761207214
39466,"Sumo natural de betarraba bio, garrafa de 750 ml",5604321037025,11287,10119,,Cemporcento,,"4,52€/L","3,39€",https://cdn.intermarche.pt/pt/Content/images/boitmal/produit/zoom/9C36B8CECBF52711B984C296D00A2F9A.jpg,,/product/sumo-natural-de-betarraba-bio-garrafa-de-750-ml/5604321037025
39468,"Sumo natural de mirtilo bio, garrafa de 200 ml",5604321037056,11287,10119,,Cemporcento,,"12,45€/L","2,49€",https://cdn.intermarche.pt/pt/Content/images/boitmal/produit/zoom/C06F24F7BCEDADD88CC3CF2EAC0FF4D3.jpg,,/product/sumo-natural-de-mirtilo-bio-garrafa-de-200-ml/5604321037056
39579,"Sumo natural de alperce bio, garrafa de 200 ml",5604321037032,11287,10119,,Cemporcento,,"5,45€/L","1,09€",https://cdn.intermarche.pt/pt/Content/images/boitmal/produit/zoom/3C81C375BA38CA7BDB6F2A3C722AD5D2.jpg,,/product/sumo-natural-de-alperce-bio-garrafa-de-200-ml/5604321037032
39580,"Sumo natural de cranberry bio, garrafa de 200 ml",5604321037063,11287,10119,,Cemporcento,,"12,45€/L","2,49€",https://cdn.intermarche.pt/pt/Content/images/boitmal/produit/zoom/9B5651AFE74A0AB2E729B31235AC6CB0.jpg,,/product/sumo-natural-de-cranberry-bio-garrafa-de-200-ml/5604321037063
39581,"Sumo natural de romã bio, garrafa de 200 ml",5604321037087,11287,10119,,Cemporcento,,"12,45€/L","2,49€",https://cdn.intermarche.pt/pt/Content/images/boitmal/produit/zoom/0044F5CDED95C8714B49C0A91299015E.jpg,,/product/sumo-natural-de-roma-bio-garrafa-de-200-ml/5604321037087
39590,"Sumo natural de pêssego bio, garrafa de 200 ml",5604321037797,11287,10119,,Cemporcento,,"5,45€/L","1,09€",https://cdn.intermarche.pt/pt/Content/images/boitmal/produit/zoom/AF08BF83E5400FD2674EFEA2357BF47E.jpg,,/product/sumo-natural-de-pessego-bio-garrafa-de-200-ml/5604321037797
46662,"Snacktoon rupy frutos variados, 100g",5900852054914,11755,10009,,Blédina,,"14,90€/Kg","1,49€",https://cdn.intermarche.pt/pt/Content/images/boitmal/produit/zoom/EEE70F765979DD4ADEB12AF4A28CDC46.jpg,,/product/snacktoon-rupy-frutos-variados-100g/5900852054914
46663,Bledina snacktoon molly maçã,5900852054907,11755,10009,Embalagem de 100g,Blédina,,"14,90€/Kg","1,49€",https://cdn.intermarche.pt/pt/Content/images/boitmal/produit/zoom/4A036EE06A4D8D5BA3B29BFF14D65BCB.jpg,,/product/bledina-snacktoon-molly-maca/5900852054907
47062,Frutapura Pouch Frutos Variados,5900852054846,11755,10009,Embalagem de 85g,Blédina,,"11,65€/Kg","0,99€",https://cdn.intermarche.pt/pt/Content/images/boitmal/produit/zoom/A5E657B4F24E3E47065A155BF934CD06.jpg,,/product/frutapura-pouch-frutos-variados/5900852054846
47064,Frutapura maçã manga laranja,5900852054884,11755,10009,Embalagem de 85g,Blédina,,"11,65€/Kg","0,99€",https://cdn.intermarche.pt/pt/Content/images/boitmal/produit/zoom/00C328E391A574AA61CBDF65215450F7.jpg,,/product/frutapura-maca-manga-laranja/5900852054884
50439,"Smoothie de maçã, kiwi e lima",5038862239660,11755,10009,Garrafa de 250 ml,Innocent,,"7,96€/L","1,99€",https://cdn.intermarche.pt/pt/Content/images/boitmal/produit/zoom/45164E7513D1A5114E49BA7BDF135608.jpg,,/product/smoothie-de-maca-kiwi-e-lima/5038862239660
9758,Sumo de laranja,5604802000098,11755,10009,Garrafa 3L,Lara,,"2,66€/L","7,99€",https://cdn.intermarche.pt/pt/Content/images/boitmal/produit/zoom/9994DB4D115BFACD019C51C63DC6D34B.jpg,,/product/sumo-de-laranja/5604802000098
42148,Sumo 100% maçã,5604260303120,11755,10009,pack 3 x 200 ml,PorSi,,"1,42€/L","0,85€",https://cdn.intermarche.pt/pt/Content/images/boitmal/produit/zoom/162734A7F01C67C4B14E4DDF890C8E68.jpg,,/product/sumo-100%25-maca/5604260303120
40587,"Sumo 100%, tutti-frutti",5604260303113,11755,10009,Embalagem de 3 x 200 ml,PorSi,,"1,65€/L","0,99€",https://cdn.intermarche.pt/pt/Content/images/boitmal/produit/zoom/73CE8346065B2BB4C9367B14030AD8BE.jpg,,/product/sumo-100%25-tutti-frutti/5604260303113
1298,Sumo 100% laranja,5601151543405,11755,10009,1 litro,Compal,,"1,99€/L","1,99€",https://cdn.intermarche.pt/pt/Content/images/boitmal/produit/zoom/45F2D2899569ABF2DC5A8467D1A8AD00.jpg,,/product/sumo-100%25-laranja/5601151543405
45812,Sumo Natural 100% Maçã de Alcobaça e Pera Rocha do Oeste,5604260317035,11755,10009,1.5 litros,PorSi Select,,"2,19€/L","3,29€",https://cdn.intermarche.pt/pt/Content/images/boitmal/produit/zoom/ECCB2F7B38C4B3284E856D1F38001F89.jpg,,/product/sumo-natural-100%25-maca-de-alcobaca-e-pera-rocha-do-oeste/5604260317035
47060,Frutapura maçã e pera,5900852054822,11755,10009,Embalagem de 85g,Blédina,,"11,65€/Kg","0,99€",https://cdn.intermarche.pt/pt/Content/images/boitmal/produit/zoom/AB68426139773BC1589E8CCC5EDAC43A.jpg,,/product/frutapura-maca-e-pera/5900852054822
41897,Sumo de laranja,4000177024935,11755,10009,Embalagem de 4 x 200ml,Capri-Sun,,"3,10€/L","2,48€",https://cdn.intermarche.pt/pt/Content/images/boitmal/produit/zoom/C8488EDA59E8CEF60193E894C6356279.jpg,,/product/sumo-de-laranja/4000177024935
25275,Concentrado de laranja,5775345121578,11756,10009,Garrafa de 700 ml,Sunquick,,"7,41€/L","5,19€",https://cdn.intermarche.pt/pt/Content/images/boitmal/produit/zoom/8F6159314AFA9ACA4FB2EC88A7BBF04D.jpg,2024-09-25T22:59:59.999Z,/product/concentrado-de-laranja/5775345121578
25276,Concentrado de frutas tropicais,5775345121585,11756,10009,Garrafa de 700 ml,Sunquick,,"7,41€/L","5,19€",https://cdn.intermarche.pt/pt/Content/images/boitmal/produit/zoom/4BD6A03207C4644AA25F7ED6571B6B74.jpg,2024-09-25T22:59:59.999Z,/product/concentrado-de-frutas-tropicais/5775345121585
50027,Concentrado Laranja e Pêssego,5775345203373,11756,10009,Garrafa de 700 ml,Sunquick,,"7,41€/L","5,19€",https://cdn.intermarche.pt/pt/Content/images/boitmal/produit/zoom/0C66C20D7FFAE91A6E5B8A890E65B833.jpg,2024-09-25T22:59:59.999Z,/product/concentrado-laranja-e-pessego/5775345203373
50498,Concentrado Laranja e Manga,5775345202918,11756,10009,Garrafa de 700 ml,Sunquick,,"7,41€/L","5,19€",https://cdn.intermarche.pt/pt/Content/images/boitmal/produit/zoom/2A5487A92FEBBD8C4A9D852619EA55EB.jpg,2024-09-25T22:59:59.999Z,/product/concentrado-laranja-e-manga/5775345202918
53008,"Concentrado de Maracujá Mix, garrafa de 700 ml",5775345205384,11756,10009,,Sunquick,,"7,41€/L","5,19€",https://cdn.intermarche.pt/pt/Content/images/boitmal/produit/zoom/5389434D1C5481A1E2137E6ACD009273.jpg,2024-09-25T22:59:59.999Z,/product/concentrado-de-maracuja-mix-garrafa-de-700-ml/5775345205384
53009,"Concentrado de Manga, garrafa de 700 ml",5775345205285,11756,10009,,Sunquick,,"7,41€/L","5,19€",https://cdn.intermarche.pt/pt/Content/images/boitmal/produit/zoom/47641B3B2ADBFBD16DD4A5737D06477E.jpg,2024-09-25T22:59:59.999Z,/product/concentrado-de-manga-garrafa-de-700-ml/5775345205285
11494,Sumo concentrado de laranja/maracujá,5601045080801,11756,10009,Garrafa de 740 ml,GUD,,"6,74€/L","4,99€",https://cdn.intermarche.pt/pt/Content/images/boitmal/produit/zoom/C221FA4664D0130B8E97DF815C7232DB.jpg,,/product/sumo-concentrado-de-laranja-ou-maracuja/5601045080801
555,Xarope grenadine,3250390001522,11756,10009,Garrafa de 750 ml,Paquito,,"5,32€/L","3,99€",https://cdn.intermarche.pt/pt/Content/images/boitmal/produit/zoom/A3D60CDFC505CCC84381D2FA9EC0DEB0.jpg,,/product/xarope-grenadine/3250390001522
14709,Groselha,5601245250011,11756,10009,Garrafa de 1 l,Albergaria,,"4,99€/L","4,99€",https://cdn.intermarche.pt/pt/Content/images/boitmal/produit/zoom/635F77D8C5EAA7591E05C0342ED3FB39.jpg,,/product/groselha/5601245250011
35294,Xarope de groselha,5603076016019,11756,10009,Garrafa de 1 l,Xarão,,"3,29€/L","3,29€",https://cdn.intermarche.pt/pt/Content/images/boitmal/produit/zoom/C13380B7A317CBDAA41FC84306BC6387.jpg,,/product/xarope-de-groselha/5603076016019
35905,Xarope de menta,3250390001508,11756,10009,Garrafa de 0.75 lt,Paquito,,"5,32€/L","3,99€",https://cdn.intermarche.pt/pt/Content/images/boitmal/produit/zoom/9AA94EC8415049F5E1D7E72243B6F8FC.jpg,,/product/xarope-de-menta/3250390001508
2582,Refresco em pó de laranja,7622300118679,11756,10009,Embalagem de 30g,Tang,,"33,00€/Kg","0,99€",https://cdn.intermarche.pt/pt/Content/images/boitmal/produit/zoom/93C950E23C6D3C4F7356D5E290068B2C.jpg,,/product/refresco-em-po-de-laranja/7622300118679
34308,Xarope grenadine zero,3250390953616,11756,10009,Garrafa de 750 ml,Paquito,,"3,99€/L","2,99€",https://cdn.intermarche.pt/pt/Content/images/boitmal/produit/zoom/95D0585E83B47D5668483BB5E8186F7A.jpg,,/product/xarope-grenadine-zero/3250390953616
554,Xarope de limão sem corantes,3250390001492,11756,10009,Garrafa de 750 ml,Paquito,,"5,99€/L","4,49€",https://cdn.intermarche.pt/pt/Content/images/boitmal/produit/zoom/8633B73CEC407F42E92C151BED93AF7D.jpg,,/product/xarope-de-limao-sem-corantes/3250390001492
36442,Refresco em pó de limão,7622300356804,11756,10009,30 g,Tang,,"33,00€/Kg","0,99€",https://cdn.intermarche.pt/pt/Content/images/boitmal/produit/zoom/131BB8A22BCBD6CE8CBF4A715EBE0551.jpg,,/product/refresco-em-po-de-limao/7622300356804
9913,"Refresco em pó, ananás",7622300118945,11756,10009,Embalagem de 30g,Tang,,"33,00€/Kg","0,99€",https://cdn.intermarche.pt/pt/Content/images/boitmal/produit/zoom/8FD16408E776EC436D9EFD86A0FE2770.jpg,,/product/refresco-em-po-ananas/7622300118945
2583,"Refresco em pó, tropical",7622300118969,11756,10009,Embalagem de 30g,Tang,,"33,00€/Kg","0,99€",https://cdn.intermarche.pt/pt/Content/images/boitmal/produit/zoom/CA5DD9C6D01E8CCB6A796283D557355A.jpg,,/product/refresco-em-po-tropical/7622300118969
2584,Refresco em pó de morango,7622300119096,11756,10009,Embalagem de 30g,Tang,,"33,00€/Kg","0,99€",https://cdn.intermarche.pt/pt/Content/images/boitmal/produit/zoom/0CE3759E9057974EA33B7DBBD2396BBE.jpg,,/product/refresco-em-po-de-morango/7622300119096
5090,Sumo concentrado de laranja,5601045080009,11756,10009,Garrafa de 740 ml,GUD,,"6,74€/L","4,99€",https://cdn.intermarche.pt/pt/Content/images/boitmal/produit/zoom/0DACB2ADAD6B5FAEEA6906C41DA67AA6.jpg,,/product/sumo-concentrado-de-laranja/5601045080009
50039,Xarope morango,3250390001553,11756,10009,Garrafa de 750 ml,Paquito,,"6,25€/L","4,69€",https://cdn.intermarche.pt/pt/Content/images/boitmal/produit/zoom/BEEE129C6895D17A7B42EECFB31CC2C8.jpg,,/product/xarope-morango/3250390001553
22344,Powerade ice storm,0000054492653,11111,10009,Garrafa de 500 ml,Powerade,,"2,98€/L","1,49€",https://cdn.intermarche.pt/pt/Content/images/boitmal/produit/zoom/9EF5EAC16201BB8AE0EE29F115A16530.jpg,,/product/powerade-ice-storm/0000054492653
27742,Bebida Isotónica de Limão s/ Gás,5449000164957,10325,10009,"Garrafa de 1,5 l",Aquarius,,"1,53€/L","2,29€",https://cdn.intermarche.pt/pt/Content/images/boitmal/produit/zoom/8696920250929B93491F5F3269DD5C71.jpg,,/product/bebida-isotonica-de-limao-s-ou-gas/5449000164957
3489,"Bebida desportiva, orange burst",0000054492752,11111,10009,Garrafa de 500 ml,Powerade,,"2,98€/L","1,49€",https://cdn.intermarche.pt/pt/Content/images/boitmal/produit/zoom/654E1F696F0E6CB1189675BD2B716206.jpg,,/product/bebida-desportiva-orange-burst/0000054492752
10766,Bebida energética,9002490100490,11111,10009,Pack 4 x 0.25 l,Red Bull,,"5,59€/L","5,59€",https://cdn.intermarche.pt/pt/Content/images/boitmal/produit/zoom/42726BBCF5C8B7B6877344021AAC34CA.jpg,,/product/bebida-energetica/9002490100490
16564,Bebida energética ripper,5060166690427,11111,10009,Garrafa de 500 ml,Monster,,"3,38€/L","1,69€",https://cdn.intermarche.pt/pt/Content/images/boitmal/produit/zoom/16B9D66126580CEC0D4C035E88C14A16.jpg,,/product/bebida-energetica-ripper/5060166690427
458,Bebida energética original,9002490100070,11111,10009,Garrafa de 250 ml,Red Bull,,"5,96€/L","1,49€",https://cdn.intermarche.pt/pt/Content/images/boitmal/produit/zoom/F60E0BAB263BC71F15ED1585FE3F2CB0.jpg,,/product/bebida-energetica-original/9002490100070
27741,Bebida Isotónica de Laranja s/ Gás,5449000133847,10325,10009,"Garrafa de 1,5 l",Aquarius,,"1,53€/L","2,29€",https://cdn.intermarche.pt/pt/Content/images/boitmal/produit/zoom/44C6A8986AD16165E42FB4F575EDCFA3.jpg,,/product/bebida-isotonica-de-laranja-s-ou-gas/5449000133847
32336,Bebida Energética Apple,5999884034612,11111,10009,250 ml,Hell,,"3,40€/L","0,85€",https://cdn.intermarche.pt/pt/Content/images/boitmal/produit/zoom/97B1FCFCCCE140F10620EE3078D6D8BF.jpg,,/product/bebida-energetica-apple/5999884034612
34329,Bebida energética hell,5999884034469,11111,10009,Garrafa de 250 ml,Hell,,"3,16€/L","0,79€",https://cdn.intermarche.pt/pt/Content/images/boitmal/produit/zoom/FEFDF6E3751B1D7A0933303239329679.jpg,,/product/bebida-energetica-hell/5999884034469
38634,Bebida energética mango loco,5060639121915,11111,10009,Garrafa de 500 ml,Monster,,"3,38€/L","1,69€",https://cdn.intermarche.pt/pt/Content/images/boitmal/produit/zoom/538051783AD204653704F0269B632B69.jpg,,/product/bebida-energetica-mango-loco/5060639121915
41943,Monster energy ultra paradise,5060639127375,11111,10009,lata de 500 ml,Monster,,"3,38€/L","1,69€",https://cdn.intermarche.pt/pt/Content/images/boitmal/produit/zoom/8091F3820415480BF22B7353EADA5361.jpg,,/product/monster-energy-ultra-paradise/5060639127375
49331,Bebida energética ultra watermelon,5060896621548,11111,10009,lata de 500 ml,Monster,,"3,38€/L","1,69€",https://cdn.intermarche.pt/pt/Content/images/boitmal/produit/zoom/0165B2A9210976B98D31D0B8B63BE355.jpg,,/product/bebida-energetica-ultra-watermelon/5060896621548
7016,Bebida energética s/ açúcar,0000090162800,11111,10009,Garrafa de 250 ml,Red Bull,,"5,96€/L","1,49€",https://cdn.intermarche.pt/pt/Content/images/boitmal/produit/zoom/8A8A160F3C239C2427F89A24C522FB51.jpg,,/product/bebida-energetica-s-ou-acucar/0000090162800
15817,Bebida energética tropical edition,9002490228859,11111,10009,Garrafa de 250 ml,Red Bull,,"5,96€/L","1,49€",https://cdn.intermarche.pt/pt/Content/images/boitmal/produit/zoom/424E943CBDF74BEE18408298C106439E.jpg,,/product/bebida-energetica-tropical-edition/9002490228859
21521,Bebida energética original,5060466513389,11111,10009,Garrafa de 500 ml,Burn,,"2,38€/L","1,19€",https://cdn.intermarche.pt/pt/Content/images/boitmal/produit/zoom/2FB27D46887144F22B2484321D29691A.jpg,,/product/bebida-energetica-original/5060466513389
44827,Bebida energética energy ultra fiesta mango,5060751213512,11111,10009,Lata de 500 ml,Monster,,"3,38€/L","1,69€",https://cdn.intermarche.pt/pt/Content/images/boitmal/produit/zoom/D041D204F892FAEC823275C2D1287761.jpg,,/product/bebida-energetica-energy-ultra-fiesta-mango/5060751213512
46217,Bebida energética monarch,5060751213550,11111,10009,Lata de 500 ml,Monster,,"3,38€/L","1,69€",https://cdn.intermarche.pt/pt/Content/images/boitmal/produit/zoom/DF93984E9B93E9AC42A6FE49A440EF1D.jpg,,/product/bebida-energetica-monarch/5060751213550
50649,"Bebida Energética Reserve White Pineapple, lata de 500 ml",5060896627014,11111,10009,,Monster,,"3,38€/L","1,69€",https://cdn.intermarche.pt/pt/Content/images/boitmal/produit/zoom/819FD215A8D51F854CECB769CFEAEEDF.jpg,,/product/bebida-energetica-reserve-white-pineapple-lata-de-500-ml/5060896627014
17428,Bebida energética a-zero,5060335632272,11111,10009,Garrafa de 500 ml,Monster,,"3,38€/L","1,69€",https://cdn.intermarche.pt/pt/Content/images/boitmal/produit/zoom/27CD56EBFA1CEC3B0081B9EB3853C598.jpg,,/product/bebida-energetica-a-zero/5060335632272
22382,Tonic premium indian,5060108450263,11111,10009,Garrafa de 500 ml,Fever-Tree,,"7,30€/L","3,65€",https://cdn.intermarche.pt/pt/Content/images/boitmal/produit/zoom/95376A9AEA88AB1C0DB3FEEC72BA10BF.jpg,,/product/tonic-premium-indian/5060108450263
24384,Bebida energética ultra white,5060337501316,11111,10009,Garrafa de 500 ml,Monster,,"3,38€/L","1,69€",https://cdn.intermarche.pt/pt/Content/images/boitmal/produit/zoom/F89842C3AEB9F6E1DD6438C3CEFD67DB.jpg,,/product/bebida-energetica-ultra-white/5060337501316
297,Bebida energética,0000090376054,11111,10009,Garrafa de 360 ml,Red Bull,,"5,81€/L","2,09€",https://cdn.intermarche.pt/pt/Content/images/boitmal/produit/zoom/6E48C7249E187BFC9AC58A07BFA00EC8.jpg,,/product/bebida-energetica/0000090376054
31165,Bebida energética lata,5060466513501,11111,10009,Garrafa de 250 ml,Burn,,"3,16€/L","0,79€",https://cdn.intermarche.pt/pt/Content/images/boitmal/produit/zoom/BC2E54D006F7C751FC62397402B86738.jpg,,/product/bebida-energetica-lata/5060466513501
32337,Bebida Energética Red Grape,5999884034506,11111,10009,250 ml,Hell,,"3,40€/L","0,85€",https://cdn.intermarche.pt/pt/Content/images/boitmal/produit/zoom/90375237187E12CCF18AF280B8C44A22.jpg,,/product/bebida-energetica-red-grape/5999884034506
43319,Red bull red edition,9002490249922,11111,10009,Garrafa de 250 ml,Red Bull,,"5,96€/L","1,49€",https://cdn.intermarche.pt/pt/Content/images/boitmal/produit/zoom/2B1C5FB624520D8A3FCC3448716739F6.jpg,,/product/red-bull-red-edition/9002490249922
46136,Bebida Energética com Sabor a Açaí,9002490251901,11111,10009,Lata de 250 ml,Red Bull,,"5,96€/L","1,49€",https://cdn.intermarche.pt/pt/Content/images/boitmal/produit/zoom/5E75C7EF6450BA8CAE3F258520BB03F1.jpg,,/product/bebida-energetica-com-sabor-a-acai/9002490251901
46249,Red bull sugarfree 2pack,9002490247270,11111,10009,Garrafa de 500 ml,Red Bull,,"5,58€/L","2,79€",https://cdn.intermarche.pt/pt/Content/images/boitmal/produit/zoom/AA237DA0687466ABEF41342E01FE983A.jpg,,/product/red-bull-sugarfree-2pack/9002490247270
53003,"Bebida Energética Juiced Mango Loco, 4 x 500ml",5060896623924,11111,10009,,Monster,,"3,10€/L","6,19€",https://cdn.intermarche.pt/pt/Content/images/boitmal/produit/zoom/B8EBEE11F32B2D67D8619E3DF1C55251.jpg,,/product/bebida-energetica-juiced-mango-loco-4-x-500ml/5060896623924
53252,"Bebida Energética Ultra Gold Zero, lata de 500 ml",5060896626864,11111,10009,,Monster,,"3,38€/L","1,69€",https://cdn.intermarche.pt/pt/Content/images/boitmal/produit/zoom/CD035F1565E957FFF3C88F2FA7E86043.jpg,,/product/bebida-energetica-ultra-gold-zero-lata-de-500-ml/5060896626864
53253,"Bebida Energética Burn Fruit Punch, lata de 500 ml",5060895744354,11111,10009,,Burn,,"2,38€/L","1,19€",https://cdn.intermarche.pt/pt/Content/images/boitmal/produit/zoom/9FF4C6371670166E35C6433CD3766F58.jpg,,/product/bebida-energetica-burn-fruit-punch-lata-de-500-ml/5060895744354
16565,Bebida energética green,5060166690380,11111,10009,Garrafa de 500 ml,Monster,,"3,38€/L","1,69€",https://cdn.intermarche.pt/pt/Content/images/boitmal/produit/zoom/E70555C1EDA938BA8551BA006F13F544.jpg,,/product/bebida-energetica-green/5060166690380
14367,Água tónica,8414100314646,11675,10008,Garrafa de 1 l,Schweppes,,"1,99€/L","1,99€",https://cdn.intermarche.pt/pt/Content/images/boitmal/produit/zoom/5C66815ADFA914E33C4113BEAE08ED74.jpg,,/product/agua-tonica/8414100314646
18195,Ginger ale,8414100314745,11675,10008,Garrafa de 1 l,Schweppes,,"1,99€/L","1,99€",https://cdn.intermarche.pt/pt/Content/images/boitmal/produit/zoom/09EBA3B96E13399BDEDB09CF9692D50F.jpg,,/product/ginger-ale/8414100314745
47653,Ginger Ale,8414100306559,11675,10008,lata 33 cl,Schweppes,,"2,88€/L","0,95€",https://cdn.intermarche.pt/pt/Content/images/boitmal/produit/zoom/7266BD34E9D43F1FF4AC9272334226E1.jpg,,/product/ginger-ale/8414100306559
31551,Schweppes tónica zero,8414100333241,11675,10008,Garrafa de 250 ml,Schweppes,,"3,80€/L","0,95€",https://cdn.intermarche.pt/pt/Content/images/boitmal/produit/zoom/7D3CDC1738B0F685E19A0F0C867F8751.jpg,,/product/schweppes-tonica-zero/8414100333241
20645,Água tónica,8414100333142,11675,10008,Garrafa de 250 ml,Schweppes,,"3,80€/L","0,95€",https://cdn.intermarche.pt/pt/Content/images/boitmal/produit/zoom/B5135EC368396A1E27E631F286A71A1E.jpg,,/product/agua-tonica/8414100333142
14687,Água tónica premium mediterranean,5060108450515,11675,10008,pack 4 x 0.20 l,Fever-Tree,,"7,49€/L","5,99€",https://cdn.intermarche.pt/pt/Content/images/boitmal/produit/zoom/770F28EDA01BED3158CBDE1A06DB5374.jpg,,/product/agua-tonica-premium-mediterranean/5060108450515
14432,Água tónica premium indian,5060108450010,11675,10008,pack 4 x 0.20 l,Fever-Tree,,"7,49€/L","5,99€",https://cdn.intermarche.pt/pt/Content/images/boitmal/produit/zoom/3640F52D236288BAD0F7AE936CF4D877.jpg,,/product/agua-tonica-premium-indian/5060108450010
40996,Água tónica citrus,8414100389590,11675,10008,Garrafa de 1 l,Schweppes,,"1,59€/L","1,59€",https://cdn.intermarche.pt/pt/Content/images/boitmal/produit/zoom/E5516D9F82E19D747B0DB35CBB6229F9.jpg,,/product/agua-tonica-citrus/8414100389590
53029,"Bebida Ginger Beer Premium, garrafa de 200 ml",8414100387626,11675,10008,,Schweppes,,"8,95€/L","1,79€",https://cdn.intermarche.pt/pt/Content/images/boitmal/produit/zoom/F8F77D165B88780BC28DB0A0A073BEAD.jpg,,/product/bebida-ginger-beer-premium-garrafa-de-200-ml/8414100387626
53030,"Refrigerante Laranja Zero, lata de 330 ml",8414100363460,11675,10008,,Schweppes,,"2,88€/L","0,95€",https://cdn.intermarche.pt/pt/Content/images/boitmal/produit/zoom/D8A50DAF7C343E44B10F6987990E4D7C.jpg,,/product/refrigerante-laranja-zero-lata-de-330-ml/8414100363460
53295,"Água Tónica Regular Zero, garrafa de 1l",8414100301240,11675,10008,,Schweppes,,"1,99€/L","1,99€",https://cdn.intermarche.pt/pt/Content/images/boitmal/produit/zoom/AEC285B8796F6030DCD987BA7BB072F4.jpg,,/product/agua-tonica-regular-zero-garrafa-de-1l/8414100301240
40956,Schweppes citrus lata 33cl,8414100389538,11675,10008,Garrafa de 330 ml,Schweppes,,"2,88€/L","0,95€",https://cdn.intermarche.pt/pt/Content/images/boitmal/produit/zoom/121AC80C17F615466A8952DEE7E97FBC.jpg,,/product/schweppes-citrus-lata-33cl/8414100389538
29231,Vinho tinto doc douro,5010867203969,11476,11472,Garrafa de 0.75 l,Altano,,"5,32€/L","3,99€",https://cdn.intermarche.pt/pt/Content/images/boitmal/produit/zoom/F5BDC16A3EDC0683378C0974A9413A1F.jpg,2024-10-02T22:59:59.999Z,/product/vinho-tinto-doc-douro/5010867203969
5158,Vinho tinto douro,5601109211127,11476,11472,Garrafa de 750 ml,Porca de Murça,,"4,92€/L","3,69€",https://cdn.intermarche.pt/pt/Content/images/boitmal/produit/zoom/30B67AC8E69DE198F7491E5F5BEA03A8.jpg,2024-10-02T22:59:59.999Z,/product/vinho-tinto-douro/5601109211127
8228,Vinho tinto doc douro,5600224301409,11476,11472,Garrafa de 750 ml,Duorum,,"5,05€/L","3,79€",https://cdn.intermarche.pt/pt/Content/images/boitmal/produit/zoom/E44C74C4389AB08DA4FEFF480F94485E.jpg,2024-10-02T22:59:59.999Z,/product/vinho-tinto-doc-douro/5600224301409
20032,Vinho tinto doc douro,5602947000010,11476,11472,Garrafa de 750 ml,Quinta da Pacheca,,"7,32€/L","5,49€",https://cdn.intermarche.pt/pt/Content/images/boitmal/produit/zoom/595081D749AF5B554E631E38F5E97F6B.jpg,2024-10-02T22:59:59.999Z,/product/vinho-tinto-doc-douro/5602947000010
52528,Vinho Tinto do Douro Touriga-Nacional,5604260330942,11476,11472,Garrafa de 0.75 litros,Selecção de Enófilos,,"5,32€/L","3,99€",https://cdn.intermarche.pt/pt/Content/images/boitmal/produit/zoom/FFC26659C33A647A2CF5D5B111C3F509.jpg,2024-10-02T22:59:59.999Z,/product/vinho-tinto-do-douro-touriga-nacional/5604260330942
18231,"Vinho DOC Douro, Reserva, Tinto",5604260280216,11476,11472,Garrafa de 0.75 l,Selecção de Enófilos,,"3,85€/L","2,89€",https://cdn.intermarche.pt/pt/Content/images/boitmal/produit/zoom/F4527A682ED5B77F02F5CE90802CDCAF.jpg,2024-10-02T22:59:59.999Z,/product/vinho-doc-douro-reserva-tinto/5604260280216
23762,Vinho doc douro reserva tinto,5600202948305,11476,11472,Garrafa de 0.75 l,Valleperro,,"5,99€/L","4,49€",https://cdn.intermarche.pt/pt/Content/images/boitmal/produit/zoom/A1EFDD4503301D6A933720FD863CF389.jpg,2024-10-04T22:59:59.999Z,/product/vinho-doc-douro-reserva-tinto/5600202948305
23653,Vinho doc douro tinto,5600202948299,11476,11472,Garrafa de 750 ml,Valleperro,,"3,99€/L","2,99€",https://cdn.intermarche.pt/pt/Content/images/boitmal/produit/zoom/96071F1855B46F6FE1381F81A425A749.jpg,2024-10-04T22:59:59.999Z,/product/vinho-doc-douro-tinto/5600202948299
8287,Vinho doc douro tinto,5601012002706,11476,11472,Garrafa de 0.75 l,Papa Figos,,"7,85€/L","5,89€",https://cdn.intermarche.pt/pt/Content/images/boitmal/produit/zoom/D0A86CC2A81559BD7DA65966F6D69F4E.jpg,2024-10-02T22:59:59.999Z,/product/vinho-doc-douro-tinto/5601012002706
26524,Vinho tinto douro,5606710533125,11476,11472,Garrafa de 0.75 l,Carm,,"10,47€/L","7,85€",https://cdn.intermarche.pt/pt/Content/images/boitmal/produit/zoom/B1199C49770B2F8E59C17095E9CDE363.jpg,2024-10-02T22:59:59.999Z,/product/vinho-tinto-douro/5606710533125
32257,"Vinho Tinto DOC Douro, garrafa de 0,75 l",5604260283200,11476,11472,,Selecção de Enófilos,,"9,32€/L","6,99€",https://cdn.intermarche.pt/pt/Content/images/boitmal/produit/zoom/EAE90890AE5E3EAAFBB2D98091583E24.jpg,2024-10-02T22:59:59.999Z,/product/vinho-tinto-doc-douro-garrafa-de-075-l/5604260283200
11868,Vinho tinto doc douro,5602235210114,11476,11472,Garrafa de 750 ml,Quinta do Cotto,,"8,79€/L","6,59€",https://cdn.intermarche.pt/pt/Content/images/boitmal/produit/zoom/A35406BB835CFF8F4FD8C4E5A0C4273A.jpg,2024-10-02T22:59:59.999Z,/product/vinho-tinto-doc-douro/5602235210114
21582,"Vinho doc douro, tinto",5604846103380,11476,11472,Garrafa de 750 ml,Quinta de la Rosa,,"13,99€/L","10,49€",https://cdn.intermarche.pt/pt/Content/images/boitmal/produit/zoom/D45754243CA0614E6D8012904E0A78BA.jpg,2024-10-02T22:59:59.999Z,/product/vinho-doc-douro-tinto/5604846103380
41661,Vinho DOC Douro Tinto Reserva,5603769000752,11476,11472,Garrafa de 0.75 l,Piano,,"8,52€/L","6,39€",https://cdn.intermarche.pt/pt/Content/images/boitmal/produit/zoom/4FD87021DCC7BC1997C91EAD9C6DE477.jpg,2024-10-02T22:59:59.999Z,/product/vinho-doc-douro-tinto-reserva/5603769000752
19954,Vinho tinto doc douro superior,5602947000416,11476,11472,Garrafa de 0.75 l,Quinta da Pacheca,,"13,32€/L","9,99€",https://cdn.intermarche.pt/pt/Content/images/boitmal/produit/zoom/2E8721C1046AE3D695D877A7355E482F.jpg,2024-10-02T22:59:59.999Z,/product/vinho-tinto-doc-douro-superior/5602947000416
21581,"Vinho DOC Douro, Tinto",5601109211004,11476,11472,"Garrafa de 0,75 L",Quinta dos Aciprestes,,"11,19€/L","8,39€",https://cdn.intermarche.pt/pt/Content/images/boitmal/produit/zoom/ED0DBD281386E23F28D5D76C8B320043.jpg,2024-10-02T22:59:59.999Z,/product/vinho-doc-douro-tinto/5601109211004
21583,Vinho DOC Douro Tinto,5600224301027,11476,11472,"Garrafa de 0,75L",Duorum,,"13,32€/L","9,99€",https://cdn.intermarche.pt/pt/Content/images/boitmal/produit/zoom/7E7DCFE154686EBFE31A365E7F81D8EC.jpg,2024-10-02T22:59:59.999Z,/product/vinho-doc-douro-tinto/5600224301027
51558,Vinho Tinto Douro Doc Tinta Roriz,5604260326907,11476,11472,Garrafa de 0.75 l,Selecção de Enófilos,,"3,99€/L","2,99€",https://cdn.intermarche.pt/pt/Content/images/boitmal/produit/zoom/3A2337F7D3E4729878525125C73B5D35.jpg,2024-10-02T22:59:59.999Z,/product/vinho-tinto-douro-doc-tinta-roriz/5604260326907
9278,Vinho maduro tinto doc douro,5603522994533,11476,11472,Garrafa de 0.75 l,Assobio,,"7,99€/L","5,99€",https://cdn.intermarche.pt/pt/Content/images/boitmal/produit/zoom/EFAE1C03B088D3413F74EC6C13DEDC12.jpg,2024-10-04T22:59:59.999Z,/product/vinho-maduro-tinto-doc-douro/5603522994533
18704,Vinho doc douro tinto,5601176000860,11476,11472,Garrafa de 750 ml,Tellu's,,"5,32€/L","3,99€",https://cdn.intermarche.pt/pt/Content/images/boitmal/produit/zoom/9E82C366E173674CD8F645F2C2CC82CA.jpg,,/product/vinho-doc-douro-tinto/5601176000860
20911,Vinho doc douro tinto,5600390412787,11476,11472,Garrafa de 0.75 l,Rio Real,,"6,65€/L","4,99€",https://cdn.intermarche.pt/pt/Content/images/boitmal/produit/zoom/88872D684C0E5ED9B5AA35B357298CAC.jpg,,/product/vinho-doc-douro-tinto/5600390412787
11844,Vinho tinto doc douro,5602079055100,11476,11472,Garrafa de 750 ml,Vila Real,,"3,99€/L","2,99€",https://cdn.intermarche.pt/pt/Content/images/boitmal/produit/zoom/5C5EE0EE72BBF8280AECE4E57B67812F.jpg,,/product/vinho-tinto-doc-douro/5602079055100
30471,Vinho tinto douro,5601349031615,11476,11472,Garrafa de 0.75 L,Romanisco,,"5,32€/L","3,99€",https://cdn.intermarche.pt/pt/Content/images/boitmal/produit/zoom/9F51217EC8E586CFEF776AB6E935BD73.jpg,,/product/vinho-tinto-douro/5601349031615
18530,Vinho DOC Douro Reserva Tinto,5601349737722,11476,11472,Garrafa de 0.75 l,Romanisco,,"6,65€/L","4,99€",https://cdn.intermarche.pt/pt/Content/images/boitmal/produit/zoom/A00AD3424485E03CF384348F003A659D.jpg,,/product/vinho-doc-douro-reserva-tinto/5601349737722
53172,Vinho Tinto do Douro Reserva,5608309014503,11476,11472,Garrafa de 750 ml,Altano,,"13,32€/L","9,99€",https://cdn.intermarche.pt/pt/Content/images/boitmal/produit/zoom/F1DCAE6DB188D18544B4A7FF67AB1C65.jpg,,/product/vinho-tinto-do-douro-reserva/5608309014503
46399,Vinho DOC Douro Reserva Tinto,5601920001204,11476,11472,Garrafa de 0.75 l,Ventozelo,,"15,99€/L","11,99€",https://cdn.intermarche.pt/pt/Content/images/boitmal/produit/zoom/3F334B880EF7D774926EDBB3FC3C93B9.jpg,,/product/vinho-doc-douro-reserva-tinto/5601920001204
4975,Vinho doc douro tinto,5601007001332,11476,11472,Garrafa de 0.75 l,Esteva,,"7,32€/L","5,49€",https://cdn.intermarche.pt/pt/Content/images/boitmal/produit/zoom/20E09DBFAC62387C0F0F38770E2BC747.jpg,,/product/vinho-doc-douro-tinto/5601007001332
19634,Vinho tinto doc douro reserva,5602660004029,11476,11472,Garrafa de 750 ml,Vallegre,,"17,99€/L","13,49€",https://cdn.intermarche.pt/pt/Content/images/boitmal/produit/zoom/9577AC1F220A670E140F92635419A045.jpg,,/product/vinho-tinto-doc-douro-reserva/5602660004029
21587,Vinho DOC Douro Tinto,5601007478509,11476,11472,Garrafa de 0.75 l,Callabriga,,"23,99€/L","17,99€",https://cdn.intermarche.pt/pt/Content/images/boitmal/produit/zoom/4CC464CF85254D63EF5E7A8903549A6C.jpg,,/product/vinho-doc-douro-tinto/5601007478509
24233,Vinho douro dialogo tinto 2016,5602840088450,11476,11472,Garrafa de 750 ml,Dialogo,,"9,32€/L","6,99€",https://cdn.intermarche.pt/pt/Content/images/boitmal/produit/zoom/DFFF90F5AF63A6BC2259877CCC3A6751.jpg,,/product/vinho-douro-dialogo-tinto-2016/5602840088450
36401,Vinho douro doc tinto,5601007476505,11476,11472,Garrafa de 0.75 l,Quinta da Leda,,"53,32€/L","39,99€",https://cdn.intermarche.pt/pt/Content/images/boitmal/produit/zoom/C594141DF0763200976118C44A90575A.jpg,,/product/vinho-douro-doc-tinto/5601007476505
4806,Vinho biológico doc douro tinto,5010867503960,11287,10119,Garrafa de 0.75 l,Altano,,"9,99€/L","7,49€",https://cdn.intermarche.pt/pt/Content/images/boitmal/produit/zoom/A7D78A83D43E579FC3FBF1F5CB28C64A.jpg,,/product/vinho-biologico-doc-douro-tinto/5010867503960
50315,Vinho Tinto do Douro Reserva,5601176501183,11476,11472,750 ml,Cabeça de Burro,,"13,32€/L","9,99€",https://cdn.intermarche.pt/pt/Content/images/boitmal/produit/zoom/AA5595F43A23E0B0CC1C27B99CD55634.jpg,,/product/vinho-tinto-do-douro-reserva/5601176501183
5313,Vinho tinto doc douro kopke 0.75l,5601194705587,11476,11472,Garrafa de 0.75 l,Kopke,,"9,99€/L","7,49€",https://cdn.intermarche.pt/pt/Content/images/boitmal/produit/zoom/6691365E0D6E65731CB016ECE27290C0.jpg,,/product/vinho-tinto-doc-douro-kopke-0.75l/5601194705587
53134,"Vinho Tinto do Douro Castas Escondidas, garrafa de 750 ml",5601012007695,11476,11472,,Ferreirinha,,"33,32€/L","24,99€",https://cdn.intermarche.pt/pt/Content/images/boitmal/produit/zoom/E5BF6AD6375B4B8CB33EA621909C62D2.jpg,,/product/vinho-tinto-do-douro-castas-escondidas-garrafa-de-750-ml/5601012007695
17282,Vinho Tinto Douro Private Collection,5604260280650,11476,11472,Garrafa de 0.75 l,Selecção de Enófilos,,"15,99€/L","11,99€",https://cdn.intermarche.pt/pt/Content/images/boitmal/produit/zoom/56CC30A55C727D7D4B368319FED00A8B.jpg,,/product/vinho-tinto-douro-private-collection/5604260280650
12168,Vinho tinto doc dão,5604575110024,11477,11472,Garrafa de 0.75 l,Cabriz,,"5,19€/L","3,89€",https://cdn.intermarche.pt/pt/Content/images/boitmal/produit/zoom/A3374E31A2BF8230054ADB4C2C4F8376.jpg,2024-10-02T22:59:59.999Z,/product/vinho-tinto-doc-dao/5604575110024
5880,"Vinho Dão, Reserva, Tinto",5604260193929,11477,11472,"Garrafa de 0,75 l",Selecção de Enófilos,,"3,32€/L","2,49€",https://cdn.intermarche.pt/pt/Content/images/boitmal/produit/zoom/592D24F0CDCACDED36597CCCB747FDAD.jpg,2024-10-02T22:59:59.999Z,/product/vinho-dao-reserva-tinto/5604260193929
5940,"Vinho DOC Dão, Tinto",5604260264575,11477,11472,"Garrafa de 1,5 L",Selecção de Enófilos,,"3,59€/L","5,39€",https://cdn.intermarche.pt/pt/Content/images/boitmal/produit/zoom/A3436F9A46CDD6A25239609D1E64F74D.jpg,2024-10-02T22:59:59.999Z,/product/vinho-doc-dao-tinto/5604260264575
11940,Vinho doc dão tinto,5603488000033,11477,11472,Garrafa de 0.75 l,Santar,,"7,99€/L","5,99€",https://cdn.intermarche.pt/pt/Content/images/boitmal/produit/zoom/419CDD9D3A2CFACABFCD558342C2A64E.jpg,2024-10-02T22:59:59.999Z,/product/vinho-doc-dao-tinto/5603488000033
12167,"Vinho tinto doc dão, reserva",5604575000479,11477,11472,Garrafa de 0.75 l,Cabriz,,"9,99€/L","7,49€",https://cdn.intermarche.pt/pt/Content/images/boitmal/produit/zoom/D6C8E59B87413FE401C3DBF6E29AB601.jpg,2024-10-02T22:59:59.999Z,/product/vinho-tinto-doc-dao-reserva/5604575000479
23786,Vinho DOC Dão Tinto,5600390418734,11477,11472,"Garrafa de 0,75 L",Dharma,,"4,65€/L","3,49€",https://cdn.intermarche.pt/pt/Content/images/boitmal/produit/zoom/DB3D3F9195077DC597285A52734ACF53.jpg,2024-10-02T22:59:59.999Z,/product/vinho-doc-dao-tinto/5600390418734
5372,Vinho regional península de setúbal tinto,5601237011224,11477,11472,Garrafa de 0.75 l,Quinta da Bacalhôa,,"19,99€/L","14,99€",https://cdn.intermarche.pt/pt/Content/images/boitmal/produit/zoom/6EE1956995F7F3A46C642D4F921DDCA8.jpg,2024-10-02T22:59:59.999Z,/product/vinho-regional-peninsula-de-setubal-tinto/5601237011224
9575,"Vinho DOC Dão, Tinto",5604260252657,11477,11472," Garrafa de 0,75 L",Selecção de Enófilos,,"2,65€/L","1,99€",https://cdn.intermarche.pt/pt/Content/images/boitmal/produit/zoom/2B4132FCD0AA02B4D65A5949F206C36E.jpg,,/product/vinho-doc-dao-tinto/5604260252657
14178,Vinho tinto regional terras dao bib 5l,5603155111307,11477,11472,Embalagem de 5L,Silgueiros,,"2,00€/L","9,99€",https://cdn.intermarche.pt/pt/Content/images/boitmal/produit/zoom/CE2825F6C5ED394C6306D8F9DEA64264.jpg,,/product/vinho-tinto-regional-terras-dao-bib-5l/5603155111307
5137,Vinho doc dão tinto,5601078005017,11477,11472,Garrafa de 750 ml,Grão Vasco,,"5,99€/L","4,49€",https://cdn.intermarche.pt/pt/Content/images/boitmal/produit/zoom/86F0FCD0F12242AB216C0EA968A31ED7.jpg,,/product/vinho-doc-dao-tinto/5601078005017
51869,Vinho Tinto Doc Dão - Escolha 2017,5604575000622,11477,11472,Garrafa de 750 ml,Cabriz,,"11,99€/L","8,99€",https://cdn.intermarche.pt/pt/Content/images/boitmal/produit/zoom/8EED676AB72C8308399FAE14C6F416B8.jpg,,/product/vinho-tinto-doc-dao-escolha-2017/5604575000622
8470,Vinho tinto do dão,5601078005277,11477,11472,Garrafa de 750 ml,Duq viseu,,"6,39€/L","4,79€",https://cdn.intermarche.pt/pt/Content/images/boitmal/produit/zoom/E69190D1750ACF713883106474C68CBB.jpg,,/product/vinho-tinto-do-dao/5601078005277
8549,Vinho tinto doc dão,5601129034249,11477,11472,Garrafa de 75 cl,Meia encosta,,"5,72€/L","4,29€",https://cdn.intermarche.pt/pt/Content/images/boitmal/produit/zoom/D61A6C9541021F9ED88E65B65A94604B.jpg,,/product/vinho-tinto-doc-dao/5601129034249
32211,Beira interior colheita 2013,5609851521181,11714,11472,Garrafa de 0.75 l,Beyra,,"7,99€/L","5,99€",https://cdn.intermarche.pt/pt/Content/images/boitmal/produit/zoom/D189EAA6CFB0B7DAFFC4490CE2333CFE.jpg,,/product/beira-interior-colheita-2013/5609851521181
5837,"Vinho bairrada, reserva, tinto",5604260127597,11620,11472,Garrafa de 0.75 l,Selecção de Enófilos,,"3,99€/L","2,99€",https://cdn.intermarche.pt/pt/Content/images/boitmal/produit/zoom/ECB7298ECB98C68CE2E29C40BA0511FE.jpg,2024-10-02T22:59:59.999Z,/product/vinho-bairrada-reserva-tinto/5604260127597
9571,"Vinho Bairrada, Tinto",5604260252619,11620,11472,Garrafa de 0.75 l,Selecção de Enófilos,,"3,32€/L","2,49€",https://cdn.intermarche.pt/pt/Content/images/boitmal/produit/zoom/0CB67D41A564E51FA17D01FF4C945AAB.jpg,,/product/vinho-bairrada-tinto/5604260252619
9560,Vinho DOC Tejo Reserva Tinto,5604260246663,11621,11472,Garrafa de 0.75 l,Selecção de Enófilos,,"4,39€/L","3,29€",https://cdn.intermarche.pt/pt/Content/images/boitmal/produit/zoom/71C061874915D997F9C4B520FE5A7166.jpg,2024-10-02T22:59:59.999Z,/product/vinho-doc-tejo-reserva-tinto/5604260246663
8508,Vinho DOC Tejo Tinto Reserva,5601110113205,11621,11472,Garrafa de 0.75 l,Cabeça de Toiro,,"7,32€/L","5,49€",https://cdn.intermarche.pt/pt/Content/images/boitmal/produit/zoom/EADE66D1097A14209B44751A85B7C009.jpg,2024-10-02T22:59:59.999Z,/product/vinho-doc-tejo-tinto-reserva/5601110113205
19793,Vinho tinto regional tejo reserva,5601766300097,11621,11472,Garrafa de 0.75 l,Alorna,,"7,99€/L","5,99€",https://cdn.intermarche.pt/pt/Content/images/boitmal/produit/zoom/B4F5C834F75BE6DE7B34F28166315265.jpg,2024-10-02T22:59:59.999Z,/product/vinho-tinto-regional-tejo-reserva/5601766300097
21450,Vinho Regional Lisboa Reserva | Tinto,5601110008709,11621,11472,Garrafa de 750 ml,Romeira,,"5,32€/L","3,99€",https://cdn.intermarche.pt/pt/Content/images/boitmal/produit/zoom/46E88C338AFF931EC9156ED265BF6EAD.jpg,2024-10-02T22:59:59.999Z,/product/vinho-regional-lisboa-reserva-|-tinto/5601110008709
51385,"Vinho Tinto Mandriola de Lisboa, garrafa de 0.75 l",5601096230002,11621,11472,,Mandriola,,"4,65€/L","3,49€",https://cdn.intermarche.pt/pt/Content/images/boitmal/produit/zoom/398FC5B84B251146DC560DE510BC3B8F.jpg,2024-10-02T22:59:59.999Z,/product/vinho-tinto-mandriola-de-lisboa-garrafa-de-0.75-l/5601096230002
9106,Vinho DOC Tejo Clássico Tinto,5601971231155,11621,11472,Garrafa de 0.75 l,Bridão,,"3,59€/L","2,69€",https://cdn.intermarche.pt/pt/Content/images/boitmal/produit/zoom/2AE2833C8EA88B662FCE1C98B4D08917.jpg,2024-10-02T22:59:59.999Z,/product/vinho-doc-tejo-classico-tinto/5601971231155
52053,"Vinho Tinto DOC Tejo, garrafa de 750 ml",5602616001263,11621,11472,,Canto da Vinha,,"6,65€/L","4,99€",https://cdn.intermarche.pt/pt/Content/images/boitmal/produit/zoom/461575965863C0B9F3627F159785C1F4.jpg,,/product/vinho-tinto-doc-tejo-garrafa-de-750-ml/5602616001263
18859,Vinho regional lisboa reserva tinto,5602523151211,11621,11472,Garrafa de 750 ml,Mundus,,"7,99€/L","5,99€",https://cdn.intermarche.pt/pt/Content/images/boitmal/produit/zoom/BD4C2F2BC7A8C1615F4B00FFCA059336.jpg,,/product/vinho-regional-lisboa-reserva-tinto/5602523151211
9198,Vinho regional lisboa tinto,5602523161012,11621,11472,"Garrafa de 0,75L",Mundus,,"2,65€/L","1,99€",https://cdn.intermarche.pt/pt/Content/images/boitmal/produit/zoom/B6C30FDDAF5CB6156793BD03082D5927.jpg,,/product/vinho-regional-lisboa-tinto/5602523161012
9232,Vinho tinto bag-in-box,5602616001911,11621,11472,Embalagem de 5 l,Capataz,,"1,60€/L","7,99€",https://cdn.intermarche.pt/pt/Content/images/boitmal/produit/zoom/E9E0789411CF6D97D0142D77C4251DFD.jpg,,/product/vinho-tinto-bag-in-box/5602616001911
9104,Vinho tinto,5601971220784,11621,11472,Bag-in-box de 5L,Encostas do Bairro,,"1,86€/L","9,29€",https://cdn.intermarche.pt/pt/Content/images/boitmal/produit/zoom/43A69652119D9D5CD057071B511E7E50.jpg,,/product/vinho-tinto/5601971220784
5998,Vinho de mesa tinto bag in box,5604655235111,11621,11472,Garrafa de 5 l,Adega grande,,"1,50€/L","7,49€",https://cdn.intermarche.pt/pt/Content/images/boitmal/produit/zoom/C2CC9F40F0CD94512C14A7EA9B9B185C.jpg,,/product/vinho-de-mesa-tinto-bag-in-box/5604655235111
46420,Vinho Regional Lisboa Tinto,5601996547897,11621,11472,Garrafa de 0.75 l,Porta 6,,"9,32€/L","6,99€",https://cdn.intermarche.pt/pt/Content/images/boitmal/produit/zoom/F47B49EE2D40A7A7D49586D5ECDD2903.jpg,,/product/vinho-regional-lisboa-tinto/5601996547897
19104,Vinho regional lisboa tinto reserva,5600353670056,11621,11472,Garrafa de 0.75 l,Critterium,,"7,99€/L","5,99€",https://cdn.intermarche.pt/pt/Content/images/boitmal/produit/zoom/6D7EA552CC7C957A239D19EBD0273CCF.jpg,,/product/vinho-regional-lisboa-tinto-reserva/5600353670056
38069,Vinho Tinto Regional do Tejo,5604260291267,11621,11472,Garrafa de 0.75 l,Selecção de Enófilos,,"2,65€/L","1,99€",https://cdn.intermarche.pt/pt/Content/images/boitmal/produit/zoom/5664F1E09880B7A49C1F61FD4F304F76.jpg,,/product/vinho-tinto-regional-do-tejo/5604260291267
11545,Vinho regional tejo reserva tinto,5601110110976,11621,11472,Garrafa de 0.75 l,Casaleiro,,"6,65€/L","4,99€",https://cdn.intermarche.pt/pt/Content/images/boitmal/produit/zoom/C221CAF7E81C5E93F2CBC2BC665804C7.jpg,,/product/vinho-regional-tejo-reserva-tinto/5601110110976
11984,Vinho regional tejo 3 castas tinto,5603802400082,11621,11472,Garrafa de 750 ml,Fiuza,,"6,65€/L","4,99€",https://cdn.intermarche.pt/pt/Content/images/boitmal/produit/zoom/8D75429CCAC74659BD5BD662D0DE8D3C.jpg,,/product/vinho-regional-tejo-3-castas-tinto/5603802400082
19464,Vinho regional lisboa tinto,5600353670070,11621,11472,Garrafa de 750 ml,Reserva das Cortes,,"4,65€/L","3,49€",https://cdn.intermarche.pt/pt/Content/images/boitmal/produit/zoom/6D00C102640C5127BEB06F45738B7C80.jpg,,/product/vinho-regional-lisboa-tinto/5600353670070
21093,Vinho regional lisboa reserva tinto,5600390418109,11621,11472,Garrafa de 0.75 l,Marginal,,"3,05€/L","2,29€",https://cdn.intermarche.pt/pt/Content/images/boitmal/produit/zoom/1A31CB114562BBF691F599243E3F8821.jpg,,/product/vinho-regional-lisboa-reserva-tinto/5600390418109
23787,Vinho Tinto Bag-In-Box,5601954160717,11621,11472,Embalagem de 5 l,Amor de Pias,,"1,72€/L","8,59€",https://cdn.intermarche.pt/pt/Content/images/boitmal/produit/zoom/55148977DC29DE9CAE21CD791CC21EA7.jpg,,/product/vinho-tinto-bag-in-box/5601954160717
43460,Vinho Regional Tejo Reserva Tinto,5603802400808,11621,11472,Garrafa de 0.75 l,Fiuza,,"8,65€/L","6,49€",https://cdn.intermarche.pt/pt/Content/images/boitmal/produit/zoom/1CCF50F09C32308A404FF47FDE9826BB.jpg,,/product/vinho-regional-tejo-reserva-tinto/5603802400808
52530,Vinho Tinto Lisboa Syrah,5604260330928,11621,11472,Garrafa de 0.75 litros,Selecção de Enófilos,,"3,99€/L","2,99€",https://cdn.intermarche.pt/pt/Content/images/boitmal/produit/zoom/EC16721B60C9983BF09002E523920B6B.jpg,,/product/vinho-tinto-lisboa-syrah/5604260330928
5559,Vinho tinto reg. lisboa res.amigos 1.5l,5601996101136,11621,11472,Garrafa 1.5L,Reserva dos Amigos,,"3,99€/L","5,99€",https://cdn.intermarche.pt/pt/Content/images/boitmal/produit/zoom/CC862D3B24C9C4666C04359F6D66BFB9.jpg,,/product/vinho-tinto-reg.-lisboa-res.amigos-1.5l/5601996101136
9230,"Vinho maduro tinto, bag in the box",5602616001577,11621,11472,Embalagem de 10 l,Capataz,,"1,60€/L","15,99€",https://cdn.intermarche.pt/pt/Content/images/boitmal/produit/zoom/5ECB3CFEA500C28649DAC04A7BF162BD.jpg,,/product/vinho-maduro-tinto-bag-in-the-box/5602616001577
30500,"Vinho Tinto Regional Península de Setúbal, 750 ml",5604260282944,11622,11472,,Selecção de Enófilos,,"2,25€/L","1,69€",https://cdn.intermarche.pt/pt/Content/images/boitmal/produit/zoom/3D974D5F5C2DADA154FEBEF710086CEE.jpg,2024-10-02T22:59:59.999Z,/product/vinho-tinto-regional-peninsula-de-setubal-750-ml/5604260282944
9243,Vinho tinto península de setúbal,5603016133455,11622,11472,Garrafa de 750 ml,Adega de Pegões,,"2,12€/L","1,59€",https://cdn.intermarche.pt/pt/Content/images/boitmal/produit/zoom/9765C3E933914B7E947EFD31D4F27304.jpg,2024-10-02T22:59:59.999Z,/product/vinho-tinto-peninsula-de-setubal/5603016133455
6057,Vinho doc palmela tinto,5608527000401,11622,11472,Garrafa de 750 ml,Dona Ermelinda,,"5,32€/L","3,99€",https://cdn.intermarche.pt/pt/Content/images/boitmal/produit/zoom/A42E08518C2D5C24CA9EADB32EC8646D.jpg,2024-10-02T22:59:59.999Z,/product/vinho-doc-palmela-tinto/5608527000401
26777,Vinho tinto península de setúbal,5604701205150,11622,11472,Garrafa de 0.75 l,Pioneiro,,"3,19€/L","2,39€",https://cdn.intermarche.pt/pt/Content/images/boitmal/produit/zoom/01CEFD5B8ADFF83A83E06E60DBE8F618.jpg,2024-10-02T22:59:59.999Z,/product/vinho-tinto-peninsula-de-setubal/5604701205150
6058,Dom campos tinto vrp setúbal,5608527000517,11622,11472,Garrafa 0.75L,Dom Campos,,"2,65€/L","1,99€",https://cdn.intermarche.pt/pt/Content/images/boitmal/produit/zoom/170C2455F837E55495A8EB5DCCE04502.jpg,2024-10-02T22:59:59.999Z,/product/dom-campos-tinto-vrp-setubal/5608527000517
8795,Vinho regional península de setúbal tinto,5601237241225,11622,11472,Garrafa de 0.75 l,JP,,"2,99€/L","2,24€",https://cdn.intermarche.pt/pt/Content/images/boitmal/produit/zoom/679C2476166E0ECB3B88E8B52FB86208.jpg,2024-10-02T22:59:59.999Z,/product/vinho-regional-peninsula-de-setubal-tinto/5601237241225
12213,Vinho Tinto Regional Península de Setúbal,5608527000593,11622,11472,Garrafa de 0.75 l,Dom Campos,,"3,99€/L","2,99€",https://cdn.intermarche.pt/pt/Content/images/boitmal/produit/zoom/1A255C817780D1D2A5433549CCF19D64.jpg,2024-10-02T22:59:59.999Z,/product/vinho-tinto-regional-peninsula-de-setubal/5608527000593
32551,Vinho Vinha da Fonte Setúbal tinto,5608527002764,11622,11472,Garrafa de 0.75 l,Casa Ermelinda Freitas,,"3,99€/L","2,99€",https://cdn.intermarche.pt/pt/Content/images/boitmal/produit/zoom/85EAA110F368BAA26CA919930688CB7A.jpg,2024-10-02T22:59:59.999Z,/product/vinho-vinha-da-fonte-setubal-tinto/5608527002764
5296,Vinho tinto península de setúbal,5601174204000,11622,11472,Garrafa de 0.75 l,Periquita,,"4,92€/L","3,69€",https://cdn.intermarche.pt/pt/Content/images/boitmal/produit/zoom/AB234F0A0DE94024ACA7E3248E380284.jpg,2024-10-02T22:59:59.999Z,/product/vinho-tinto-peninsula-de-setubal/5601174204000
9244,Vinho tinto doc palmela,5603016193459,11622,11472,Garrafa de 0.75 l,Fontanario,,"2,79€/L","2,09€",https://cdn.intermarche.pt/pt/Content/images/boitmal/produit/zoom/9105B9D934BB46E773D4E41382EC18EF.jpg,2024-10-02T22:59:59.999Z,/product/vinho-tinto-doc-palmela/5603016193459
11444,Vinho tinto regional setúbal,5600314551028,11622,11472,Garrafa de 0.75 l,Herdade da Comporta,,"7,99€/L","5,99€",https://cdn.intermarche.pt/pt/Content/images/boitmal/produit/zoom/91001FF97BDB17A9CE9E8E3F3D39A599.jpg,2024-10-02T22:59:59.999Z,/product/vinho-tinto-regional-setubal/5600314551028
19796,Vinho regional península de setúbal reserva,5601174205007,11622,11472,Garrafa de 0.75 l,Periquita,,"9,99€/L","7,49€",https://cdn.intermarche.pt/pt/Content/images/boitmal/produit/zoom/97262214C132A0F7151CD90AA81A00CA.jpg,2024-10-02T22:59:59.999Z,/product/vinho-regional-peninsula-de-setubal-reserva/5601174205007
20587,Vinho regional península de setúbal tinto,5601174272009,11622,11472,Garrafa de 750 ml,JMF,,"2,92€/L","2,19€",https://cdn.intermarche.pt/pt/Content/images/boitmal/produit/zoom/9F13E88C7D8B6D5EC3BB6C602A5B46D4.jpg,2024-10-02T22:59:59.999Z,/product/vinho-regional-peninsula-de-setubal-tinto/5601174272009
21604,"Vinho regional península de setúbal, colheita selecionada, tinto",5603016000153,11622,11472,Garrafa de 0.75 l,Adega de Pegões,,"4,65€/L","3,49€",https://cdn.intermarche.pt/pt/Content/images/boitmal/produit/zoom/9AD0F24ED8E89CE7F614B151422D28D6.jpg,2024-10-02T22:59:59.999Z,/product/vinho-regional-peninsula-de-setubal-colheita-selecionada-tinto/5603016000153
51858,Vinho Tinto Reserva,5603016004403,11622,11472,Garrafa de 750 ml,Arrábida Azul,,"3,99€/L","2,99€",https://cdn.intermarche.pt/pt/Content/images/boitmal/produit/zoom/663A8BDB8A33BDDF4EE946979EB7F024.jpg,2024-10-02T22:59:59.999Z,/product/vinho-tinto-reserva/5603016004403
5368,Vinho tinto regional península setúbal,5601237000129,11622,11472,Garrafa de 0.75 l,Serras de Azeitão,,"3,99€/L","2,99€",https://cdn.intermarche.pt/pt/Content/images/boitmal/produit/zoom/25251F96095083B3ECCCD62E3E9679AF.jpg,2024-10-02T22:59:59.999Z,/product/vinho-tinto-regional-peninsula-setubal/5601237000129
9810,"Vinho tinto, denominação de origem controlada, reserva",5608527000449,11622,11472,Garrafa de 0.75 l,Dona Ermelinda,,"9,99€/L","7,49€",https://cdn.intermarche.pt/pt/Content/images/boitmal/produit/zoom/53111B5F7F79C3477145BA17168F05A0.jpg,2024-10-02T22:59:59.999Z,/product/vinho-tinto-denominacao-de-origem-controlada-reserva/5608527000449
6060,"Vinho tinto regional, península de setúbal, bag-in-box",5608527000555,11622,11472,Garrafa de 5 l,Dom Campos,,"1,80€/L","8,99€",https://cdn.intermarche.pt/pt/Content/images/boitmal/produit/zoom/8C6AEEFD235AD20A4E170288F9E5A8D8.jpg,,/product/vinho-tinto-regional-peninsula-de-setubal-bag-in-box/5608527000555
11917,Vinho tinto regional peninsula de setúbal,5603016000221,11622,11472,Garrafa de 750 ml,Fonte nico,,"3,32€/L","2,49€",https://cdn.intermarche.pt/pt/Content/images/boitmal/produit/zoom/BAB73D79362D530B53A253A897C03550.jpg,,/product/vinho-tinto-regional-peninsula-de-setubal/5603016000221
12212,Vinho tinto regional península de setúbal,5608527000586,11622,11472,Garrafa de 10 l,Dom Campos,,"1,79€/L","17,89€",https://cdn.intermarche.pt/pt/Content/images/boitmal/produit/zoom/C730857AFBF5F7F9094980509A8EC8AE.jpg,,/product/vinho-tinto-regional-peninsula-de-setubal/5608527000586
26727,Vinho tinto regional península de setúbal,5601174200507,11622,11472,Garrafa de 0.75 l,Quinta de Camarate,,"13,32€/L","9,99€",https://cdn.intermarche.pt/pt/Content/images/boitmal/produit/zoom/132997EA5CFB8B39003C66837C0BBC8C.jpg,,/product/vinho-tinto-regional-peninsula-de-setubal/5601174200507
27288,Vinho tinto península de setúbal superyor,5601174274003,11622,11472,Garrafa de 750 ml,Periquita,,"53,32€/L","39,99€",https://cdn.intermarche.pt/pt/Content/images/boitmal/produit/zoom/6E413E65FEA3DD80F5F1AA51ADFF9764.jpg,,/product/vinho-tinto-peninsula-de-setubal-superyor/5601174274003
14408,Vinho doc alentejo tinto,5601012004427,11623,11472,Garrafa de 0.75 l,Trinca Bolotas,,"6,65€/L","4,99€",https://cdn.intermarche.pt/pt/Content/images/boitmal/produit/zoom/CE8D5D13DE743123565142F1E6733CF4.jpg,2024-10-02T22:59:59.999Z,/product/vinho-doc-alentejo-tinto/5601012004427
16531,Vinho maduro tinto,5607679016056,11623,11472,Garrafa de 5 l,Alto de Pias,,"1,30€/L","6,49€",https://cdn.intermarche.pt/pt/Content/images/boitmal/produit/zoom/C999EB1FBA9E09141BC7B8A2B7D4F8DD.jpg,2024-09-25T22:59:59.999Z,/product/vinho-maduro-tinto/5607679016056
8933,Vinho Tinto DOC Alentejo,5601377339080,11623,11472,"Garrafa de 0,75 l",Monsaraz,,"3,85€/L","2,89€",https://cdn.intermarche.pt/pt/Content/images/boitmal/produit/zoom/91D66AE5F752617A4B7436C49147FA1C.jpg,2024-10-02T22:59:59.999Z,/product/vinho-tinto-doc-alentejo/5601377339080
9111,Vinho regional alentejano tinto,5601989001412,11623,11472,Garrafa de 0.75 l,Monte Velho,,"5,05€/L","3,79€",https://cdn.intermarche.pt/pt/Content/images/boitmal/produit/zoom/71C75E8C8338510892305D4318796B26.jpg,2024-10-02T22:59:59.999Z,/product/vinho-regional-alentejano-tinto/5601989001412
5632,Vinho regional alentejano tinto,5602445000536,11623,11472,Garrafa de 750 ml,Encosta das Perdizes,,"3,59€/L","2,69€",https://cdn.intermarche.pt/pt/Content/images/boitmal/produit/zoom/3071A928CC77370088593218C9A3FE4D.jpg,2024-10-02T22:59:59.999Z,/product/vinho-regional-alentejano-tinto/5602445000536
11883,Vinho regional alentejano reserva tinto,5602445000543,11623,11472,Garrafa de 0.75 l,Encosta das Perdizes,,"4,39€/L","3,29€",https://cdn.intermarche.pt/pt/Content/images/boitmal/produit/zoom/97CDEC766F9D980921096CEB55AB1DA5.jpg,2024-10-02T22:59:59.999Z,/product/vinho-regional-alentejano-reserva-tinto/5602445000543
21310,Vinho regional alentejano tinto,5601012004786,11623,11472,Garrafa de 750 ml,Sossego,,"5,05€/L","3,79€",https://cdn.intermarche.pt/pt/Content/images/boitmal/produit/zoom/75DA6126A97C74653CCE2ADA9B75EE2B.jpg,2024-10-02T22:59:59.999Z,/product/vinho-regional-alentejano-tinto/5601012004786
8907,Vinho doc alentejo tinto,5601356013062,11623,11472,Garrafa de 750 ml,Porta da Ravessa,,"2,65€/L","1,99€",https://cdn.intermarche.pt/pt/Content/images/boitmal/produit/zoom/6959CDD5BE6F9D19F80D1BD635488E3C.jpg,2024-10-02T22:59:59.999Z,/product/vinho-doc-alentejo-tinto/5601356013062
11992,Vinho tinto regional alentejano,5604098003025,11623,11472,Garrafa de 0.75 l,Tapada do Barão,,"3,99€/L","2,99€",https://cdn.intermarche.pt/pt/Content/images/boitmal/produit/zoom/91773AB9AAB1CBE39F214AF698AE9D13.jpg,2024-10-02T22:59:59.999Z,/product/vinho-tinto-regional-alentejano/5604098003025
9166,Vinho doc alentejo tinto,5602154602489,11623,11472,Garrafa de 0.75 l,Adega de Borba,,"3,85€/L","2,89€",https://cdn.intermarche.pt/pt/Content/images/boitmal/produit/zoom/514753703531FE90FF5D906728FCBEAD.jpg,2024-10-02T22:59:59.999Z,/product/vinho-doc-alentejo-tinto/5602154602489
11658,Vinho tinto alentejo,5601213002543,11623,11472,"Garrafa de 0,75 l",Alabastro,,"4,92€/L","3,69€",https://cdn.intermarche.pt/pt/Content/images/boitmal/produit/zoom/7A543A89D4EDB0C1C650B951869EE2D1.jpg,2024-10-02T22:59:59.999Z,/product/vinho-tinto-alentejo/5601213002543
21039,Vinho regional alentejano reserva tinto,5600390418079,11623,11472,Garrafa de 750 ml,Castelo dos Mouros,,"4,65€/L","3,49€",https://cdn.intermarche.pt/pt/Content/images/boitmal/produit/zoom/11FC7BBE281E14BBE5A9DB095E8A4DA6.jpg,2024-10-02T22:59:59.999Z,/product/vinho-regional-alentejano-reserva-tinto/5600390418079
30528,Vinho Tinto Regional Alentejano Premium,5600258008947,11623,11472,Garrafa de 0.75 l,Monte da Roquina,,"3,99€/L","2,99€",https://cdn.intermarche.pt/pt/Content/images/boitmal/produit/zoom/AA7AC927BCCE1D7AA4F348BC2F1289D5.jpg,2024-10-02T22:59:59.999Z,/product/vinho-tinto-regional-alentejano-premium/5600258008947
5847,"Vinho DOC Alentejo, Reserva, Tinto",5604260130252,11623,11472,Garrafa de 0.75 l,Selecção de Enófilos,,"3,45€/L","2,59€",https://cdn.intermarche.pt/pt/Content/images/boitmal/produit/zoom/3610F2773989220F7DF86C4EA15D20E6.jpg,2024-10-02T22:59:59.999Z,/product/vinho-doc-alentejo-reserva-tinto/5604260130252
8914,Vinho regional alentejano reserva tinto,5601356013918,11623,11472,Garrafa de 0.75 l,Porta da Ravessa,,"3,99€/L","2,99€",https://cdn.intermarche.pt/pt/Content/images/boitmal/produit/zoom/5A0F16E858B5305FC120D1A2BF434A2F.jpg,2024-10-02T22:59:59.999Z,/product/vinho-regional-alentejano-reserva-tinto/5601356013918
11734,Vinho doc alentejo tinto,5601356012812,11623,11472,Garrafa de 750 ml,Albarrada,,"3,72€/L","2,79€",https://cdn.intermarche.pt/pt/Content/images/boitmal/produit/zoom/7378A881EE2FF61CA7868BF1CE324D1F.jpg,2024-10-02T22:59:59.999Z,/product/vinho-doc-alentejo-tinto/5601356012812
20871,Vinho regional alentejano tinto,5600390418062,11623,11472,Garrafa de 750 ml,Castelo dos Mouros,,"3,45€/L","2,59€",https://cdn.intermarche.pt/pt/Content/images/boitmal/produit/zoom/F8BBFA1AB1E12C8546668790B057D78C.jpg,2024-10-02T22:59:59.999Z,/product/vinho-regional-alentejano-tinto/5600390418062
38070,Vinho Regional Alentejano Tinto,5600258008435,11623,11472,Garrafa de 0.75 l,Abelharuco,,"3,72€/L","2,79€",https://cdn.intermarche.pt/pt/Content/images/boitmal/produit/zoom/2E7908CF88FC4DEF6AF1D4DC6F1080A9.jpg,2024-10-02T22:59:59.999Z,/product/vinho-regional-alentejano-tinto/5600258008435
21076,Vinho doc alentejo tinto,5602154682443,11623,11472,Garrafa de 0.75 l,Castelo de Borba,,"3,19€/L","2,39€",https://cdn.intermarche.pt/pt/Content/images/boitmal/produit/zoom/18FCF0B0DE30BA05BCF1795ACC71DE2A.jpg,2024-10-02T22:59:59.999Z,/product/vinho-doc-alentejo-tinto/5602154682443
24562,Vinho regional alentejano tinto,5604563000603,11623,11472,Garrafa de 750 ml,Cincoquina,,"3,67€/L","2,75€",https://cdn.intermarche.pt/pt/Content/images/boitmal/produit/zoom/155FD5A571399966C52710764722F453.jpg,2024-10-04T22:59:59.999Z,/product/vinho-regional-alentejano-tinto/5604563000603
28880,Vinho tinto regional alentejano superior,5602182360139,11623,11472,Garrafa de 750 ml,Monte da Ravasqueira,,"6,65€/L","4,99€",https://cdn.intermarche.pt/pt/Content/images/boitmal/produit/zoom/6FF671489AD108ACE18CD76A49E812FC.jpg,2024-10-02T22:59:59.999Z,/product/vinho-tinto-regional-alentejano-superior/5602182360139
52526,Vinho Tinto Alentejo Alicante-Bouschet,5604260329663,11623,11472,Garrafa de 0.75 litros,Selecção de Enófilos,,"3,99€/L","2,99€",https://cdn.intermarche.pt/pt/Content/images/boitmal/produit/zoom/7CE87DC21CFD61B2D2073EEBE7020748.jpg,2024-10-02T22:59:59.999Z,/product/vinho-tinto-alentejo-alicante-bouschet/5604260329663
8931,Vinho doc alentejo tinto,5601377335082,11623,11472,"Garrafa de 0,75 l",Reguengos,,"3,45€/L","2,59€",https://cdn.intermarche.pt/pt/Content/images/boitmal/produit/zoom/75A5BBB85D437C2C9B273B660F18DD96.jpg,2024-10-02T22:59:59.999Z,/product/vinho-doc-alentejo-tinto/5601377335082
11674,Vinho regional alentejano tinto,5601237000938,11623,11472,Garrafa de 0.75 l,Quinta do Carmo,,"19,45€/L","14,59€",https://cdn.intermarche.pt/pt/Content/images/boitmal/produit/zoom/1A496D9404EFE3D7BC76EF42C45D3726.jpg,2024-10-02T22:59:59.999Z,/product/vinho-regional-alentejano-tinto/5601237000938
18366,Vinho tinto regional alentejano reserva,5604098002066,11623,11472,Garrafa de 0.75 l,Poliphonia,,"11,99€/L","8,99€",https://cdn.intermarche.pt/pt/Content/images/boitmal/produit/zoom/63CEFB1FAA415E7040941B0F157AF75A.jpg,2024-10-02T22:59:59.999Z,/product/vinho-tinto-regional-alentejano-reserva/5604098002066
19636,Vinho tinto doc alentejano,5601917070015,11623,11472,Garrafa de 750 ml,Sovibor,,"3,45€/L","2,59€",https://cdn.intermarche.pt/pt/Content/images/boitmal/produit/zoom/9D3B81CD103F29E6CBEF2C480E64EA36.jpg,2024-10-02T22:59:59.999Z,/product/vinho-tinto-doc-alentejano/5601917070015
19934,Vinho doc alentejo tinto - alicante bouschet,5601970222307,11623,11472,Garrafa de 0.75 l,Vidigueira,,"8,99€/L","6,74€",https://cdn.intermarche.pt/pt/Content/images/boitmal/produit/zoom/801B2DF0BCB5527D60E1F9B558A15787.jpg,2024-10-02T22:59:59.999Z,/product/vinho-doc-alentejo-tinto-alicante-bouschet/5601970222307
20033,Vmt doc alentejo res 0.75l,5601989980809,11623,11472,Garrafa de 750 ml,Esporão,,"19,99€/L","14,99€",https://cdn.intermarche.pt/pt/Content/images/boitmal/produit/zoom/28344B26265C7015879A2000341AC0C5.jpg,2024-10-02T22:59:59.999Z,/product/vmt-doc-alentejo-res-0.75l/5601989980809
21619,"Vinho regional alentejano, tinto",5601174207001,11623,11472,Garrafa de 0.75 l,José de Sousa,,"9,99€/L","7,49€",https://cdn.intermarche.pt/pt/Content/images/boitmal/produit/zoom/3EFDF05E7502C922CFD09F590FA2AA27.jpg,2024-10-02T22:59:59.999Z,/product/vinho-regional-alentejano-tinto/5601174207001
24869,Vinho tinto região do alentejo reserva,5604563000610,11623,11472,Garrafa de 0.75 l,Cincoquina,,"4,65€/L","3,49€",https://cdn.intermarche.pt/pt/Content/images/boitmal/produit/zoom/89492DCDA04DDC271A862169C350A308.jpg,2024-10-04T22:59:59.999Z,/product/vinho-tinto-regiao-do-alentejo-reserva/5604563000610
28372,Vinho biológico tinto doc alentejano colheita,5601989976758,11623,11472,Garrafa de 0.75 l,Esporão,,"10,92€/L","8,19€",https://cdn.intermarche.pt/pt/Content/images/boitmal/produit/zoom/625414049E00ABCBE32E54E171AEC905.jpg,2024-10-04T22:59:59.999Z,/product/vinho-biologico-tinto-doc-alentejano-colheita/5601989976758
32221,Vinho doc alentejo tinto,5604135003032,11623,11472,Garrafa de 0.75 l,Marquês de Borba,,"6,65€/L","4,99€",https://cdn.intermarche.pt/pt/Content/images/boitmal/produit/zoom/53EB51BD6F2B720778C6DF41E7FD3549.jpg,2024-10-02T22:59:59.999Z,/product/vinho-doc-alentejo-tinto/5604135003032
36382,Vinho DOC Alentejo Borba Reserva Tinto,5601917070039,11623,11472,Garrafa de 0.75 l,Sovibor,,"4,92€/L","3,69€",https://cdn.intermarche.pt/pt/Content/images/boitmal/produit/zoom/41F9E714B695F909E094227AC7CAC4CD.jpg,2024-10-02T22:59:59.999Z,/product/vinho-doc-alentejo-borba-reserva-tinto/5601917070039
38076,Vinho doc alentejo tinto,5601012006230,11623,11472,Garrafa de 0.75 l,Grande Trinca Bolotas,,"9,99€/L","7,49€",https://cdn.intermarche.pt/pt/Content/images/boitmal/produit/zoom/AEA46A34A9CB9E635994ADFAECB5C70C.jpg,2024-10-02T22:59:59.999Z,/product/vinho-doc-alentejo-tinto/5601012006230
47984,Vinho alentejano invisivel 2016,5601381000365,11623,11472,Garrafa de 750 ml,Invisivel,,"14,65€/L","10,99€",https://cdn.intermarche.pt/pt/Content/images/boitmal/produit/zoom/426E3A41928D37AB149D817EB0BCCC8E.jpg,2024-10-02T22:59:59.999Z,/product/vinho-alentejano-invisivel-2016/5601381000365
47987,Vinho alentejano conde d'ervideira reserva tinto 2016,5601381009009,11623,11472,Garrafa de 750 ml,Conde da Ervideira,,"19,99€/L","14,99€",https://cdn.intermarche.pt/pt/Content/images/boitmal/produit/zoom/D3B038D6334621D828C2B8AF37F10476.jpg,2024-10-02T22:59:59.999Z,/product/vinho-alentejano-conde-d'ervideira-reserva-tinto-2016/5601381009009
52871,"Vinho Tinto Regional do Alentejo Reserva, garrafa de 750 ml",5601989007025,11623,11472,,Monte Velho,,"9,32€/L","6,99€",https://cdn.intermarche.pt/pt/Content/images/boitmal/produit/zoom/E69C498D956B4886BF37A7F7438EBDE2.jpg,2024-10-02T22:59:59.999Z,/product/vinho-tinto-regional-do-alentejo-reserva-garrafa-de-750-ml/5601989007025
5465,Vinho doc alentejo reserva tinto,5601377120084,11623,11472,Garrafa de 0.75 l,Bom Juiz,,"9,32€/L","6,99€",https://cdn.intermarche.pt/pt/Content/images/boitmal/produit/zoom/303C81F0F0D8307A258FDB70C6A47AAA.jpg,2024-10-02T22:59:59.999Z,/product/vinho-doc-alentejo-reserva-tinto/5601377120084
8260,Vinho tinto regional alentejano,5600394180019,11623,11472,Garrafa de 750 ml,Herdade dos Grous,,"14,65€/L","10,99€",https://cdn.intermarche.pt/pt/Content/images/boitmal/produit/zoom/C4511BA724098D17DB9EDFA78CFE28A2.jpg,2024-10-02T22:59:59.999Z,/product/vinho-tinto-regional-alentejano/5600394180019
8930,Vinho tinto alentejo,5601377333187,11623,11472,Garrafa de 0.75 l,Reguengos,,"5,72€/L","4,29€",https://cdn.intermarche.pt/pt/Content/images/boitmal/produit/zoom/90DC72F75458FC2CEA87FE6149260C1A.jpg,2024-10-02T22:59:59.999Z,/product/vinho-tinto-alentejo/5601377333187
52060,"Vinho Tinto Regional Alentejano Bio, 750 ml",5601989952929,11287,10119,,Monte Velho,,"9,99€/L","7,49€",https://cdn.intermarche.pt/pt/Content/images/boitmal/produit/zoom/3C0AB82C5E19DA648258247222499529.jpg,,/product/vinho-tinto-regional-alentejano-bio-750-ml/5601989952929
38083,Vinho tinto bordeaux,3250390569244,11626,11472,Garrafa de 0.75 l,Clos de los Siete,,"5,32€/L","3,99€",https://cdn.intermarche.pt/pt/Content/images/boitmal/produit/zoom/2D7CA229C0B7562992E7337687784B18.jpg,,/product/vinho-tinto-bordeaux/3250390569244
7412,Vinho tinto cotes du rhone,3250390568926,11626,11472,Garrafa de 75 cl,Expert Club,,"5,32€/L","3,99€",https://cdn.intermarche.pt/pt/Content/images/boitmal/produit/zoom/2AA7B491744A79D9F80C7EC8E07A37CC.jpg,,/product/vinho-tinto-cotes-du-rhone/3250390568926
20031,Vinho branco doc douro,5602947000058,11478,11475,Garrafa de 750 ml,Quinta da Pacheca,,"7,32€/L","5,49€",https://cdn.intermarche.pt/pt/Content/images/boitmal/produit/zoom/BF4562BC60F0B3B22AC72FF5E3B14F02.jpg,2024-10-02T22:59:59.999Z,/product/vinho-branco-doc-douro/5602947000058
20912,Vinho verde branco loureiro/alvarinho,5601096227309,11478,11475,Garrafa de 0.75 l,Aveleda,,"5,19€/L","3,89€",https://cdn.intermarche.pt/pt/Content/images/boitmal/produit/zoom/707ED1BFA4B2D0E5997500FE1B1FF531.jpg,2024-10-02T22:59:59.999Z,/product/vinho-verde-branco-loureiro-ou-alvarinho/5601096227309
26341,Vinho doc douro branco,5601012011920,11478,11475,Garrafa de 750 ml,Papa Figos,,"7,85€/L","5,89€",https://cdn.intermarche.pt/pt/Content/images/boitmal/produit/zoom/15253D5F0786CA5B0855DC3637BE99F1.jpg,2024-10-02T22:59:59.999Z,/product/vinho-doc-douro-branco/5601012011920
8500,Vinho branco douro,5601109211110,11478,11475,Garrafa de 750 ml,Porca de Murça,,"4,92€/L","3,69€",https://cdn.intermarche.pt/pt/Content/images/boitmal/produit/zoom/357A202AB590CC4A88C02B2D14AFB3ED.jpg,2024-10-02T22:59:59.999Z,/product/vinho-branco-douro/5601109211110
4987,Vinho doc douro branco,5601012115505,11478,11475,Garrafa de 0.75 l,Planalto,,"5,32€/L","3,99€",https://cdn.intermarche.pt/pt/Content/images/boitmal/produit/zoom/6C726FDABB211E05C4F7D5DBE4A94D76.jpg,2024-10-02T22:59:59.999Z,/product/vinho-doc-douro-branco/5601012115505
8487,Vinho maduro branco minho alvarinho,5601096401303,11478,11475,Garrafa de 0.75 l,Aveleda,,"6,25€/L","4,69€",https://cdn.intermarche.pt/pt/Content/images/boitmal/produit/zoom/5584288B4D3CB005FE87B35856EF89A7.jpg,2024-10-02T22:59:59.999Z,/product/vinho-maduro-branco-minho-alvarinho/5601096401303
49725,Vinho Branco do Douro,5010867204928,11478,11475,Garrafa de 750 ml,Altano,,"5,32€/L","3,99€",https://cdn.intermarche.pt/pt/Content/images/boitmal/produit/zoom/D52D08361D780B30787F537D848FFE06.jpg,2024-10-02T22:59:59.999Z,/product/vinho-branco-do-douro/5010867204928
20853,Vinho maduro branco douro,5606710544138,11478,11475,Garrafa de 0.75 l,Carm,,"10,47€/L","7,85€",https://cdn.intermarche.pt/pt/Content/images/boitmal/produit/zoom/7CF5AECB5B78F6B5E894CB0CD1327578.jpg,2024-10-02T22:59:59.999Z,/product/vinho-maduro-branco-douro/5606710544138
24059,Vinho DOC Douro Reserva Branco,5606710535136,11478,11475,Garrafa de 0.75 l,Carm,,"16,47€/L","12,35€",https://cdn.intermarche.pt/pt/Content/images/boitmal/produit/zoom/BB7B8C48FED2B4843C5B54C78133826A.jpg,2024-10-02T22:59:59.999Z,/product/vinho-doc-douro-reserva-branco/5606710535136
52865,"Vinho Branco do Douro Superior, garrafa de 750 ml",5601096422186,11478,11475,,Vale D. Maria,,"9,99€/L","7,49€",https://cdn.intermarche.pt/pt/Content/images/boitmal/produit/zoom/AFACB73DE4D272FAFE8147E6EBFCE45C.jpg,2024-10-02T22:59:59.999Z,/product/vinho-branco-do-douro-superior-garrafa-de-750-ml/5601096422186
20528,Vinho doc douro branco,5601176001263,11478,11475,Garrafa de 750 ml,Tellu's,,"5,32€/L","3,99€",https://cdn.intermarche.pt/pt/Content/images/boitmal/produit/zoom/185F791518F6D9DFD69DD3FDFC056939.jpg,,/product/vinho-doc-douro-branco/5601176001263
21307,"Vinho DOC Douro, Branco",5604260280193,11478,11475,Garrafa de 0.75L,Selecção de Enófilos,,"3,05€/L","2,29€",https://cdn.intermarche.pt/pt/Content/images/boitmal/produit/zoom/038BB540FF1B82339B70F2C9381287D7.jpg,,/product/vinho-doc-douro-branco/5604260280193
30499,Vinho branco região do douro,5603522986439,11478,11475,Garrafa de 750 ml,Assobio,,"9,32€/L","6,99€",https://cdn.intermarche.pt/pt/Content/images/boitmal/produit/zoom/BD3EAB2F8CDFAE7397E22327F9B043D5.jpg,,/product/vinho-branco-regiao-do-douro/5603522986439
8502,Vinho branco doc douro,5601109211288,11478,11475,Garrafa de 750 ml,EVEL,,"6,39€/L","4,79€",https://cdn.intermarche.pt/pt/Content/images/boitmal/produit/zoom/170D4E8A50CEC9755918B80CA1B25767.jpg,,/product/vinho-branco-doc-douro/5601109211288
11842,"Vinho branco, denominação de origem controlada, douro",5602079054103,11478,11475,Garrafa de 750 ml,Vila Real,,"3,85€/L","2,89€",https://cdn.intermarche.pt/pt/Content/images/boitmal/produit/zoom/3DAF6DC0B293148588AA125E0D261DE5.jpg,,/product/vinho-branco-denominacao-de-origem-controlada-douro/5602079054103
5992,"Vinho branco dão, colheita selecionada",5604575000264,11479,11475,Garrafa de 0.75 l,Cabriz,,"5,19€/L","3,89€",https://cdn.intermarche.pt/pt/Content/images/boitmal/produit/zoom/8F4BB0FC72CD3E79310E8F0BAE6BEE9A.jpg,2024-10-02T22:59:59.999Z,/product/vinho-branco-dao-colheita-selecionada/5604575000264
35404,Vinho branco região do Dão,5600390419540,11479,11475,Garrafa de 0.75 l,Dharma,,"4,65€/L","3,49€",https://cdn.intermarche.pt/pt/Content/images/boitmal/produit/zoom/B012B755E40BABDA4AECBB8CF2F095B8.jpg,2024-10-02T22:59:59.999Z,/product/vinho-branco-regiao-do-dao/5600390419540
18711,Vinhos Branco Reserva Dão,5604575000035,11479,11475,"Garrafa de 0,75L",Cabriz,,"9,99€/L","7,49€",https://cdn.intermarche.pt/pt/Content/images/boitmal/produit/zoom/4832317963ABB52E194D05D1E8933E53.jpg,2024-10-02T22:59:59.999Z,/product/vinhos-branco-reserva-dao/5604575000035
52106,Vinho Branco Dão Reserva,5604260327720,11479,11475,"Garrafa de 0,75 l",Selecção de Enófilos,,"3,99€/L","2,99€",https://cdn.intermarche.pt/pt/Content/images/boitmal/produit/zoom/7F90DD6793BEEF7695C0463E89CC7BF4.jpg,2024-10-02T22:59:59.999Z,/product/vinho-branco-dao-reserva/5604260327720
5721,Vinho branco doc dão,5603488000118,11479,11475,Garrafa de 0.75 l,Santar,,"7,99€/L","5,99€",https://cdn.intermarche.pt/pt/Content/images/boitmal/produit/zoom/A4B53E5A56E20FC69E0C2FB847B051AE.jpg,2024-10-02T22:59:59.999Z,/product/vinho-branco-doc-dao/5603488000118
1131,Vinho doc dão branco,5601078005024,11479,11475,Garrafa de 750 ml,Grão Vasco,,"5,99€/L","4,49€",https://cdn.intermarche.pt/pt/Content/images/boitmal/produit/zoom/7BCAFBC6A1AB7A25F3DDC1C864A8B95C.jpg,,/product/vinho-doc-dao-branco/5601078005024
9574,"Vinho Dão, Branco",5604260252640,11479,11475,"Garrafa de 0,75 l",Selecção de Enófilos,,"2,92€/L","2,19€",https://cdn.intermarche.pt/pt/Content/images/boitmal/produit/zoom/F55D2F63C7F54E1558020E3F00F5C38A.jpg,,/product/vinho-dao-branco/5604260252640
32346,Beira interior colheita 2014,5609851522119,11480,11475,Garrafa de 0.75 l,Beyra,,"8,65€/L","6,49€",https://cdn.intermarche.pt/pt/Content/images/boitmal/produit/zoom/C5F474977D17694C2779DD918F82BC51.jpg,,/product/beira-interior-colheita-2014/5609851522119
9570,"Vinho DOC Bairrada, Branco",5604260252602,11627,11475,Garrafa de 0.75 l,Selecção de Enófilos,,"3,32€/L","2,49€",https://cdn.intermarche.pt/pt/Content/images/boitmal/produit/zoom/578796267D82C7C5ECFA7AF9D58A81EB.jpg,,/product/vinho-doc-bairrada-branco/5604260252602
11982,Vinho branco tejo sauvignon,5603802400020,11628,11475,Garrafa de 750 ml,Fiuza,,"6,65€/L","4,99€",https://cdn.intermarche.pt/pt/Content/images/boitmal/produit/zoom/797D96AF75B4BD4EF0B0B0A63B1AB06E.jpg,2024-10-02T22:59:59.999Z,/product/vinho-branco-tejo-sauvignon/5603802400020
30099,Vinho Branco Leve Região de Lisboa,5604260282883,11628,11475,Garrafa de 0.75 l,Selecção de Enófilos,,"1,85€/L","1,39€",https://cdn.intermarche.pt/pt/Content/images/boitmal/produit/zoom/FA5892BD2833DF328710A73C14A0F828.jpg,2024-10-02T22:59:59.999Z,/product/vinho-branco-leve-regiao-de-lisboa/5604260282883
52529,Vinho Branco do Tejo Sauvignon-Blanc,5604260330874,11628,11475,Garrafa de 0.75 litros,Selecção de Enófilos,,"3,99€/L","2,99€",https://cdn.intermarche.pt/pt/Content/images/boitmal/produit/zoom/1514A633BA7B3687C04E3C4EF47B91A5.jpg,2024-10-02T22:59:59.999Z,/product/vinho-branco-do-tejo-sauvignon-blanc/5604260330874
5373,Vinho Branco DOC Caves Velhas,5601239001445,11628,11475,Garrafa de 0.75 l,Bucellas,,"5,99€/L","4,49€",https://cdn.intermarche.pt/pt/Content/images/boitmal/produit/zoom/B6D4F87175995A6D7729766483BC7700.jpg,2024-10-02T22:59:59.999Z,/product/vinho-branco-doc-caves-velhas/5601239001445
11981,Vinho branco tejo chardonnay,5603802400013,11628,11475,Garrafa de 750 ml,Fiuza,,"6,65€/L","4,99€",https://cdn.intermarche.pt/pt/Content/images/boitmal/produit/zoom/5921D62DA547CF3D578A971FC10D7817.jpg,2024-10-02T22:59:59.999Z,/product/vinho-branco-tejo-chardonnay/5603802400013
11787,Vinho branco tejo,5601766300011,11628,11475,Garrafa de 750 ml,Alorna,,"4,39€/L","3,29€",https://cdn.intermarche.pt/pt/Content/images/boitmal/produit/zoom/6E3BEF45F873DCFF6CEDE46DC9CF2C97.jpg,2024-10-02T22:59:59.999Z,/product/vinho-branco-tejo/5601766300011
24828,Vinho DOC Tejo Branco,5601110005111,11628,11475,Garrafa de 0.75 l,Cabeça de Toiro,,"7,32€/L","5,49€",https://cdn.intermarche.pt/pt/Content/images/boitmal/produit/zoom/CFC819B60B42405A8832F31D07DD200F.jpg,2024-10-02T22:59:59.999Z,/product/vinho-doc-tejo-branco/5601110005111
24829,Vinho Reserva DOC Tejo Rosé,5601110006071,11628,11475,Garrafa 0.75L,Cabeça de Toiro,,"7,32€/L","5,49€",https://cdn.intermarche.pt/pt/Content/images/boitmal/produit/zoom/3DAB4A588C2B4E298A9FF45EA2D0BB94.jpg,2024-10-02T22:59:59.999Z,/product/vinho-reserva-doc-tejo-rose/5601110006071
51384,"Vinho Branco Mandriola de Lisboa, garrafa de 0.75 l",5601096230064,11628,11475,,Mandriola,,"4,65€/L","3,49€",https://cdn.intermarche.pt/pt/Content/images/boitmal/produit/zoom/1921DF5AB81D7653D18076FCCA3D5667.jpg,2024-10-02T22:59:59.999Z,/product/vinho-branco-mandriola-de-lisboa-garrafa-de-0.75-l/5601096230064
9107,Vinho Branco DOC Tejo,5601971231162,11628,11475,Garrafa de 0.75 l,Bridão,,"3,59€/L","2,69€",https://cdn.intermarche.pt/pt/Content/images/boitmal/produit/zoom/5FB6B8AEF88818E60E9D702110945481.jpg,2024-10-02T22:59:59.999Z,/product/vinho-branco-doc-tejo/5601971231162
9233,"Vinho branco, 5 l",5602616001928,11628,11475,,Capataz,,"1,60€/L","7,99€",https://cdn.intermarche.pt/pt/Content/images/boitmal/produit/zoom/2B5C72073900CBA52CE9F4E38135C093.jpg,,/product/vinho-branco-5-l/5602616001928
9131,Vinho branco lezíria meio seco,5602016011039,11628,11475,Garrafa de 750 ml,Leziria,,"2,39€/L","1,79€",https://cdn.intermarche.pt/pt/Content/images/boitmal/produit/zoom/06219600886B82DAE72EB323FBEFB563.jpg,,/product/vinho-branco-leziria-meio-seco/5602016011039
11985,Vinho regional tejo 3 castas branco,5603802400198,11628,11475,Garrafa de 750 ml,Fiuza,,"6,65€/L","4,99€",https://cdn.intermarche.pt/pt/Content/images/boitmal/produit/zoom/5B8A7B81CE5AA33DE73821DE6AB9360E.jpg,,/product/vinho-regional-tejo-3-castas-branco/5603802400198
43459,Vinho Regional Tejo Branco,5604260305834,11628,11475,Garrafa de 0.75 l,Selecção de Enófilos,,"2,65€/L","1,99€",https://cdn.intermarche.pt/pt/Content/images/boitmal/produit/zoom/6C50D707558630C1AA5BA0B7B54E93B3.jpg,,/product/vinho-regional-tejo-branco/5604260305834
53062,"Vinho Branco Regional do Tejo Reserva 3 Castas, garrafa de 750 ml",5603802400815,11628,11475,,Fiuza,,"8,65€/L","6,49€",https://cdn.intermarche.pt/pt/Content/images/boitmal/produit/zoom/DCF1D1EF30DBE5F14AFB97467AD35EAB.jpg,,/product/vinho-branco-regional-do-tejo-reserva-3-castas-garrafa-de-750-ml/5603802400815
9199,Vinho branco região de lisboa,5602523162415,11628,11475,"Garrafa de 0,75 l",Mundus,,"3,85€/L","2,89€",https://cdn.intermarche.pt/pt/Content/images/boitmal/produit/zoom/D58132A4FBB69DD9F6B5396CB6ED9D0C.jpg,,/product/vinho-branco-regiao-de-lisboa/5602523162415
6059,Vinho branco reg. p.set. 0.75l,5608527000524,11629,11475,Garrafa 0.75L,Dom Campos,,"2,65€/L","1,99€",https://cdn.intermarche.pt/pt/Content/images/boitmal/produit/zoom/269BFA4392BD54B081D87E8DA7644186.jpg,2024-10-02T22:59:59.999Z,/product/vinho-branco-reg.-p.set.-0.75l/5608527000524
8794,Vinho regional península de setúbal branco,5601237233220,11629,11475,Garrafa de 0.75 l,JP,,"2,99€/L","2,24€",https://cdn.intermarche.pt/pt/Content/images/boitmal/produit/zoom/056F6DB9A532825718031B0227D04223.jpg,2024-10-02T22:59:59.999Z,/product/vinho-regional-peninsula-de-setubal-branco/5601237233220
34996,Vinho branco regional península de setúbal,5601174790008,11629,11475,Garrafa de 0.75 l,João Pires,,"4,65€/L","3,49€",https://cdn.intermarche.pt/pt/Content/images/boitmal/produit/zoom/B598AC1C73A58F1EC40A70C6232C7E97.jpg,2024-10-02T22:59:59.999Z,/product/vinho-branco-regional-peninsula-de-setubal/5601174790008
41116,Vinho branco regional península de Setúbal,5604260304622,11629,11475,Garrafa de 0.75 l,Selecção de Enófilos,,"2,25€/L","1,69€",https://cdn.intermarche.pt/pt/Content/images/boitmal/produit/zoom/957F8F23292AA4844FB75460C8B3B2DE.jpg,2024-10-02T22:59:59.999Z,/product/vinho-branco-regional-peninsula-de-setubal/5604260304622
9241,Vinho branco regional península de setúbal,5603016000788,11629,11475,Garrafa de 750 ml,Adega de Pegões,,"2,12€/L","1,59€",https://cdn.intermarche.pt/pt/Content/images/boitmal/produit/zoom/9228EB47277BD4705321A002DCD34986.jpg,2024-10-02T22:59:59.999Z,/product/vinho-branco-regional-peninsula-de-setubal/5603016000788
5295,Vinho Branco de Terras do Sado,5601174101002,11629,11475,Garrafa de 750 ml,B.S.E.,,"4,65€/L","3,49€",https://cdn.intermarche.pt/pt/Content/images/boitmal/produit/zoom/DC3426A4EEA67C3901BA554EFF091471.jpg,2024-10-02T22:59:59.999Z,/product/vinho-branco-de-terras-do-sado/5601174101002
9809,Vinho doc palmela branco,5608527000418,11629,11475,Garrafa de 750 ml,Dona Ermelinda,,"5,32€/L","3,99€",https://cdn.intermarche.pt/pt/Content/images/boitmal/produit/zoom/2259C36579DB9596F3C8BA9119D1E5F8.jpg,2024-10-02T22:59:59.999Z,/product/vinho-doc-palmela-branco/5608527000418
11633,Vinho branco península de setúbal,5601174190006,11629,11475,Garrafa de 0.75 l,Periquita,,"4,92€/L","3,69€",https://cdn.intermarche.pt/pt/Content/images/boitmal/produit/zoom/D64EC933BC260C74B48D3E2DE672D420.jpg,2024-10-02T22:59:59.999Z,/product/vinho-branco-peninsula-de-setubal/5601174190006
26778,Vinho branco península de setúbal,5604701205143,11629,11475,Garrafa de 0.75 l,Pioneiro,,"3,19€/L","2,39€",https://cdn.intermarche.pt/pt/Content/images/boitmal/produit/zoom/AE54124CF6EC79C4768B749A0D7D2C18.jpg,2024-10-02T22:59:59.999Z,/product/vinho-branco-peninsula-de-setubal/5604701205143
20588,Vinho regional península de setúbal branco,5601174109008,11629,11475,Garrafa de 750 ml,JMF,,"2,92€/L","2,19€",https://cdn.intermarche.pt/pt/Content/images/boitmal/produit/zoom/CC0500D2726861BD50EF8CE61A192695.jpg,2024-10-02T22:59:59.999Z,/product/vinho-regional-peninsula-de-setubal-branco/5601174109008
32552,Vinho Vinha da Fonte Setúbal branco,5608527002771,11629,11475,Garrafa de 0.75 l,Casa Ermelinda Freitas,,"3,99€/L","2,99€",https://cdn.intermarche.pt/pt/Content/images/boitmal/produit/zoom/2E666D9F1D80EA4F76A672DC479C3DA8.jpg,2024-10-02T22:59:59.999Z,/product/vinho-vinha-da-fonte-setubal-branco/5608527002771
43243,Vinho branco doc palmela reserva,5608527003150,11629,11475,Garrafa de 750 ml,Dona Ermelinda,,"9,99€/L","7,49€",https://cdn.intermarche.pt/pt/Content/images/boitmal/produit/zoom/40F4DF3417F4EBBF8B0E5EE98BFF2009.jpg,2024-10-02T22:59:59.999Z,/product/vinho-branco-doc-palmela-reserva/5608527003150
9240,Vinho branco palmela d.o.,5603016000757,11629,11475,Garrafa de 0.75 l,Fontanario,,"2,79€/L","2,09€",https://cdn.intermarche.pt/pt/Content/images/boitmal/produit/zoom/D5B09CC4B45613789EDB708F001ADB29.jpg,2024-10-02T22:59:59.999Z,/product/vinho-branco-palmela-d.o./5603016000757
6061,"Vinho branco região da península de setúbal, bag in box",5608527000562,11629,11475,Garrafa de 5 l,Dom Campos,,"1,80€/L","8,99€",https://cdn.intermarche.pt/pt/Content/images/boitmal/produit/zoom/F14CE895B9322B2661C9E8368F1C4318.jpg,,/product/vinho-branco-regiao-da-peninsula-de-setubal-bag-in-box/5608527000562
15616,Vinho branco regional península de setúbal,5601142192476,11629,11475,Garrafa de 750 ml,Lancers,,"5,32€/L","3,99€",https://cdn.intermarche.pt/pt/Content/images/boitmal/produit/zoom/B87CB86FF26C442E8E6F7914CFA50560.jpg,,/product/vinho-branco-regional-peninsula-de-setubal/5601142192476
5371,Vinho branco península de setúbal,5601237001102,11629,11475,"Garrafa de 0,75 l",Catarina,,"9,32€/L","6,99€",https://cdn.intermarche.pt/pt/Content/images/boitmal/produit/zoom/2F9CEE529BB191F3717C2D2328ED4D6D.jpg,,/product/vinho-branco-peninsula-de-setubal/5601237001102
22782,Vinho branco doce regional península de setúbal,5601174102009,11629,11475,Garrafa de 750 ml,Quinta de Camarate,,"11,99€/L","8,99€",https://cdn.intermarche.pt/pt/Content/images/boitmal/produit/zoom/2A5507F74E240F2C1EBB45BD7AC9DFF7.jpg,,/product/vinho-branco-doce-regional-peninsula-de-setubal/5601174102009
20203,Vinho branco regional alentejano,5604098001038,11630,11475,Garrafa de 0.75 l,Tapada do Barão,,"3,99€/L","2,99€",https://cdn.intermarche.pt/pt/Content/images/boitmal/produit/zoom/3CDC4E39AC7D1EB7003758BB27EAF83A.jpg,2024-10-02T22:59:59.999Z,/product/vinho-branco-regional-alentejano/5604098001038
20870,Vinho regional alentejano branco,5600390418055,11630,11475,Garrafa de 750 ml,Castelo dos Mouros,,"3,45€/L","2,59€",https://cdn.intermarche.pt/pt/Content/images/boitmal/produit/zoom/E07B9EF91A831E1DEF613EDFD3BC8E82.jpg,2024-10-02T22:59:59.999Z,/product/vinho-regional-alentejano-branco/5600390418055
36374,Vinho branco DOC Região do Alentejo,5602154681477,11630,11475,Garrafa de 0.75 l,Castelo de Borba,,"3,19€/L","2,39€",https://cdn.intermarche.pt/pt/Content/images/boitmal/produit/zoom/E5AE5DA772516EAE6CFF76A3C42BEE95.jpg,2024-10-02T22:59:59.999Z,/product/vinho-branco-doc-regiao-do-alentejo/5602154681477
9113,Vinho branco alentejo,5601989001566,11630,11475,Garrafa de 750 ml,Monte Velho,,"5,32€/L","3,99€",https://cdn.intermarche.pt/pt/Content/images/boitmal/produit/zoom/535A67A6AB54BC16A34A4F4F6B7FCD26.jpg,2024-10-02T22:59:59.999Z,/product/vinho-branco-alentejo/5601989001566
25753,Vinho Branco Regional Alentejano,5602445001250,11630,11475,"Garrafa de 0,75 l",Encosta das Perdizes,,"3,59€/L","2,69€",https://cdn.intermarche.pt/pt/Content/images/boitmal/produit/zoom/83332249E615CCF8F99CA015A8A324A5.jpg,2024-10-02T22:59:59.999Z,/product/vinho-branco-regional-alentejano/5602445001250
21040,Vinho regional alentejano reserva branco,5600390418024,11630,11475,Garrafa de 750 ml,Castelo dos Mouros,,"4,65€/L","3,49€",https://cdn.intermarche.pt/pt/Content/images/boitmal/produit/zoom/D6897FBE63EA3C768BC444A3D3EB1813.jpg,2024-10-02T22:59:59.999Z,/product/vinho-regional-alentejano-reserva-branco/5600390418024
35671,Vinho branco região do alentejo,5601012005998,11630,11475,Garrafa de 0.75 l,Trinca Bolotas,,"6,65€/L","4,99€",https://cdn.intermarche.pt/pt/Content/images/boitmal/produit/zoom/C38BF9D94EE4AAB110C5F8E0E4027E42.jpg,2024-10-02T22:59:59.999Z,/product/vinho-branco-regiao-do-alentejo/5601012005998
52527,Vinho Branco Alentejo Antão-Vaz,5604260329656,11630,11475,Garrafa de 0.75 litros,Selecção de Enófilos,,"3,99€/L","2,99€",https://cdn.intermarche.pt/pt/Content/images/boitmal/produit/zoom/0E250910A437131CAA095AC58E610C45.jpg,2024-10-02T22:59:59.999Z,/product/vinho-branco-alentejo-antao-vaz/5604260329656
8912,Vinho doc alentejo branco,5601356013161,11630,11475,Garrafa de 750 ml,Porta da Ravessa,,"2,65€/L","1,99€",https://cdn.intermarche.pt/pt/Content/images/boitmal/produit/zoom/C22D11D5D89DC0063C888DCFA29E68AE.jpg,2024-10-02T22:59:59.999Z,/product/vinho-doc-alentejo-branco/5601356013161
8915,Vinho doc alentejo reseva branco,5601356013925,11630,11475,Garrafa de 0.75 l,Porta da Ravessa,,"3,99€/L","2,99€",https://cdn.intermarche.pt/pt/Content/images/boitmal/produit/zoom/11D5FD31BE53576219787F9D101E8F85.jpg,2024-10-02T22:59:59.999Z,/product/vinho-doc-alentejo-reseva-branco/5601356013925
8929,Vinho doc alentejo branco,5601377319082,11630,11475,"Garrafa de 0,75 l",Monsaraz,,"3,85€/L","2,89€",https://cdn.intermarche.pt/pt/Content/images/boitmal/produit/zoom/57A61372BA394565717B5AEFA7626E3C.jpg,2024-10-02T22:59:59.999Z,/product/vinho-doc-alentejo-branco/5601377319082
9164,Vinho doc alentejo branco,5602154601499,11630,11475,Garrafa de 0.75 l,Adega de Borba,,"3,85€/L","2,89€",https://cdn.intermarche.pt/pt/Content/images/boitmal/produit/zoom/A3BA3E1F3DC5EDC5F70E270024BFEDDC.jpg,2024-10-02T22:59:59.999Z,/product/vinho-doc-alentejo-branco/5602154601499
25928,Vinho DOC Alentejo Borba Branco,5601917070022,11630,11475,"Garrafa de 0,75 l",Monsaraz,,"3,45€/L","2,59€",https://cdn.intermarche.pt/pt/Content/images/boitmal/produit/zoom/68018DBF15CC69047CF1628B3094DC2E.jpg,2024-10-02T22:59:59.999Z,/product/vinho-doc-alentejo-borba-branco/5601917070022
5369,Vinho branco região alentejano,5601237000945,11630,11475,Garrafa de 750 ml,Quinta do Carmo,,"11,99€/L","8,99€",https://cdn.intermarche.pt/pt/Content/images/boitmal/produit/zoom/241F84FFECBAF6211395B97C7ACA36E2.jpg,2024-10-02T22:59:59.999Z,/product/vinho-branco-regiao-alentejano/5601237000945
5755,Vinho doc alentejo branco,5604135002011,11630,11475,Garrafa de 0.75 l,Marquês de Borba,,"6,65€/L","4,99€",https://cdn.intermarche.pt/pt/Content/images/boitmal/produit/zoom/167262667BAA1C3F50912872CF163F82.jpg,2024-10-02T22:59:59.999Z,/product/vinho-doc-alentejo-branco/5604135002011
20651,Vinho tinto doc alentejo alicante bouchet,5601970111076,11630,11475,Garrafa de 0.75 l,Vidigueira,,"4,73€/L","3,55€",https://cdn.intermarche.pt/pt/Content/images/boitmal/produit/zoom/0B16DDBE920FACD7F8B8DE64DCCAAA76.jpg,2024-10-02T22:59:59.999Z,/product/vinho-tinto-doc-alentejo-alicante-bouchet/5601970111076
21311,"Vinho regional alentejano branco, garrafa de 750 ml",5601012004748,11630,11475,,Sossego,,"5,05€/L","3,79€",https://cdn.intermarche.pt/pt/Content/images/boitmal/produit/zoom/A5AD495D19383B90363225B6A06BAB7E.jpg,2024-10-02T22:59:59.999Z,/product/vinho-regional-alentejano-branco-garrafa-de-750-ml/5601012004748
21620,"Vinho DOC Alentejo, Reserva, Tinto",5602154001411,11630,11475,"Garrafa de 0,75 L",Adega de Borba,,"11,99€/L","8,99€",https://cdn.intermarche.pt/pt/Content/images/boitmal/produit/zoom/7EF8D3F3CFA5A58EF48C71A9DBB87772.jpg,2024-10-02T22:59:59.999Z,/product/vinho-doc-alentejo-reserva-tinto/5602154001411
22321,Vinho doc alentejo reserva branco,5601989981851,11630,11475,Garrafa de 0.75 l,Esporão,,"18,65€/L","13,99€",https://cdn.intermarche.pt/pt/Content/images/boitmal/produit/zoom/930EC636ACBB571BF5A75E1D1F29B956.jpg,2024-10-02T22:59:59.999Z,/product/vinho-doc-alentejo-reserva-branco/5601989981851
28881,Vinho Branco Regional Alentejano Superior,5602182360337,11630,11475,Garrafa de 0.75 l,Monte da Ravasqueira,,"6,65€/L","4,99€",https://cdn.intermarche.pt/pt/Content/images/boitmal/produit/zoom/D0CE1BCBA010774DA9BE421DD7A4671F.jpg,2024-10-02T22:59:59.999Z,/product/vinho-branco-regional-alentejano-superior/5602182360337
38078,Vinho Branco Regional Alentejano Reserva,5604098002158,11630,11475,Garrafa de 0.75 l,Poliphonia,,"11,99€/L","8,99€",https://cdn.intermarche.pt/pt/Content/images/boitmal/produit/zoom/987130C3CC876440256E3A3F82164C79.jpg,2024-10-02T22:59:59.999Z,/product/vinho-branco-regional-alentejano-reserva/5604098002158
47986,Vinho alentejano conde d'ervideira reserva branco 2016,5601381010005,11630,11475,Garrafa de 750 ml,Conde da Ervideira,,"18,65€/L","13,99€",https://cdn.intermarche.pt/pt/Content/images/boitmal/produit/zoom/6CC41A0F52D24C89E682CEBABC7B76B5.jpg,2024-10-02T22:59:59.999Z,/product/vinho-alentejano-conde-d'ervideira-reserva-branco-2016/5601381010005
5466,Vinho doc alentejo branco,5601377315183,11630,11475,"Garrafa de 0,75 l",Reguengos,,"3,45€/L","2,59€",https://cdn.intermarche.pt/pt/Content/images/boitmal/produit/zoom/B1FB0470D676AFC38284E8275E1B5931.jpg,2024-10-02T22:59:59.999Z,/product/vinho-doc-alentejo-branco/5601377315183
8261,Vinho branco alentejo,5600394180033,11630,11475,Garrafa de 750 ml,Herdade dos Grous,,"14,65€/L","10,99€",https://cdn.intermarche.pt/pt/Content/images/boitmal/produit/zoom/91CE6A7D07C4EC989AA1AB511FED9CF6.jpg,2024-10-02T22:59:59.999Z,/product/vinho-branco-alentejo/5600394180033
19024,"Vinho branco, regional do alentejano",5602182050337,11630,11475,Garrafa de 0.75 l,Monte da Ravasqueira,,"7,99€/L","5,99€",https://cdn.intermarche.pt/pt/Content/images/boitmal/produit/zoom/6C25690CCA20B79AD56AE3B394DCB899.jpg,,/product/vinho-branco-regional-do-alentejano/5602182050337
21523,Vinho bag-in-box branco,5602417101582,11630,11475,Garrafa de 5 l,Courelas d'Alqueva,,"1,60€/L","7,99€",https://cdn.intermarche.pt/pt/Content/images/boitmal/produit/zoom/2F5FCD58BADE3ED17E2D7C7BE74ADFB2.jpg,,/product/vinho-bag-in-box-branco/5602417101582
5587,Vinho branco regional alentejano,5602154101494,11630,11475,Garrafa 0.75L,Convento da Vila,,"3,59€/L","2,69€",https://cdn.intermarche.pt/pt/Content/images/boitmal/produit/zoom/E867DB53B47A484BFF76F2D1717F8D13.jpg,,/product/vinho-branco-regional-alentejano/5602154101494
41389,Vinho branco região do Alentejo,5604260304134,11630,11475,Garrafa de 0.75 l,Selecção de Enófilos,,"2,65€/L","1,99€",https://cdn.intermarche.pt/pt/Content/images/boitmal/produit/zoom/AA433FB6691A8705F138E4C502DEC1A3.jpg,,/product/vinho-branco-regiao-do-alentejo/5604260304134
21419,Vinho doc alentejo branco,5601356013949,11630,11475,Garrafa de 750 ml,Porta da Ravessa,,"5,32€/L","3,99€",https://cdn.intermarche.pt/pt/Content/images/boitmal/produit/zoom/9CFD101F4B2896E7EBF51E4E0AD5441E.jpg,,/product/vinho-doc-alentejo-branco/5601356013949
29733,Vinho regional alentejano sauvignon blanc,5602182210335,11630,11475,Garrafa de 0.75 l,Monte da Ravasqueira,,"7,99€/L","5,99€",https://cdn.intermarche.pt/pt/Content/images/boitmal/produit/zoom/3BF3B0196B0C47D8A9F716749589EECE.jpg,,/product/vinho-regional-alentejano-sauvignon-blanc/5602182210335
8927,"Vinho regional alentejano branco, garrafa de 75 cl",5601377311086,11630,11475,,Terras D'el Rei,,"3,72€/L","2,79€",https://cdn.intermarche.pt/pt/Content/images/boitmal/produit/zoom/9E63A8314F1D301434B49AF97E5110A6.jpg,,/product/vinho-regional-alentejano-branco-garrafa-de-75-cl/5601377311086
9163,Vinho branco reg. alentejo galitos 0.75l,5602154151444,11630,11475,Garrafa de 750 ml,Galitos,,"3,19€/L","2,39€",https://cdn.intermarche.pt/pt/Content/images/boitmal/produit/zoom/6D136CF74087EC16912E77C47387CB83.jpg,,/product/vinho-branco-reg.-alentejo-galitos-0.75l/5602154151444
36375,Vinho branco Região do Alentejo,5601237001386,11630,11475,Garrafa de 0.75 l,Dom Martinho,,"7,99€/L","5,99€",https://cdn.intermarche.pt/pt/Content/images/boitmal/produit/zoom/DC0C02C6C5F16E1B57CCBC057A3D2E30.jpg,,/product/vinho-branco-regiao-do-alentejo/5601237001386
50332,Vinho Branco Alentejo,5602720190211,11630,11475,Garrafa de 0.75 l,Monte de Pinheiros,,"4,92€/L","3,69€",https://cdn.intermarche.pt/pt/Content/images/boitmal/produit/zoom/514097E58662DCB88C104E670BAD14B8.jpg,,/product/vinho-branco-alentejo/5602720190211
8910,Vinho regional alentejano branco,5601356013147,11630,11475,Garrafa de 750 ml,Real Lavrador,,"3,32€/L","2,49€",https://cdn.intermarche.pt/pt/Content/images/boitmal/produit/zoom/C42459A5B4F4AE9EE1B23ED3B7F87F37.jpg,,/product/vinho-regional-alentejano-branco/5601356013147
9099,Vinho doc alentejo branco,5601970111045,11630,11475,Garrafa de 75 cl,Vila dos Gamas,,"5,05€/L","3,79€",https://cdn.intermarche.pt/pt/Content/images/boitmal/produit/zoom/B5508DC4BD4DB04A463B4823911EC39E.jpg,,/product/vinho-doc-alentejo-branco/5601970111045
11813,Vinho doc branco alentejo antão vaz,5601970111106,11630,11475,Garrafa 0.75L,Vila dos Gamas,,"5,32€/L","3,99€",https://cdn.intermarche.pt/pt/Content/images/boitmal/produit/zoom/B612ED93BD6E5F2ECE4D3601F5A1B238.jpg,,/product/vinho-doc-branco-alentejo-antao-vaz/5601970111106
11816,"Vinho branco, região do alentejo, bag in the box",5601970444310,11630,11475,Embalagem de 5 l,Navegante,,"2,20€/L","10,99€",https://cdn.intermarche.pt/pt/Content/images/boitmal/produit/zoom/9B0C914342D01830A4EB1F1FDCD0D370.jpg,,/product/vinho-branco-regiao-do-alentejo-bag-in-the-box/5601970444310
11994,Vinho branco alentejo,5604135001243,11630,11475,Garrafa de 750 ml,Loios,,"6,65€/L","4,99€",https://cdn.intermarche.pt/pt/Content/images/boitmal/produit/zoom/E73C33AAB8DE38E0179A3F1CE519F5C9.jpg,,/product/vinho-branco-alentejo/5604135001243
35147,Vinho branco regional alentejano,5604260282920,11630,11475,Bag-in-box de 3 litros,Selecção de Enófilos,,"1,93€/L","5,79€",https://cdn.intermarche.pt/pt/Content/images/boitmal/produit/zoom/CFDB5558D7C0F53C09F4D4921ECB46B0.jpg,,/product/vinho-branco-regional-alentejano/5604260282920
10937,Vinho branco monbazillac  2012,3250390569541,11633,11475,Garrafa de 750 ml,Expertclub,,"9,32€/L","6,99€",https://cdn.intermarche.pt/pt/Content/images/boitmal/produit/zoom/93AF7201356E7A48EA2CFB442D2040DB.jpg,,/product/vinho-branco-monbazillac-2012/3250390569541
21577,Vinho rosé doc douro,5602947000713,11634,11614,Garrafa de 750 ml,Quinta da Pacheca,,"7,32€/L","5,49€",https://cdn.intermarche.pt/pt/Content/images/boitmal/produit/zoom/D45B80F7C32A9DB753E134BA68365F5A.jpg,2024-10-02T22:59:59.999Z,/product/vinho-rose-doc-douro/5602947000713
35997,Vinho rosé regional do douro,5603522986422,11634,11614,Garrafa de 0.75 l,Assobio,,"10,65€/L","7,99€",https://cdn.intermarche.pt/pt/Content/images/boitmal/produit/zoom/0C944A9AEC2F3EDC6A0E3E117A0A4204.jpg,,/product/vinho-rose-regional-do-douro/5603522986422
9238,Vinho rosé península de setúbal,5603016000443,11635,11614,Garrafa de 750 ml,Adega de Pegões,,"2,12€/L","1,59€",https://cdn.intermarche.pt/pt/Content/images/boitmal/produit/zoom/67EA33F6043EE7B3EC5A6D721A58D1E2.jpg,2024-10-02T22:59:59.999Z,/product/vinho-rose-peninsula-de-setubal/5603016000443
34469,Vinho rosé regional península de Setúbal,5604260282937,11635,11614,Garrafa de 0.75 l,Selecção de Enófilos,,"2,25€/L","1,69€",https://cdn.intermarche.pt/pt/Content/images/boitmal/produit/zoom/47CFB05F3D3C532C54D3189B0B4B0BDA.jpg,2024-10-02T22:59:59.999Z,/product/vinho-rose-regional-peninsula-de-setubal/5604260282937
9811,Vinho rosé regional península de setúbal,5608527000548,11635,11614,Garrafa de 750 ml,Dom Campos,,"2,65€/L","1,99€",https://cdn.intermarche.pt/pt/Content/images/boitmal/produit/zoom/38B96896540B1C8723714736A9B37EF4.jpg,2024-10-02T22:59:59.999Z,/product/vinho-rose-regional-peninsula-de-setubal/5608527000548
30102,Vinho Rose Leve Região de Lisboa,5604260282890,11635,11614,Garrafa de 0.75 l,Selecção de Enófilos,,"1,85€/L","1,39€",https://cdn.intermarche.pt/pt/Content/images/boitmal/produit/zoom/ACB0FFF89609049B85623BFA86CB5793.jpg,2024-10-02T22:59:59.999Z,/product/vinho-rose-leve-regiao-de-lisboa/5604260282890
51560,Vinho Rosé Península de Setúbal,5601174792002,11635,11614,Garrafa de 0.75 l,João Pires,,"4,65€/L","3,49€",https://cdn.intermarche.pt/pt/Content/images/boitmal/produit/zoom/5C884C754161C78D04BEEB9A8611ACBF.jpg,2024-10-02T22:59:59.999Z,/product/vinho-rose-peninsula-de-setubal/5601174792002
5297,Vinho rosé península de setúbal,5601174205403,11635,11614,Garrafa de 0.75 l,Periquita,,"4,92€/L","3,69€",https://cdn.intermarche.pt/pt/Content/images/boitmal/produit/zoom/57F4393591F8197D030DC0272B1C8CF5.jpg,2024-10-02T22:59:59.999Z,/product/vinho-rose-peninsula-de-setubal/5601174205403
9813,"Vinho rosé, região península de setúbal, bag in box",5608527005796,11635,11614,Garrafa de 5 l,Dom Campos,,"1,80€/L","8,99€",https://cdn.intermarche.pt/pt/Content/images/boitmal/produit/zoom/1A5B5687ED618359A1E759230A6F46D3.jpg,,/product/vinho-rose-regiao-peninsula-de-setubal-bag-in-box/5608527005796
9239,Vinho rosé regional península de setúbal,5603016000542,11635,11614,Garrafa de 750 ml,Fonte nico,,"3,32€/L","2,49€",https://cdn.intermarche.pt/pt/Content/images/boitmal/produit/zoom/742CCC928CCC27498D0CC8FB32799BEF.jpg,,/product/vinho-rose-regional-peninsula-de-setubal/5603016000542
18942,"Vinho rosé, região do Alentejo",5601989950086,11636,11614,"Garrafa de 0,75 l",Monte Velho,,"5,32€/L","3,99€",https://cdn.intermarche.pt/pt/Content/images/boitmal/produit/zoom/FEEEDC68044EA9454E1EDA15982D1A78.jpg,2024-10-02T22:59:59.999Z,/product/vinho-rose-regiao-do-alentejo/5601989950086
5464,Vinho Rosé DOC Alentejo,5601377000355,11636,11614,"Garrafa de 0,75 l",Monsaraz,,"3,85€/L","2,89€",https://cdn.intermarche.pt/pt/Content/images/boitmal/produit/zoom/857D589A09D645BAF935FFBBE16886D5.jpg,2024-10-02T22:59:59.999Z,/product/vinho-rose-doc-alentejo/5601377000355
21312,Vinho regional alentejano rose,5601012004762,11636,11614,Garrafa de 750 ml,Sossego,,"7,32€/L","5,49€",https://cdn.intermarche.pt/pt/Content/images/boitmal/produit/zoom/4343EC07E115ECDD674B4FBE7671C63F.jpg,,/product/vinho-regional-alentejano-rose/5601012004762
21313,"Vinho Rosé Alentejo, garrafa de 750 ml",5601356013086,11636,11614,,Porta da Ravessa,,"3,99€/L","2,99€",https://cdn.intermarche.pt/pt/Content/images/boitmal/produit/zoom/05B96BA448C262D5E30F8AE739BFA8F1.jpg,,/product/vinho-rose-alentejo-garrafa-de-750-ml/5601356013086
