Product ID,Title,EAN,Family ID,Department ID,Packaging,Brand,Category,Price,Price Per Unit,Image URL,Promo End,Product URL
40855,"Loção Cacao Radiante, 200 ml",8712561483094,10478,10070,,Vaseline,,"11,95€/L","2,39€",https://cdn.intermarche.pt/pt/Content/images/boitmal/produit/zoom/8A40B5420204A97186C36E604388F693.jpg,2024-10-04T22:59:59.999Z,/product/locao-cacao-radiante-200-ml/8712561483094
40857,"Loção recuperação avançada, 200 ml",8712561478762,10478,10070,,Vaseline,,"11,95€/L","2,39€",https://cdn.intermarche.pt/pt/Content/images/boitmal/produit/zoom/720BE9BCADE8456A7232B8C0EB4A51CF.jpg,2024-10-04T22:59:59.999Z,/product/locao-recuperacao-avancada-200-ml/8712561478762
29357,Creme Corporal Repara e Cuida,4005900443298,10478,10070,300 ml,Nivea,,"26,63€/L","7,99€",https://cdn.intermarche.pt/pt/Content/images/boitmal/produit/zoom/F662841C017EB65F4B5ADC952804A014.jpg,,/product/creme-corporal-repara-e-cuida/4005900443298
4549,"Creme mãos, caixa média",4005808801039,10478,10070,Embalagem de 75 ml,Nivea,,"27,87€/L","2,09€",https://cdn.intermarche.pt/pt/Content/images/boitmal/produit/zoom/575504BEFAFD8B7935E5486AE0175773.jpg,,/product/creme-maos-caixa-media/4005808801039
51419,Creme de Mãos Intensivo,0000042417637,10478,10070,100 ml,Nivea,,"44,90€/L","4,49€",https://cdn.intermarche.pt/pt/Content/images/boitmal/produit/zoom/F2F07B21E3BF8845581DC128D118D0BF.jpg,,/product/creme-de-maos-intensivo/0000042417637
52310,Creme Corporal Manteiga de Cacau,0000042439103,10478,10070,Embalagem de 250ml,Nivea,,"27,96€/L","6,99€",https://cdn.intermarche.pt/pt/Content/images/boitmal/produit/zoom/21C656B149EBE16270A6C6E8E01D3575.jpg,,/product/creme-corporal-manteiga-de-cacau/0000042439103
45580,Creme rosto e corpo,3250391599646,10478,10070,250 ml,Labell,,"6,76€/L","1,69€",https://cdn.intermarche.pt/pt/Content/images/boitmal/produit/zoom/50AA86645AF5CDAB1C31C01FE9384D69.jpg,,/product/creme-rosto-e-corpo/3250391599646
47895,Vaselina Original,0000042182627,10478,10070,50 ml,Vaseline,,"37,80€/L","1,89€",https://cdn.intermarche.pt/pt/Content/images/boitmal/produit/zoom/D0290A96E9EE7E9C37DBCA6DF5996ED4.jpg,,/product/vaselina-original/0000042182627
4526,"Smoth milk, tripla acção, 250 ml",4005808247233,10478,10070,,Nivea,,"23,56€/L","5,89€",https://cdn.intermarche.pt/pt/Content/images/boitmal/produit/zoom/ED23D3022E71FDD14FE8C56618FEBE1F.jpg,,/product/smoth-milk-tripla-accao-250-ml/4005808247233
45874,"Loção corporal, refirmante Q10 + bronze",4005900709004,10478,10070,Embalagem de 250 ml,Nivea,,"30,76€/L","7,69€",https://cdn.intermarche.pt/pt/Content/images/boitmal/produit/zoom/7A5693744D16D700EAB26CE398A5C37D.jpg,,/product/locao-corporal-refirmante-q10-+-bronze/4005900709004
11173,"Creme para mãos, caixa familiar",4005808801053,10478,10070,Embalagem de 250 ml,Nivea,,"19,16€/L","4,79€",https://cdn.intermarche.pt/pt/Content/images/boitmal/produit/zoom/5EB1C4492D1318FC9ADB99D2C35F6F92.jpg,,/product/creme-para-maos-caixa-familiar/4005808801053
4550,"Creme mãos, caixa grande",4005808801046,10478,10070,Embalagem de 150 ml,Nivea,,"25,27€/L","3,79€",https://cdn.intermarche.pt/pt/Content/images/boitmal/produit/zoom/C96371F2AF8E0D9CF22D8AC14F6A4C35.jpg,,/product/creme-maos-caixa-grande/4005808801046
51688,Loção Corporal Aloé Vera Hidratante,5604260325115,10478,10070,400 ml,Labell,,"4,88€/L","1,95€",https://cdn.intermarche.pt/pt/Content/images/boitmal/produit/zoom/02EEA70D401A2694E664DD162EDD6566.jpg,,/product/locao-corporal-aloe-vera-hidratante/5604260325115
9672,Vaselina purificada,5604260269761,10478,10070,Embalagem de 25 ml,PorSi,,"35,60€/L","0,89€",https://cdn.intermarche.pt/pt/Content/images/boitmal/produit/zoom/13C42BC70060F8119457C86DBC73F39A.jpg,,/product/vaselina-purificada/5604260269761
10926,Creme Mãos Hidratante,3250390138082,10478,10070,Embalagem de 100 ml,Labell,,"11,90€/L","1,19€",https://cdn.intermarche.pt/pt/Content/images/boitmal/produit/zoom/53300E29D968BE0BE3B4DC50A7299BCF.jpg,,/product/creme-maos-hidratante/3250390138082
15438,Mousse limpeza refresh,3250392084356,10478,10070,Embalagem com 150ml,Labell,,"23,27€/L","3,49€",https://cdn.intermarche.pt/pt/Content/images/boitmal/produit/zoom/14F46AAE0936C2F27C5112C8BF104D81.jpg,,/product/mousse-limpeza-refresh/3250392084356
29582,Creme Gordo Hidratante,5604260283552,10478,10070,1 l,Labell,,"12,99€/L","12,99€",https://cdn.intermarche.pt/pt/Content/images/boitmal/produit/zoom/F2CE737F2B68512932099AE54DA9D456.jpg,,/product/creme-gordo-hidratante/5604260283552
36985,Vaselina Jelly Baby,8710447485316,10478,10070,100 ml,Vaseline,,"29,90€/L","2,99€",https://cdn.intermarche.pt/pt/Content/images/boitmal/produit/zoom/D7C74EC08AE8B6C1BC036294000280EA.jpg,,/product/vaselina-jelly-baby/8710447485316
37527,Vaselina boião,5604260300532,10478,10070,Embalagem de 100 ml,PorSi,,"17,90€/L","1,79€",https://cdn.intermarche.pt/pt/Content/images/boitmal/produit/zoom/E4F027CD6F22DDA73E917E9DDA791CF1.jpg,,/product/vaselina-boiao/5604260300532
3991,Creme de mãos reparador,3250391436101,10478,10070,Embalagem de 75 ml,Labell,,"15,33€/L","1,15€",https://cdn.intermarche.pt/pt/Content/images/boitmal/produit/zoom/4A5DD1F187290352D7512C69A8AE75C2.jpg,,/product/creme-de-maos-reparador/3250391436101
44181,Leite hidratante corporal crianças delicadeza de aveia,3600542367202,10478,10070,Embalagem de 250 ml,Garnier,,"19,96€/L","4,99€",https://cdn.intermarche.pt/pt/Content/images/boitmal/produit/zoom/19DFCC9DCE23FA2E3437DED74FC2D299.jpg,,/product/leite-hidratante-corporal-criancas-delicadeza-de-aveia/3600542367202
44489,Creme de mãos protetor mel,4005900556462,10478,10070,100 ml,Nivea,,"29,90€/L","2,99€",https://cdn.intermarche.pt/pt/Content/images/boitmal/produit/zoom/500AA2DE07096F0258FD86E53EF48B58.jpg,,/product/creme-de-maos-protetor-mel/4005900556462
50943,Creme corporal aloé vera,3600542469951,10478,10070,Embalagem de 380 ml,Garnier,,"20,24€/L","7,69€",https://cdn.intermarche.pt/pt/Content/images/boitmal/produit/zoom/7C7EF83FB2499353A6522CA72F22D76D.jpg,,/product/creme-corporal-aloe-vera/3600542469951
51687,Loção corporal Reparação Nutritiva,5604260325108,10478,10070,400 ml,Labell,,"4,73€/L","1,89€",https://cdn.intermarche.pt/pt/Content/images/boitmal/produit/zoom/79397B02B7AAEC2A1F7C3110FE5FAAA9.jpg,,/product/locao-corporal-reparacao-nutritiva/5604260325108
7723,Loção corporal sos reparadora,4005900024060,10478,10070,Embalagem de 250 ml,Nivea,,"26,36€/L","6,59€",https://cdn.intermarche.pt/pt/Content/images/boitmal/produit/zoom/776EB4A252632A35C37B850484C2EF6F.jpg,,/product/locao-corporal-sos-reparadora/4005900024060
11171,Leite corporal,4005808754458,10478,10070,Embalagem de 400 ml,Nivea,,"14,98€/L","5,99€",https://cdn.intermarche.pt/pt/Content/images/boitmal/produit/zoom/697595E5AC19F48A0CC33974E2DAC370.jpg,,/product/leite-corporal/4005808754458
12683,Creme corporal abacate,3600542470377,10478,10070,Embalagem de 380 ml,Garnier,,"20,24€/L","7,69€",https://cdn.intermarche.pt/pt/Content/images/boitmal/produit/zoom/52E9341BF1D5C7FB9CBA9391342A0CAE.jpg,,/product/creme-corporal-abacate/3600542470377
18799,Body Milk Cocoa,4005900299635,10478,10070,Embalagem de 250 ml,Nivea,,"21,96€/L","5,49€",https://cdn.intermarche.pt/pt/Content/images/boitmal/produit/zoom/7304397CBF3D4A56B49B668BFC71AFE2.jpg,,/product/body-milk-cocoa/4005900299635
26232,Loção Corporal Nutritiva Plus,8411126012327,10478,10070,Embalagem de 400 ml,Natural Honey,,"7,48€/L","2,99€",https://cdn.intermarche.pt/pt/Content/images/boitmal/produit/zoom/58D39D0C8264B17A5BA5EE1E9748341A.jpg,,/product/locao-corporal-nutritiva-plus/8411126012327
29982,"Creme Mãos Secrets Coco, 75 ml",8710447275313,10478,10070,,Dove,,"53,20€/L","3,99€",https://cdn.intermarche.pt/pt/Content/images/boitmal/produit/zoom/422C5744B8A320ED30EDFF94AD4C8615.jpg,,/product/creme-maos-secrets-coco-75-ml/8710447275313
30472,Creme Gordo Hidratante,5604260283569,10478,10070,200 ml,Labell,,"19,95€/L","3,99€",https://cdn.intermarche.pt/pt/Content/images/boitmal/produit/zoom/A256BCE5F379C54FDDEA77CD1A319859.jpg,,/product/creme-gordo-hidratante/5604260283569
30579,Desodorizante de Pés em Creme,5601324000537,10478,10070,Embalagem de 100 ml,Protex,,"48,90€/L","4,89€",https://cdn.intermarche.pt/pt/Content/images/boitmal/produit/zoom/040059E8BF3C7CD02647B669B55EBEDF.jpg,,/product/desodorizante-de-pes-em-creme/5601324000537
35249,Loção corporal oil intense,5410091748005,10478,10070,Embalagem de 400 ml,Barnangen,,"17,48€/L","6,99€",https://cdn.intermarche.pt/pt/Content/images/boitmal/produit/zoom/65DEB227365950607C4AA4433179E3F3.jpg,,/product/locao-corporal-oil-intense/5410091748005
35262,Creme bio mãos e unhas,3250392149499,10478,10070,75 ml,Labell Bio,,"22,53€/L","1,69€",https://cdn.intermarche.pt/pt/Content/images/boitmal/produit/zoom/352671AFB87714A18520950DE3A5977A.jpg,,/product/creme-bio-maos-e-unhas/3250392149499
35266,Loção para o corpo de chá verde nourishing secrets,8710447495674,10478,10070,250 ml,Dove,,"19,96€/L","4,99€",https://cdn.intermarche.pt/pt/Content/images/boitmal/produit/zoom/9CB4E4703572F3721DC7A88E13346F79.jpg,,/product/locao-para-o-corpo-de-cha-verde-nourishing-secrets/8710447495674
39014,"Óleo de amêndoas doces, garrafa de 60 ml",5604321005239,10478,10070,,Goldensilk,,"34,83€/L","2,09€",https://cdn.intermarche.pt/pt/Content/images/boitmal/produit/zoom/0922E159CCE7B009411668E3EBA687FF.jpg,,/product/oleo-de-amendoas-doces-garrafa-de-60-ml/5604321005239
39841,"Creme de mãos baba de caracol, garrafa de 50 ml",5604321028665,10478,10070,,Goldensi,,"87,80€/L","4,39€",https://cdn.intermarche.pt/pt/Content/images/boitmal/produit/zoom/8A45CE78BDE1659A2A18695CDE489D4E.jpg,,/product/creme-de-maos-baba-de-caracol-garrafa-de-50-ml/5604321028665
39957,"Óleo de rosa mosqueta, garrafa de 50 ml",5604321031368,10478,10070,,Goldensi,,"231,80€/L","11,59€",https://cdn.intermarche.pt/pt/Content/images/boitmal/produit/zoom/F7827BE1E28C3B53A30050ED8DA48F34.jpg,,/product/oleo-de-rosa-mosqueta-garrafa-de-50-ml/5604321031368
39961,"Gel pés & pernas gingko biloba, garrafa de 150 ml",5604321031405,10478,10070,,Goldensilk,,"39,93€/L","5,99€",https://cdn.intermarche.pt/pt/Content/images/boitmal/produit/zoom/8254B17CFFFCBACC3999392356F9B2A9.jpg,,/product/gel-pes-&-pernas-gingko-biloba-garrafa-de-150-ml/5604321031405
42251,Loção corporal caring,5012583205753,10478,10070,400 ml,Barnangen,,"17,48€/L","6,99€",https://cdn.intermarche.pt/pt/Content/images/boitmal/produit/zoom/6AF32407DCD724B01BE7B8509F9924D9.jpg,,/product/locao-corporal-caring/5012583205753
32402,Desodorizante Roll On Black & White Invisible Silky Smooth,4005900542557,10786,10070,50 ml,Nivea,,"62,80€/L","3,14€",https://cdn.intermarche.pt/pt/Content/images/boitmal/produit/zoom/0FDFC8F76946D93D5FC3C71D34FF86DB.jpg,2024-09-25T22:59:59.999Z,/product/desodorizante-roll-on-black-&-white-invisible-silky-smooth/4005900542557
32303,Desodorizante Roll On Black & White Fresh,4005900388599,10786,10070,50 ml,Nivea,,"62,80€/L","3,14€",https://cdn.intermarche.pt/pt/Content/images/boitmal/produit/zoom/2AB0DBFCD3583528F0B2BE7D1AD6DF9C.jpg,2024-09-25T22:59:59.999Z,/product/desodorizante-roll-on-black-&-white-fresh/4005900388599
32304,Desodorizante Roll On Black & White Active,4005900386564,10786,10070,50 ml,Nivea,,"62,80€/L","3,14€",https://cdn.intermarche.pt/pt/Content/images/boitmal/produit/zoom/A36F4383E6851A705012A66F256273F4.jpg,2024-09-25T22:59:59.999Z,/product/desodorizante-roll-on-black-&-white-active/4005900386564
53321,"Desodorizante Roll-on Black & White Max Protection, 50ml",4006000033570,10786,10070,,Nivea,,"71,80€/L","3,59€",https://cdn.intermarche.pt/pt/Content/images/boitmal/produit/zoom/2773456A0400191F350E5C65211739D5.jpg,2024-09-25T22:59:59.999Z,/product/desodorizante-roll-on-black-&-white-max-protection-50ml/4006000033570
54418,"Desodorizante Roll On Powder 48H, 50ml",0000059095408,10786,10070,,Dove,,"79,80€/L","3,99€",https://cdn.intermarche.pt/pt/Content/images/boitmal/produit/zoom/3BE4B78B18F7BF6728BA154B51530B14.jpg,,/product/desodorizante-roll-on-powder-48h-50ml/0000059095408
49637,Desodorizante Roll-On Dermo,5604260323913,10786,10070,Embalagem de 50 ml,Labell,,"17,00€/L","0,85€",https://cdn.intermarche.pt/pt/Content/images/boitmal/produit/zoom/752B687A5CBE6A4556CCFE0BD0EC835D.jpg,,/product/desodorizante-roll-on-dermo/5604260323913
31906,Desodorizante Pure & Natural Spray,4005900388537,10786,10070,150 ml,Nivea,,"25,27€/L","3,79€",https://cdn.intermarche.pt/pt/Content/images/boitmal/produit/zoom/CE252F48A1BA05D2CA75526FEC5501B5.jpg,,/product/desodorizante-pure-&-natural-spray/4005900388537
4322,"Desodorizante Roll'On Invisivel, 50 ml",3600540623911,10786,10070,,Narta,,"59,80€/L","2,99€",https://cdn.intermarche.pt/pt/Content/images/boitmal/produit/zoom/2548E7F9189B3705E4D8DD9171C395C3.jpg,,/product/desodorizante-roll'on-invisivel-50-ml/3600540623911
49638,Desodorizante Roll-On Dry,5604260323920,10786,10070,Embalagem de 50 ml,Labell,,"17,00€/L","0,85€",https://cdn.intermarche.pt/pt/Content/images/boitmal/produit/zoom/4744921F68B757EB9AD6D3D4843A1A56.jpg,,/product/desodorizante-roll-on-dry/5604260323920
4409,"Desodorizante spray, protect.5",3600550266917,10786,10070,Embalagem de 200 ml,Narta,,"14,95€/L","2,99€",https://cdn.intermarche.pt/pt/Content/images/boitmal/produit/zoom/7C71A1978C10610C24EF8E897CF38176.jpg,,/product/desodorizante-spray-protect.5/3600550266917
40831,Desodorizante spray invisible,8717163675038,10786,10070,Embalagem de 150 ml,Rexona,,"29,93€/L","4,49€",https://cdn.intermarche.pt/pt/Content/images/boitmal/produit/zoom/57B3E206ACA61DEC6375264AE8EA5ABA.jpg,,/product/desodorizante-spray-invisible/8717163675038
4323,Desodorizante Roll'On Bio Eficácia,3600540623959,10786,10070,Embalagem de 50 ml,Narta,,"59,80€/L","2,99€",https://cdn.intermarche.pt/pt/Content/images/boitmal/produit/zoom/5C7BE4375FE25C3F9AC22EE96FB194C9.jpg,,/product/desodorizante-roll'on-bio-eficacia/3600540623959
49639,Desodorizante Roll-On Pure,5604260323944,10786,10070,Embalagem de 50 ml,Labell,,"17,00€/L","0,85€",https://cdn.intermarche.pt/pt/Content/images/boitmal/produit/zoom/B329D8C20CAF8D268C44EBAA2F9B5898.jpg,,/product/desodorizante-roll-on-pure/5604260323944
29939,Deo Roll On Dry Fresh,4005900488459,10786,10070,50 ml,Nivea,,"73,80€/L","3,69€",https://cdn.intermarche.pt/pt/Content/images/boitmal/produit/zoom/A22C4B7FFEFAE6222645D53E97AF92A1.jpg,,/product/deo-roll-on-dry-fresh/4005900488459
32155,Desodorizante Spray Black & White Invisible,4005900547316,10786,10070,150 ml,Nivea,,"31,27€/L","4,69€",https://cdn.intermarche.pt/pt/Content/images/boitmal/produit/zoom/C8CF1F2C1B83EC7C8CE7FE269D9960D3.jpg,,/product/desodorizante-spray-black-&-white-invisible/4005900547316
47621,Desodorizante original 0% álcool,0000080466437,10786,10070,40 ml,Dove,,"124,75€/L","4,99€",https://cdn.intermarche.pt/pt/Content/images/boitmal/produit/zoom/6250F87CFED7E6C6408C0D352DF269E6.jpg,,/product/desodorizante-original-0%25-alcool/0000080466437
49640,Desodorizante Roll-On Black & White,5604260323937,10786,10070,Embalagem de 50 ml,Labell,,"17,00€/L","0,85€",https://cdn.intermarche.pt/pt/Content/images/boitmal/produit/zoom/8B93AF43CBB92D078E8D602D9BD21F2E.jpg,,/product/desodorizante-roll-on-black-&-white/5604260323937
7018,Desodorizante roll-on shower fresh,0000096017692,10786,10070,Embalagem de 50 ml,Rexona,,"79,80€/L","3,99€",https://cdn.intermarche.pt/pt/Content/images/boitmal/produit/zoom/7243168429B89287F73E0451E634DE3F.jpg,,/product/desodorizante-roll-on-shower-fresh/0000096017692
31907,Desodorizante Pure & Natural Roll-On,4005900388551,10786,10070,50 ml,Nivea,,"89,80€/L","4,49€",https://cdn.intermarche.pt/pt/Content/images/boitmal/produit/zoom/ECAF4A1AD2575DDB5B61D99D918BFBAA.jpg,,/product/desodorizante-pure-&-natural-roll-on/4005900388551
4410,Desodorizante Roll'On Protect 5,3600550266993,10786,10070,Embalagem de 50 ml,Narta,,"59,80€/L","2,99€",https://cdn.intermarche.pt/pt/Content/images/boitmal/produit/zoom/FB5D18DD1DCB46A346B4E8A1EF4119F2.jpg,,/product/desodorizante-roll'on-protect-5/3600550266993
24513,Deo Spray Black & White Active,4005900377852,10786,10070,Embalagem de 150 ml,Nivea,,"26,60€/L","3,99€",https://cdn.intermarche.pt/pt/Content/images/boitmal/produit/zoom/6966CF659E6416F695E58B87787D1075.jpg,,/product/deo-spray-black-&-white-active/4005900377852
4321,"Desodorizante spray, bio eficácia",3600540623782,10786,10070,Embalagem de 200 ml,Narta,,"14,95€/L","2,99€",https://cdn.intermarche.pt/pt/Content/images/boitmal/produit/zoom/121205A67DB24A78E71A47028A4D00E1.jpg,,/product/desodorizante-spray-bio-eficacia/3600540623782
52314,Desodorizante Spray Invisible Pure 72H,8720181214011,10786,10070,Embalagem de 50ml,Rexona,,"99,80€/L","4,99€",https://cdn.intermarche.pt/pt/Content/images/boitmal/produit/zoom/89E8C645AFEA900BFF1D842E3FDFF6D2.jpg,,/product/desodorizante-spray-invisible-pure-72h/8720181214011
7684,Desodorizante spray dry confort,4005808719020,10786,10070,Embalagem de 200 ml,Nivea,,"17,45€/L","3,49€",https://cdn.intermarche.pt/pt/Content/images/boitmal/produit/zoom/5E01A2AED44EC3B4789E1909DD521075.jpg,,/product/desodorizante-spray-dry-confort/4005808719020
29541,Eau de Toilette p/Senhora Nº5,8424730004879,10786,10070,1 Frasco 150ml,Caravan,,"79,93€/L","11,99€",https://cdn.intermarche.pt/pt/Content/images/boitmal/produit/zoom/DFBA59A5DF1F1D88BDF8723BB54AE486.jpg,,/product/eau-de-toilette-p-ou-senhora-nº5/8424730004879
36672,Desodorizante em spray sensitive zero%,8718951246584,10786,10070,150 ml,Sanex,,"29,93€/L","4,49€",https://cdn.intermarche.pt/pt/Content/images/boitmal/produit/zoom/14D8A339B1FEF4E68A9B7B668B5A9CFF.jpg,,/product/desodorizante-em-spray-sensitive-zero%25/8718951246584
39008,"Desodorizante camomila, garrafa de 85 ml",5604321005147,10786,10070,,Goldensilk,,"38,71€/L","3,29€",https://cdn.intermarche.pt/pt/Content/images/boitmal/produit/zoom/5F0AC2115341C8412EF6F19F4414C479.jpg,,/product/desodorizante-camomila-garrafa-de-85-ml/5604321005147
43898,Desodorizante Roll-on Hidra Essencial,0000059082347,10786,10070,Embalagem de 50 ml,Vaseline,,"79,80€/L","3,99€",https://cdn.intermarche.pt/pt/Content/images/boitmal/produit/zoom/6494D650879418C9300806627390D398.jpg,,/product/desodorizante-roll-on-hidra-essencial/0000059082347
52915,"Desodorizante Spray Maracujá 48h, 150 ml",8720181202469,10786,10070,,Dove,,"26,60€/L","3,99€",https://cdn.intermarche.pt/pt/Content/images/boitmal/produit/zoom/50D58AAAE2626C7D4631EF928211CCD6.jpg,,/product/desodorizante-spray-maracuja-48h-150-ml/8720181202469
53634,Desodorizante Roll On Biotic Invisível,3600551133201,10786,10070,Embalagem de 50ml,Narta,,"59,80€/L","2,99€",https://cdn.intermarche.pt/pt/Content/images/boitmal/produit/zoom/2942F7991EA1D1FE1EA0987649ABC50D.jpg,,/product/desodorizante-roll-on-biotic-invisivel/3600551133201
29538,Eau de Toilette p/Senhora Nº1,8424730004831,10786,10070,1 Frasco 150ml,Caravan,,"79,93€/L","11,99€",https://cdn.intermarche.pt/pt/Content/images/boitmal/produit/zoom/B31E641529600F13833AFEFD1037E7D0.jpg,,/product/eau-de-toilette-p-ou-senhora-nº1/8424730004831
29540,Eau de Toilette p/Senhora Nº3,8424730004855,10786,10070,1 Frasco 150ml,Caravan,,"79,93€/L","11,99€",https://cdn.intermarche.pt/pt/Content/images/boitmal/produit/zoom/69C5582002CE1C4B4AA9E40FB4C7BEFB.jpg,,/product/eau-de-toilette-p-ou-senhora-nº3/8424730004855
29546,Eau de Toilette p/Senhora Nº22,8424730006828,10786,10070,1 Frasco 150ml,Caravan,,"79,93€/L","11,99€",https://cdn.intermarche.pt/pt/Content/images/boitmal/produit/zoom/8D74EE72D6CCDB294159BC230E298C46.jpg,,/product/eau-de-toilette-p-ou-senhora-nº22/8424730006828
29548,Eau de Toilette p/Senhora Nº24,8424730006842,10786,10070,1 Frasco 150ml,Caravan,,"79,93€/L","11,99€",https://cdn.intermarche.pt/pt/Content/images/boitmal/produit/zoom/8BF806E953F32CBFBD84960FF7D45BAC.jpg,,/product/eau-de-toilette-p-ou-senhora-nº24/8424730006842
29550,Eau de Toilette p/Senhora Nº27,8424730006873,10786,10070,1 Frasco 150ml,Caravan,,"79,93€/L","11,99€",https://cdn.intermarche.pt/pt/Content/images/boitmal/produit/zoom/296B6ABB48DCAD9D035D28C200FDD964.jpg,,/product/eau-de-toilette-p-ou-senhora-nº27/8424730006873
29553,Eau de Toilette p/Senhora Nº30,8424730006903,10786,10070,1 Frasco 150ml,Caravan,,"79,93€/L","11,99€",https://cdn.intermarche.pt/pt/Content/images/boitmal/produit/zoom/8B0922A8494FBC0B6724D4359BBA8D15.jpg,,/product/eau-de-toilette-p-ou-senhora-nº30/8424730006903
29555,Eau de Toilette p/Senhora Nº32,8424730008167,10786,10070,1 Frasco 150ml,Caravan,,"79,93€/L","11,99€",https://cdn.intermarche.pt/pt/Content/images/boitmal/produit/zoom/D33683DBF3B406B10B2E1AFDC058BD2A.jpg,,/product/eau-de-toilette-p-ou-senhora-nº32/8424730008167
29557,Eau de Toilette p/Senhora Nº35,8424730008198,10786,10070,1 Frasco 150ml,Caravan,,"79,93€/L","11,99€",https://cdn.intermarche.pt/pt/Content/images/boitmal/produit/zoom/0924837DA70AD85E453995E649F3C7F5.jpg,,/product/eau-de-toilette-p-ou-senhora-nº35/8424730008198
29558,Eau de Toilette p/Senhora Nº36,8424730008204,10786,10070,1 Frasco 150ml,Caravan,,"79,93€/L","11,99€",https://cdn.intermarche.pt/pt/Content/images/boitmal/produit/zoom/8B8A15B3C314EFD65D5787CBE732E5EE.jpg,,/product/eau-de-toilette-p-ou-senhora-nº36/8424730008204
29560,Eau de Toilette p/Senhora Nº37,8424730008211,10786,10070,1 Frasco 150ml,Caravan,,"79,93€/L","11,99€",https://cdn.intermarche.pt/pt/Content/images/boitmal/produit/zoom/04A6E7CD211A57B7641A61BFE93C3F9B.jpg,,/product/eau-de-toilette-p-ou-senhora-nº37/8424730008211
44569,Máquina depilação descartável Simply Venus 2,7702018553754,10475,10070,3 Unid. + 1 Grátis,Gillette,,"1,59€/Unidade","1,59€",https://cdn.intermarche.pt/pt/Content/images/boitmal/produit/zoom/082574BA8EB4991358CD288799B29084.jpg,2024-09-25T22:59:59.999Z,/product/maquina-depilacao-descartavel-simply-venus-2/7702018553754
53525,"Lâminas Depilação Descartáveis Venus Basic, 10 unidades",8001090279132,10475,10070,,Gillette,,"3,39€/Unidade","3,39€",https://cdn.intermarche.pt/pt/Content/images/boitmal/produit/zoom/96378A7FBB515962CA6E5988BCE96BBE.jpg,2024-09-25T22:59:59.999Z,/product/laminas-depilacao-descartaveis-venus-basic-10-unidades/8001090279132
53582,"Recarga de Lâminas Satin Care Zona Íntima, 4 unidades",8700216073387,10475,10070,,Gillette,,"15,99€/Unidade","15,99€",https://cdn.intermarche.pt/pt/Content/images/boitmal/produit/zoom/E0E85AE29FF76741C476BE1522B2BF74.jpg,,/product/recarga-de-laminas-satin-care-zona-intima-4-unidades/8700216073387
20618,"Máquina depiladora descartável, Blue II Feminina, 5+1 unidades",3014260294625,10475,10070,,Gillette,,"2,99€/Unidade","2,99€",https://cdn.intermarche.pt/pt/Content/images/boitmal/produit/zoom/25DA0694A3DF391DB1CCB50392F156C5.jpg,,/product/maquina-depiladora-descartavel-blue-ii-feminina-5+1-unidades/3014260294625
25082,Bandas cera depilatórias corpo pele sensível,3250392253141,10475,10070,40 unidades,Labell,,"2,99€/Unidade","2,99€",https://cdn.intermarche.pt/pt/Content/images/boitmal/produit/zoom/2C8D75CC42FB304D6CF9AF661AA56288.jpg,,/product/bandas-cera-depilatorias-corpo-pele-sensivel/3250392253141
10101,Creme descolorante,8410104103637,10475,10070,Garrafa de 150 ml,Veet,,"73,27€/L","10,99€",https://cdn.intermarche.pt/pt/Content/images/boitmal/produit/zoom/D9EFFCF8E5F66AC3C73643EFAA4ED47A.jpg,,/product/creme-descolorante/8410104103637
25084,Bandas de cera axilas/bikini,3250392253127,10475,10070,Embalagem com 16 un. + 4 toalhitas de acabamento,Labell,,"2,09€/Unidade","2,09€",https://cdn.intermarche.pt/pt/Content/images/boitmal/produit/zoom/DF6B78C5414BF2760CC728DCF9201392.jpg,,/product/bandas-de-cera-axilas-ou-bikini/3250392253127
52365,Bandas Depilatórias Cera Fria Facial Expert Pele Sensível,5605480002244,10475,10070,Embalagem de 16 unidades,Veet,,"8,49€/Unidade","8,49€",https://cdn.intermarche.pt/pt/Content/images/boitmal/produit/zoom/F4D2539206CA288926BDE56C03DB2435.jpg,,/product/bandas-depilatorias-cera-fria-facial-expert-pele-sensivel/5605480002244
12585,Creme depilatório para peles sensíveis,3250391547500,10475,10070,Embalagem de 200 ml,Labell,,"14,95€/L","2,99€",https://cdn.intermarche.pt/pt/Content/images/boitmal/produit/zoom/D895CED9ED3D09013BDDE7DA6DE63561.jpg,,/product/creme-depilatorio-para-peles-sensiveis/3250391547500
19850,Máquina depilatória Miss Soleil,3086123262270,10475,10070,3 + 1 unidades,Bic,,"4,29€/Unidade","4,29€",https://cdn.intermarche.pt/pt/Content/images/boitmal/produit/zoom/B3F295BEE8215204C36366BF02164E66.jpg,,/product/maquina-depilatoria-miss-soleil/3086123262270
3832,"Cera de depilação oriental, pote",3250390778875,10475,10070,Embalagem de 250 ml,Labell,,"14,24€/L","3,56€",https://cdn.intermarche.pt/pt/Content/images/boitmal/produit/zoom/3018050C9A8205A93F37858597ED6DD4.jpg,,/product/cera-de-depilacao-oriental-pote/3250390778875
50516,Bandas de Cera Depilatória Bikini,8428076003251,10475,10070,16 unidades,Veet,,"7,99€/Unidade","7,99€",https://cdn.intermarche.pt/pt/Content/images/boitmal/produit/zoom/4787803BB2D6346B41C939D1AAF2EFD8.jpg,,/product/bandas-de-cera-depilatoria-bikini/8428076003251
52367,Bandas Depilatórias Cera Fria Faciais Pele Normal,8428076006337,10475,10070,Embalagem de 16 unidades,Veet,,"8,49€/Unidade","8,49€",https://cdn.intermarche.pt/pt/Content/images/boitmal/produit/zoom/340E5D25BCEE3B453E834B0431FB5226.jpg,,/product/bandas-depilatorias-cera-fria-faciais-pele-normal/8428076006337
53353,Máquina Depilatória Zona Intima,8700216073349,10475,10070,,Venus,,"14,99€/Unidade","14,99€",https://cdn.intermarche.pt/pt/Content/images/boitmal/produit/zoom/F20A401C4167F21409756EF7AC7B5FA3.jpg,,/product/maquina-depilatoria-zona-intima/8700216073349
7273,"Lâminas  depilatórias, 5 unidades",3086127500934,10475,10070,Uma embalagem,Twin lady,,"2,99€/Unidade","2,99€",https://cdn.intermarche.pt/pt/Content/images/boitmal/produit/zoom/98BD313CB68F62010A9A709C5451AE55.jpg,,/product/laminas-depilatorias-5-unidades/3086127500934
7506,"Gel depilatório, peles sensiveis",3250391430468,10475,10070,Embalagem de 200 ml,Labell,,"14,95€/L","2,99€",https://cdn.intermarche.pt/pt/Content/images/boitmal/produit/zoom/64DDFF54D6994819BFF06DD3A82B47D9.jpg,,/product/gel-depilatorio-peles-sensiveis/3250391430468
19004,Creme Depilatório Peles Sensíveis,8410104274160,10475,10070,Embalagem de 200 ml,Veet,,"47,45€/L","9,49€",https://cdn.intermarche.pt/pt/Content/images/boitmal/produit/zoom/873F0880AE5560A48B4AFDD06A8FA174.jpg,,/product/creme-depilatorio-peles-sensiveis/8410104274160
24879,Bandas de cera fria bikini peles sensíveis,8410104882143,10475,10070,Embalagem de 16 unidades,Veet,,"6,99€/Unidade","6,99€",https://cdn.intermarche.pt/pt/Content/images/boitmal/produit/zoom/4D12487F084838C65CE98C15CE8C3C82.jpg,,/product/bandas-de-cera-fria-bikini-peles-sensiveis/8410104882143
25083,Bandas de cera fria facial,3250392253165,10475,10070,Embalagem com 20 un. + 4 toalhitas de acabamento,Labell,,"1,29€/Unidade","1,29€",https://cdn.intermarche.pt/pt/Content/images/boitmal/produit/zoom/E8D210ECF93FD20BBBD285D5E38F8DA1.jpg,,/product/bandas-de-cera-fria-facial/3250392253165
25345,Bandas de cera facial peles normais,8410104882136,10475,10070,Embalagem de 20 unidades,Veet,,"6,99€/Unidade","6,99€",https://cdn.intermarche.pt/pt/Content/images/boitmal/produit/zoom/A9F296A7B0E333A723EFEC1077C24BBC.jpg,,/product/bandas-de-cera-facial-peles-normais/8410104882136
30042,Cera Depilatória,8410104438098,10475,10070,Embalagem de 250 ml,Veet,,"35,96€/L","8,99€",https://cdn.intermarche.pt/pt/Content/images/boitmal/produit/zoom/15C8DBC36DDF3C154F0FE1B3FE89BF58.jpg,,/product/cera-depilatoria/8410104438098
30199,Máquina Depilatória Descartável Twin Lady,3086127500941,10475,10070,Embalagem com 10 un.,Bic,,"3,99€/Unidade","3,99€",https://cdn.intermarche.pt/pt/Content/images/boitmal/produit/zoom/47F6D64C8B90268E51E76586B884427D.jpg,,/product/maquina-depilatoria-descartavel-twin-lady/3086127500941
30880,Máquina Descartável Depilatória Venus Plus,7702018450886,10475,10070,4 un. + 2 grátis,Gillette,,"5,99€/Unidade","5,99€",https://cdn.intermarche.pt/pt/Content/images/boitmal/produit/zoom/A54390049FA1902617FF3E86E2EFD482.jpg,,/product/maquina-descartavel-depilatoria-venus-plus/7702018450886
43897,Máquina Depilatória Descartável Miss Soleil Sensitive 3,3086123644953,10475,10070,1 + 2 Unidades Grátis,Bic,,"5,75€/Unidade","5,75€",https://cdn.intermarche.pt/pt/Content/images/boitmal/produit/zoom/D676F4887E6E2A31E168D4E06102F964.jpg,,/product/maquina-depilatoria-descartavel-miss-soleil-sensitive-3/3086123644953
44572,Bandas de Cera Depilatória Facial,8428076000274,10475,10070,Embalagem de 20 unidades,Veet,,"7,99€/Unidade","7,99€",https://cdn.intermarche.pt/pt/Content/images/boitmal/produit/zoom/87CC46C0B6A5CF26C13067C3C744529D.jpg,,/product/bandas-de-cera-depilatoria-facial/8428076000274
44573,Bandas de Cera Depilatória Corpo e Pernas,8428076000281,10475,10070,Embalagem de 20 unidades,Veet,,"9,99€/Unidade","9,99€",https://cdn.intermarche.pt/pt/Content/images/boitmal/produit/zoom/2A2B61F486D7B10057F28A5716CC8389.jpg,,/product/bandas-de-cera-depilatoria-corpo-e-pernas/8428076000281
45737,Creme Axilas Mínima,8428076002087,10475,10070,Embalagem de 100 ml,Veet,,"79,90€/L","7,99€",https://cdn.intermarche.pt/pt/Content/images/boitmal/produit/zoom/757836183F85609996EE4FEBE103B292.jpg,,/product/creme-axilas-minima/8428076002087
49678,Bandas de Cera Depilatória Axilas,8428076003404,10475,10070,16 unidades,Veet,,"7,99€/Unidade","7,99€",https://cdn.intermarche.pt/pt/Content/images/boitmal/produit/zoom/50D4C7F3BEA8F65D4E78AF894474569B.jpg,,/product/bandas-de-cera-depilatoria-axilas/8428076003404
49898,Recarga bandas auxiliares depilatórias,3250392472962,10475,10070,24 unidades,Labell,,"2,99€/Unidade","2,99€",https://cdn.intermarche.pt/pt/Content/images/boitmal/produit/zoom/5EFCE57FE53436AED97F2C5449F52568.jpg,,/product/recarga-bandas-auxiliares-depilatorias/3250392472962
52366,Bandas Depilatórias Cera Fria Corpo Expert Pele Sensível,5605480002251,10475,10070,Embalagem de 16 unidades,Veet,,"10,49€/Unidade","10,49€",https://cdn.intermarche.pt/pt/Content/images/boitmal/produit/zoom/2870A227788D2E534FECC183FDADFC2B.jpg,,/product/bandas-depilatorias-cera-fria-corpo-expert-pele-sensivel/5605480002251
52368,Bandas Depilatórias Cera Fria Axilas Expert,8428076006580,10475,10070,Embalagem de 16 unidades,Veet,,"8,49€/Unidade","8,49€",https://cdn.intermarche.pt/pt/Content/images/boitmal/produit/zoom/9824FC9A7E7176B8807971675CA3ABE9.jpg,,/product/bandas-depilatorias-cera-fria-axilas-expert/8428076006580
52369,Bandas Depilatórias Cera Fria Bikini Expert,8428076006573,10475,10070,Embalagem de 16 unidades,Veet,,"8,49€/Unidade","8,49€",https://cdn.intermarche.pt/pt/Content/images/boitmal/produit/zoom/9458FB2E629AB225B0203F501DF9B271.jpg,,/product/bandas-depilatorias-cera-fria-bikini-expert/8428076006573
52370,Bandas Depilatórias Cera Fria Expert Corpo Pele Normal,8428076006320,10475,10070,Embalagem de 16 unidades,Veet,,"10,49€/Unidade","10,49€",https://cdn.intermarche.pt/pt/Content/images/boitmal/produit/zoom/4883919741411F1CD6CB9DC8FB0BD254.jpg,,/product/bandas-depilatorias-cera-fria-expert-corpo-pele-normal/8428076006320
52371,Creme Depilatório Axilas Expert,8428076006290,10475,10070,Embalagem de 100ml,Veet,,"84,90€/L","8,49€",https://cdn.intermarche.pt/pt/Content/images/boitmal/produit/zoom/60DCCB1F73F1D096BA5DC6FFD4000542.jpg,,/product/creme-depilatorio-axilas-expert/8428076006290
53384,"Máquina Descartável Miss Soleil Sensitive, 3 un.",3086123519176,10475,10070,,Bic,,"3,99€/Unidade","3,99€",https://cdn.intermarche.pt/pt/Content/images/boitmal/produit/zoom/FA32A5E1D6286AC923BDE246F2D76484.jpg,,/product/maquina-descartavel-miss-soleil-sensitive-3-un./3086123519176
53385,"Recarga Miss Soleil Sensitive, 4 un.",3086123644915,10475,10070,,Bic,,"7,99€/Unidade","7,99€",https://cdn.intermarche.pt/pt/Content/images/boitmal/produit/zoom/ED7ABF5E54A1CF523EEDBB1498A79F76.jpg,,/product/recarga-miss-soleil-sensitive-4-un./3086123644915
53537,Lâmina Depilação Comfortglide Coconut,8001090590121,10475,10070,,Gillette,,"14,99€/Unidade","14,99€",https://cdn.intermarche.pt/pt/Content/images/boitmal/produit/zoom/EA10D9C2AF14A7F2FD3ED892C9706614.jpg,,/product/lamina-depilacao-comfortglide-coconut/8001090590121
53762,Gel Limpeza e Depilação 2 em 1 Zona Íntima,8700216073547,10475,10070,Embalagem de 190ml,Satin Care,,"78,89€/L","14,99€",https://cdn.intermarche.pt/pt/Content/images/boitmal/produit/zoom/FC744E3253412AFD220D559AABFD4CF5.jpg,,/product/gel-limpeza-e-depilacao-2-em-1-zona-intima/8700216073547
53795,Creme Depilatório Expert Kit Zona Bikini,8428076006269,10475,10070,Embalagem de 100ml,Veet,,"84,90€/L","8,49€",https://cdn.intermarche.pt/pt/Content/images/boitmal/produit/zoom/B48D51ADE8D6D7492BC0C671C4F94503.jpg,,/product/creme-depilatorio-expert-kit-zona-bikini/8428076006269
53796,Creme Depilatório Expert Pernas e Corpo,8428076006276,10475,10070,Embalagem de 200ml,Veet,,"52,45€/L","10,49€",https://cdn.intermarche.pt/pt/Content/images/boitmal/produit/zoom/5AE48A7D523AC6DAB357664187DD7C29.jpg,,/product/creme-depilatorio-expert-pernas-e-corpo/8428076006276
53487,Esponja Banho 2Un,5604260326884,11763,10070,Embalagem de 2 unidades,Labell,,"1,98€/Unidade","1,98€",https://cdn.intermarche.pt/pt/Content/images/boitmal/produit/zoom/172BD351626D158E422E1C5C5C9AF4DA.jpg,,/product/esponja-banho-2un/5604260326884
53486,Esponja Banho Vegetal,5604260326877,11763,10070,Embalagem de 1 unidades,Labell,,"0,85€/Unidade","0,85€",https://cdn.intermarche.pt/pt/Content/images/boitmal/produit/zoom/2899DB118047C84BB119ACEDDFA083EF.jpg,,/product/esponja-banho-vegetal/5604260326877
4196,"Pensos diários respirare, 76 unidades",3574660464429,10538,10077,Uma embalagem,Carefree,,"3,74€/Unidade","3,74€",https://cdn.intermarche.pt/pt/Content/images/boitmal/produit/zoom/F1443756E2E93D0DFBDE85A3A5997C3A.jpg,2024-09-25T22:59:59.999Z,/product/pensos-diarios-respirare-76-unidades/3574660464429
36752,Pensos diários maxi,3574661487694,10538,10077,Embalagem com 64 unidades,Carefree,,"3,74€/Unidade","3,74€",https://cdn.intermarche.pt/pt/Content/images/boitmal/produit/zoom/761AFEC0159C1EB52FB3A5797B87B380.jpg,2024-09-25T22:59:59.999Z,/product/pensos-diarios-maxi/3574661487694
41864,Pensos diários respirare,3574661552583,10538,10077,embalagem com 20 unidades,Carefree,,"1,49€/Unidade","1,49€",https://cdn.intermarche.pt/pt/Content/images/boitmal/produit/zoom/72B719D88397C03CA439E3867F50FE4C.jpg,2024-09-25T22:59:59.999Z,/product/pensos-diarios-respirare/3574661552583
12752,Pensos diários flexiform,3574660097009,10538,10077,Embalagem de 30 unidades,Carefree,,"1,94€/Unidade","1,94€",https://cdn.intermarche.pt/pt/Content/images/boitmal/produit/zoom/AB9D1A8E115573D5130D10FC8CB3505C.jpg,2024-09-25T22:59:59.999Z,/product/pensos-diarios-flexiform/3574660097009
4208,"Pensos diários maxi, aloé vera",3574660709216,10538,10077,embalagem com 48 unidades,Carefree,,"3,65€/Unidade","3,65€",https://cdn.intermarche.pt/pt/Content/images/boitmal/produit/zoom/26FFB8C904F08713D51E0B27DC72CB68.jpg,2024-09-25T22:59:59.999Z,/product/pensos-diarios-maxi-aloe-vera/3574660709216
46772,Pensos diários plus long,3574661500355,10538,10077,Embalagem com 40 unidades,Carefree,,"3,74€/Unidade","3,74€",https://cdn.intermarche.pt/pt/Content/images/boitmal/produit/zoom/C09125DDC05046FDDB081D09634904E8.jpg,2024-09-25T22:59:59.999Z,/product/pensos-diarios-plus-long/3574661500355
47427,Pensos diários flexiform,3574661552576,10538,10077,Embalagem de 56 unidades,Carefree,,"3,65€/Unidade","3,65€",https://cdn.intermarche.pt/pt/Content/images/boitmal/produit/zoom/55BFF8DD5AEB2213C79633D08C742122.jpg,2024-09-25T22:59:59.999Z,/product/pensos-diarios-flexiform/3574661552576
50291,Pensos diários maxi cotton aloé,3574661552804,10538,10077,56 unidades,Carefree,,"3,64€/Unidade","3,64€",https://cdn.intermarche.pt/pt/Content/images/boitmal/produit/zoom/8044820DAB5308A83EA4CCAFF69692C0.jpg,2024-09-25T22:59:59.999Z,/product/pensos-diarios-maxi-cotton-aloe/3574661552804
50523,Pensos diários maxi,3574661487540,10538,10077,36 unidades,Carefree,,"2,24€/Unidade","2,24€",https://cdn.intermarche.pt/pt/Content/images/boitmal/produit/zoom/2B6AB2EF81D49887042731335B4B98D0.jpg,2024-09-25T22:59:59.999Z,/product/pensos-diarios-maxi/3574661487540
48907,Penso diário normal,5604260320769,10538,10077,Embalagem de 64 unidades,PorSi,,"1,69€/Unidade","1,69€",https://cdn.intermarche.pt/pt/Content/images/boitmal/produit/zoom/160580AB04FA8705A00B47E711994C11.jpg,,/product/penso-diario-normal/5604260320769
48391,Pensos diários aloé vera,5604260320776,10538,10077,Embalagem de 30 unidades,PorSi,,"1,39€/Unidade","1,39€",https://cdn.intermarche.pt/pt/Content/images/boitmal/produit/zoom/78F7AA6364149B39B237F42EDAC44DD3.jpg,,/product/pensos-diarios-aloe-vera/5604260320776
6361,"Pensos diários salva slip, maxi",8410108088886,10538,10077,72 unidades,Evax,,"4,99€/Unidade","4,99€",https://cdn.intermarche.pt/pt/Content/images/boitmal/produit/zoom/04C43DF34CCFC7ECACB2FD78623C223E.jpg,,/product/pensos-diarios-salva-slip-maxi/8410108088886
35301,Pensos diários salvaslip flexi & fresh normal,8001090766885,10538,10077,28 unidades,Evax,,"1,99€/Unidade","1,99€",https://cdn.intermarche.pt/pt/Content/images/boitmal/produit/zoom/1F56EC23F2B2B0CE3A138E681A8B3E99.jpg,,/product/pensos-diarios-salvaslip-flexi-&-fresh-normal/8001090766885
48912,Penso diário flexível,5604260320738,10538,10077,Embalagem de 30 unidades,PorSi,,"1,19€/Unidade","1,19€",https://cdn.intermarche.pt/pt/Content/images/boitmal/produit/zoom/3AC54CD97ED6A86A946BBEC858EDADB7.jpg,,/product/penso-diario-flexivel/5604260320738
48910,Penso diário normal,5604260320752,10538,10077,Embalagem de 44 unidades,PorSi,,"1,49€/Unidade","1,49€",https://cdn.intermarche.pt/pt/Content/images/boitmal/produit/zoom/CFED9B30495305B1C503153B58B02CF9.jpg,,/product/penso-diario-normal/5604260320752
48908,Penso diário super,5604260320783,10538,10077,Embalagem de 52 unidades,PorSi,,"1,99€/Unidade","1,99€",https://cdn.intermarche.pt/pt/Content/images/boitmal/produit/zoom/C3D73755E261B1B3D0FD5A9DCA3DD1AF.jpg,,/product/penso-diario-super/5604260320783
6377,Penso Diário Salva Slip,8410108125857,10538,10077,50 Unidades,Evax,,"2,99€/Unidade","2,99€",https://cdn.intermarche.pt/pt/Content/images/boitmal/produit/zoom/F92DC2B01BD95F92650A87F4CB6FD10B.jpg,,/product/penso-diario-salva-slip/8410108125857
48911,Penso diário ultra fino,5604260320745,10538,10077,Embalagem de 30 unidades,PorSi,,"1,15€/Unidade","1,15€",https://cdn.intermarche.pt/pt/Content/images/boitmal/produit/zoom/E840BA438CFA13818BA1521E0D16CE2B.jpg,,/product/penso-diario-ultra-fino/5604260320745
29303,Penso Diário Maxi,8001090793584,10538,10077,1 Embalagem c/30 unidades,Ausonia,,"2,29€/Unidade","2,29€",https://cdn.intermarche.pt/pt/Content/images/boitmal/produit/zoom/7900891FEF9D52FB3F728960A1C7038F.jpg,,/product/penso-diario-maxi/8001090793584
48909,Penso diário super,5604260320790,10538,10077,Embalagem de 36 unidades,PorSi,,"1,69€/Unidade","1,69€",https://cdn.intermarche.pt/pt/Content/images/boitmal/produit/zoom/1CF813BC25886405B85F22EE2FE913EA.jpg,,/product/penso-diario-super/5604260320790
10136,"Pensos diários, maxi, 40 unidades",8410108133326,10538,10077,Uma embalagem,Evax,,"3,19€/Unidade","3,19€",https://cdn.intermarche.pt/pt/Content/images/boitmal/produit/zoom/9A74D780543576241E9DC53B78F4BB8D.jpg,,/product/pensos-diarios-maxi-40-unidades/8410108133326
10139,"Pensos diários maxiplus, 30 unidades",8410108133722,10538,10077,Uma embalagem,Evax,,"3,19€/Unidade","3,19€",https://cdn.intermarche.pt/pt/Content/images/boitmal/produit/zoom/106932310F0E31B5E0C0FFEE0C90BF95.jpg,,/product/pensos-diarios-maxiplus-30-unidades/8410108133722
36001,Penso diário salvaslip multiforma,8001841215556,10538,10077,embalagem de 34 unidades,Evax,,"2,89€/Unidade","2,89€",https://cdn.intermarche.pt/pt/Content/images/boitmal/produit/zoom/2191D8B80E4B26AA2F8CC09984719A27.jpg,,/product/penso-diario-salvaslip-multiforma/8001841215556
36002,Penso diário salvaslip multiforma,8001841234472,10538,10077,embalagem de 58 unidades,Evax,,"4,69€/Unidade","4,69€",https://cdn.intermarche.pt/pt/Content/images/boitmal/produit/zoom/68EC05B3F837544A83C177FE146C48B3.jpg,,/product/penso-diario-salvaslip-multiforma/8001841234472
6359,"Pensos diários, salva slip, adapt, 30 unidades",8410108088763,10538,10077,1 embalagem,Evax,,"2,59€/Unidade","2,59€",https://cdn.intermarche.pt/pt/Content/images/boitmal/produit/zoom/D7F174B7D87F753C601879A39C929536.jpg,,/product/pensos-diarios-salva-slip-adapt-30-unidades/8410108088763
25187,Pensos higiénicos liberty noite abas,8001090371980,10539,10077,Embalagem com 9 un.,Evax,,"2,79€/Unidade","2,79€",https://cdn.intermarche.pt/pt/Content/images/boitmal/produit/zoom/A6B2826A52D2ACC1159A56736009880F.jpg,2024-10-04T22:59:59.999Z,/product/pensos-higienicos-liberty-noite-abas/8001090371980
25184,Pensos higiénicos liberty normal sem abas,8001090371966,10539,10077,Embalagem com 12 un.,Evax,,"2,79€/Unidade","2,79€",https://cdn.intermarche.pt/pt/Content/images/boitmal/produit/zoom/3034F6B8A4D16BF70C85B7D0B23AFA79.jpg,2024-10-04T22:59:59.999Z,/product/pensos-higienicos-liberty-normal-sem-abas/8001090371966
10123,Pensos Higiénicos Cottonlike Super Com Abas,8410108084031,10539,10077,12 unidades,Evax,,"2,59€/Unidade","2,59€",https://cdn.intermarche.pt/pt/Content/images/boitmal/produit/zoom/71FA897B86757A090012B5D94520D30E.jpg,,/product/pensos-higienicos-cottonlike-super-com-abas/8410108084031
48071,Penso Higiénico Ultrafinos Abas,5604260320820,10539,10077,14 unidades,PorSi,,"1,29€/Unidade","1,29€",https://cdn.intermarche.pt/pt/Content/images/boitmal/produit/zoom/1B3F014B4C8AD9B1A985F2ED37DB72E8.jpg,,/product/penso-higienico-ultrafinos-abas/5604260320820
48073,Penso Higiénico Ultrafinos Super Abas,5604260320844,10539,10077,12 unidades,PorSi,,"1,15€/Unidade","1,15€",https://cdn.intermarche.pt/pt/Content/images/boitmal/produit/zoom/6362F83E0A1FEDEDF59DB22AEFB4A6E9.jpg,,/product/penso-higienico-ultrafinos-super-abas/5604260320844
48075,Penso Higiénico Ultrafinos Abas Noite,5604260320868,10539,10077,10 unidades,PorSi,,"1,19€/Unidade","1,19€",https://cdn.intermarche.pt/pt/Content/images/boitmal/produit/zoom/12ADA0D268721D24041379800219E3C0.jpg,,/product/penso-higienico-ultrafinos-abas-noite/5604260320868
14245,Pensos Higiénicos Cottonlike Normal Abas,8410108659024,10539,10077,embalagem de 16 unidades,Evax,,"2,59€/Unidade","2,59€",https://cdn.intermarche.pt/pt/Content/images/boitmal/produit/zoom/D9C1E97E23B19374B55B83A541905683.jpg,,/product/pensos-higienicos-cottonlike-normal-abas/8410108659024
30881,Pensos Higiénicos Fina e Segura Maxi Super,8001090959959,10539,10077,Embalagem c/ 13 Unidades,Evax,,"1,99€/Unidade","1,99€",https://cdn.intermarche.pt/pt/Content/images/boitmal/produit/zoom/8580D8127AB5C664D5E85AE65B05E3F1.jpg,,/product/pensos-higienicos-fina-e-segura-maxi-super/8001090959959
32279,Pensos com Abas de Noite,8001090229168,10539,10077,embalagem com 9 un.,Ausonia,,"2,29€/Unidade","2,29€",https://cdn.intermarche.pt/pt/Content/images/boitmal/produit/zoom/C3F28E71F3D959B26F216E0A65A6AD71.jpg,,/product/pensos-com-abas-de-noite/8001090229168
25186,Pensos higiénicos liberty super abas,8001090370587,10539,10077,Embalagem com 10 un.,Evax,,"2,99€/Unidade","2,99€",https://cdn.intermarche.pt/pt/Content/images/boitmal/produit/zoom/D9DE4C4FB9CB6944929FDDF1020E333E.jpg,,/product/pensos-higienicos-liberty-super-abas/8001090370587
26153,Pensos Higiênicos com Abas Super,8001090229083,10539,10077,embalagem com 12 un.,Ausonia,,"2,29€/Unidade","2,29€",https://cdn.intermarche.pt/pt/Content/images/boitmal/produit/zoom/219E0B3EF05D6DA4905EC8A4376099AF.jpg,,/product/pensos-higienicos-com-abas-super/8001090229083
47754,Pensos Higiénicos Cottonlike Super Plus com Abas,8006540429631,10539,10077,20 unidades,Evax,,"4,99€/Unidade","4,99€",https://cdn.intermarche.pt/pt/Content/images/boitmal/produit/zoom/EF0984685A0DF2E876D664DED1782062.jpg,,/product/pensos-higienicos-cottonlike-super-plus-com-abas/8006540429631
49096,Pensos Higiénicos Normal c/ Abas Fina e Segura,4084500213845,10539,10077,Embalagem c/ 12 Unidades,Evax,,"1,99€/Unidade","1,99€",https://cdn.intermarche.pt/pt/Content/images/boitmal/produit/zoom/E94BDAC0ADE967B3FA49BE55E10CD32A.jpg,,/product/pensos-higienicos-normal-c-ou-abas-fina-e-segura/4084500213845
33042,Pensos Higiénicos Fina e Segura Normal,8410108132886,10539,10077,Embalagem c/ 24 Unidades,Evax,,"2,79€/Unidade","2,79€",https://cdn.intermarche.pt/pt/Content/images/boitmal/produit/zoom/475A16EC1BB827593AA917A43A904263.jpg,,/product/pensos-higienicos-fina-e-segura-normal/8410108132886
47755,Pensos Higiénicos Cottonlike Normal com Abas,8006540429457,10539,10077,32 unidades,Evax,,"4,99€/Unidade","4,99€",https://cdn.intermarche.pt/pt/Content/images/boitmal/produit/zoom/4776F1B7E3D2E1A56A6A904199BD3BDA.jpg,,/product/pensos-higienicos-cottonlike-normal-com-abas/8006540429457
18571,Penso Higiénico Ultrafinos Normal Abas,5604260320806,10539,10077,16 unidades,PorSi,,"1,29€/Unidade","1,29€",https://cdn.intermarche.pt/pt/Content/images/boitmal/produit/zoom/A93F4B2F3D4FAAAAC4665221616BA58C.jpg,,/product/penso-higienico-ultrafinos-normal-abas/5604260320806
48070,Penso Higiénico Ultrafinos Normal Abas,5604260320813,10539,10077,28 unidades,PorSi,,"1,99€/Unidade","1,99€",https://cdn.intermarche.pt/pt/Content/images/boitmal/produit/zoom/0DFFDFEEB2AC2E065EADDE282CDFEEC2.jpg,,/product/penso-higienico-ultrafinos-normal-abas/5604260320813
48072,Penso Higiénico Ultrafinos Normal s/ Abas,5604260320837,10539,10077,28 unidades,PorSi,,"1,69€/Unidade","1,69€",https://cdn.intermarche.pt/pt/Content/images/boitmal/produit/zoom/EC3FFC8868CFBD0A35E961A6B6107A37.jpg,,/product/penso-higienico-ultrafinos-normal-s-ou-abas/5604260320837
6378,"Pensos higiénicos ultra, odor fresh, normal, 20 unidades",8410108659086,10539,10077,1 embalagem,Evax,,"2,59€/Unidade","2,59€",https://cdn.intermarche.pt/pt/Content/images/boitmal/produit/zoom/704F9F019BC99E872D40A40830696793.jpg,,/product/pensos-higienicos-ultra-odor-fresh-normal-20-unidades/8410108659086
20611,Pensos Higiénicos Cottonlike Noite Alas,8001090050892,10539,10077,embalagem de 9 unidades,Evax,,"2,59€/Unidade","2,59€",https://cdn.intermarche.pt/pt/Content/images/boitmal/produit/zoom/2EADC12894CBB5590C6B7D1B5BA130DE.jpg,,/product/pensos-higienicos-cottonlike-noite-alas/8001090050892
37640,Pensos Higiénicos Cotton Protection com Abas 100% Orgânico,8001841543772,10539,10077,10 unidades,Ausonia,,"2,99€/Unidade","2,99€",https://cdn.intermarche.pt/pt/Content/images/boitmal/produit/zoom/69302F9A3802FA92B6C53445087198AE.jpg,,/product/pensos-higienicos-cotton-protection-com-abas-100%25-organico/8001841543772
47752,Pensos Higiénicos com Abas Noite,8006540429662,10539,10077,18 unidades,Evax,,"4,19€/Unidade","4,19€",https://cdn.intermarche.pt/pt/Content/images/boitmal/produit/zoom/F5447101676B2E51A2E81D2D48B413B6.jpg,,/product/pensos-higienicos-com-abas-noite/8006540429662
47756,Pensos Higiénicos Cottonlike Super com Abas,8006540429570,10539,10077,24 unidades,Evax,,"3,99€/Unidade","3,99€",https://cdn.intermarche.pt/pt/Content/images/boitmal/produit/zoom/FAEE2BD740562EB1ED1E4972B2A90E8F.jpg,,/product/pensos-higienicos-cottonlike-super-com-abas/8006540429570
48074,Penso Higiénico Ultrafinos Super Abas,5604260320851,10539,10077,24 unidades,PorSi,,"1,99€/Unidade","1,99€",https://cdn.intermarche.pt/pt/Content/images/boitmal/produit/zoom/90AB9FF27B8F72B08805182DF7AAA143.jpg,,/product/penso-higienico-ultrafinos-super-abas/5604260320851
49079,Pensos Higiénicos Cottonlike Noite Extra Abas,8006540597309,10539,10077,16 unidades,Evax,,"4,99€/Unidade","4,99€",https://cdn.intermarche.pt/pt/Content/images/boitmal/produit/zoom/B0938F1797D3C4D811394A39CB085832.jpg,,/product/pensos-higienicos-cottonlike-noite-extra-abas/8006540597309
10130,Pensos Higiénicos Ultra Air Dry C/ Abas,8410108116213,10539,10077,embalagem com 14 un.,Ausonia,,"2,29€/Unidade","2,29€",https://cdn.intermarche.pt/pt/Content/images/boitmal/produit/zoom/C02C99FDB5EAB5E1AC1F3CE4982D40AC.jpg,,/product/pensos-higienicos-ultra-air-dry-c-ou-abas/8410108116213
10145,Pensos higiénicos Cottonlike Super Plus Com Abas,8410108659062,10539,10077,10 unidades,Evax,,"2,59€/Unidade","2,59€",https://cdn.intermarche.pt/pt/Content/images/boitmal/produit/zoom/052F503AE6C23D8D34742644B0149B2C.jpg,,/product/pensos-higienicos-cottonlike-super-plus-com-abas/8410108659062
25185,Pensos higiénicos liberty normal abas,8001090362841,10539,10077,Embalagem com 12 un.,Evax,,"2,99€/Unidade","2,99€",https://cdn.intermarche.pt/pt/Content/images/boitmal/produit/zoom/97B99DF31F8006FED78847CD0AE5A033.jpg,,/product/pensos-higienicos-liberty-normal-abas/8001090362841
48076,Penso Higiénico Ultrafinos s/ Abas Noite,5604260320875,10539,10077,14 unidades,PorSi,,"1,25€/Unidade","1,25€",https://cdn.intermarche.pt/pt/Content/images/boitmal/produit/zoom/E7F677A374ECE20DFCCBC5D2EEA427E4.jpg,,/product/penso-higienico-ultrafinos-s-ou-abas-noite/5604260320875
51650,Pensos Higiénicos Ultrafina Plus Noite,8006540696224,10539,10077,embalagem com 10 un.,Ausonia,,"2,99€/Unidade","2,99€",https://cdn.intermarche.pt/pt/Content/images/boitmal/produit/zoom/A80B45FF56AC74AE1F5B6C9C3CACD3CE.jpg,,/product/pensos-higienicos-ultrafina-plus-noite/8006540696224
51648,Pensos Higiénicos Ultrafina Plus Normal,8006540696163,10539,10077,embalagem com 16 un.,Ausonia,,"2,99€/Unidade","2,99€",https://cdn.intermarche.pt/pt/Content/images/boitmal/produit/zoom/C143D7E77C9A05110CFAB4C221239162.jpg,,/product/pensos-higienicos-ultrafina-plus-normal/8006540696163
48521,Protegeslip Maxi Plus,8001841266015,10539,10077,20 unidades,Ausonia,,"2,29€/Unidade","2,29€",https://cdn.intermarche.pt/pt/Content/images/boitmal/produit/zoom/3C021226141C2C4333C26BC4A1378F3B.jpg,,/product/protegeslip-maxi-plus/8001841266015
5014,"Pensos higiénicos clássico, 20 unidades",5601028001199,10539,10077,Uma embalagem,Reglex,,"1,38€/Unidade","1,38€",https://cdn.intermarche.pt/pt/Content/images/boitmal/produit/zoom/11BA16EEDCA1E84866877BE4F4FECD0A.jpg,,/product/pensos-higienicos-classico-20-unidades/5601028001199
51649,Pensos Higiénicos Ultrafina Plus Super,8006540696194,10539,10077,embalagem com 14 un.,Ausonia,,"2,99€/Unidade","2,99€",https://cdn.intermarche.pt/pt/Content/images/boitmal/produit/zoom/BE686A11E068B57DD3DAB72E2DA28165.jpg,,/product/pensos-higienicos-ultrafina-plus-super/8006540696194
53555,"Pensos Higiénicos Cotton Protection Normal Abas, 11 unidades",8006540653579,10539,10077,,Ausonia,,"2,99€/Unidade","2,99€",https://cdn.intermarche.pt/pt/Content/images/boitmal/produit/zoom/CED3700FD5F79B6A488BF5DBC00D43AA.jpg,,/product/pensos-higienicos-cotton-protection-normal-abas-11-unidades/8006540653579
53556,"Pensos Higiénicos Cotton Protection Super Abas, 9 unidades",8006540653609,10539,10077,,Ausonia,,"2,99€/Unidade","2,99€",https://cdn.intermarche.pt/pt/Content/images/boitmal/produit/zoom/84E32290E45D66C741CDBACD88FEFCD3.jpg,,/product/pensos-higienicos-cotton-protection-super-abas-9-unidades/8006540653609
6346,Pensos Higiénicos Fina e Segura Normal,8410108006682,10539,10077,Embalagem c/ 16 Unidades,Evax,,"1,99€/Unidade","1,99€",https://cdn.intermarche.pt/pt/Content/images/boitmal/produit/zoom/A2D69842244DF685D82668C72BA930A5.jpg,,/product/pensos-higienicos-fina-e-segura-normal/8410108006682
48918,Tampão super,5604260320905,10540,10077,Embalagem de 32 unidades,PorSi,,"1,89€/Unidade","1,89€",https://cdn.intermarche.pt/pt/Content/images/boitmal/produit/zoom/F78D9E28A100B940E1CA9FDE41AD48C7.jpg,,/product/tampao-super/5604260320905
40778,Tampões Compak Pearl Regular Com Aplicador,8001841536873,10540,10077,16 unidades,Tampax,,"3,99€/Unidade","3,99€",https://cdn.intermarche.pt/pt/Content/images/boitmal/produit/zoom/66328B2CEC40D9C9ABAABEFD1AB081A9.jpg,,/product/tampoes-compak-pearl-regular-com-aplicador/8001841536873
40780,Tampões Super Plus Compak Pearl,8001841536934,10540,10077,16 unidades,Tampax,,"3,99€/Unidade","3,99€",https://cdn.intermarche.pt/pt/Content/images/boitmal/produit/zoom/1C33B2FCA08C6E6734B753235A347B71.jpg,,/product/tampoes-super-plus-compak-pearl/8001841536934
36586,Tampões ProComfort Normal,3574660240030,10540,10077,1 Embalagem c/32 unidades,Ob,,"4,99€/Unidade","4,99€",https://cdn.intermarche.pt/pt/Content/images/boitmal/produit/zoom/415C4417CFD5EA986A9EA57263D43052.jpg,,/product/tampoes-procomfort-normal/3574660240030
40779,Tampões Compak Pearl Super Com Aplicador,8001841536903,10540,10077,16 unidades,Tampax,,"3,99€/Unidade","3,99€",https://cdn.intermarche.pt/pt/Content/images/boitmal/produit/zoom/9BF20AC919ECC70E45B9539FF814481C.jpg,,/product/tampoes-compak-pearl-super-com-aplicador/8001841536903
49083,Tampão super com aplicador compacto,5604260320929,10540,10077,Embalagem de 16 unidades,PorSi,,"1,99€/Unidade","1,99€",https://cdn.intermarche.pt/pt/Content/images/boitmal/produit/zoom/7CC8E24BCE81CC71BCAD038FDA28EF3F.jpg,,/product/tampao-super-com-aplicador-compacto/5604260320929
30260,Tampão Normal,3574660089547,10540,10077,1 Embalagem c/32 unidades,Ob,,"3,99€/Unidade","3,99€",https://cdn.intermarche.pt/pt/Content/images/boitmal/produit/zoom/0696E1E3706178A8B8B3B7D97A979B1F.jpg,,/product/tampao-normal/3574660089547
30261,Tampão Super,3574661350202,10540,10077,1 Embalagem c/32 unidades,Ob,,"4,49€/Unidade","4,49€",https://cdn.intermarche.pt/pt/Content/images/boitmal/produit/zoom/A6C7A614B4F7CDD5C156BEBD4564F90B.jpg,,/product/tampao-super/3574661350202
47426,Tampão Organic Super,3574661610962,10540,10077,Embalagem com 16 unidades,Ob,,"3,99€/Unidade","3,99€",https://cdn.intermarche.pt/pt/Content/images/boitmal/produit/zoom/80E177553EBFCD5E05A955A625F88332.jpg,,/product/tampao-organic-super/3574661610962
48917,Tampão normal,5604260320899,10540,10077,Embalagem de 32 unidades,PorSi,,"1,89€/Unidade","1,89€",https://cdn.intermarche.pt/pt/Content/images/boitmal/produit/zoom/5CD13D92DDB4B81940FD085FA3EB515E.jpg,,/product/tampao-normal/5604260320899
49082,Tampão normal com aplicador compacto,5604260320912,10540,10077,Embalagem de 16 unidades,PorSi,,"1,99€/Unidade","1,99€",https://cdn.intermarche.pt/pt/Content/images/boitmal/produit/zoom/1653F561429C4B643D2312C1B7B9D404.jpg,,/product/tampao-normal-com-aplicador-compacto/5604260320912
19645,Tampões Com Aplicador Compak Regular,4015400715320,10540,10077,22 unidades,Tampax,,"3,99€/Unidade","3,99€",https://cdn.intermarche.pt/pt/Content/images/boitmal/produit/zoom/78BEC05D623D1FBBCEE54648FC8FF960.jpg,,/product/tampoes-com-aplicador-compak-regular/4015400715320
35045,Tampão proteção de confiança,3574660239911,10540,10077,1 Embalagem c/32 unidades,Ob,,"4,99€/Unidade","4,99€",https://cdn.intermarche.pt/pt/Content/images/boitmal/produit/zoom/D28678E6E17028AE0E2E3DFCFDB4BE67.jpg,,/product/tampao-protecao-de-confianca/3574660239911
42035,Tampão Procomfort Normal,3574660240009,10540,10077,Embalagem com 16 unidades,Ob,,"2,69€/Unidade","2,69€",https://cdn.intermarche.pt/pt/Content/images/boitmal/produit/zoom/672332152D88EB2BE0877B0F801955E9.jpg,,/product/tampao-procomfort-normal/3574660240009
47425,Tampão Organic Normal,3574661610900,10540,10077,Embalagem com 16 unidades,Ob,,"3,99€/Unidade","3,99€",https://cdn.intermarche.pt/pt/Content/images/boitmal/produit/zoom/E73DB9B6753C34AD06CE57073FD21C3C.jpg,,/product/tampao-organic-normal/3574661610900
48916,Tampão mini,5604260320882,10540,10077,Embalagem de 32 unidades,PorSi,,"1,79€/Unidade","1,79€",https://cdn.intermarche.pt/pt/Content/images/boitmal/produit/zoom/81E7B7EAE50D9FF1D6B19A52A88C0BDE.jpg,,/product/tampao-mini/5604260320882
49076,Tampão Pearl Regular,8006540458945,10540,10077,24 unidades,Tampax,,"4,99€/Unidade","4,99€",https://cdn.intermarche.pt/pt/Content/images/boitmal/produit/zoom/5E641B0A386F087B6C55AD562E782D5F.jpg,,/product/tampao-pearl-regular/8006540458945
53430,"Tampões Mini ProComfort, 32 unidades",4001683011525,10540,10077,,Ob,,"4,99€/Unidade","4,99€",https://cdn.intermarche.pt/pt/Content/images/boitmal/produit/zoom/5A8D449AAAC0B4A1E7DDEDC0F9989715.jpg,,/product/tampoes-mini-procomfort-32-unidades/4001683011525
10463,Gel Intimo,5604260324163,10541,10077,Embalagem de 250 ml,PorSi,,"7,56€/L","1,89€",https://cdn.intermarche.pt/pt/Content/images/boitmal/produit/zoom/842AD4E1F43248B7D88852693D043C6E.jpg,,/product/gel-intimo/5604260324163
25088,"Emulsão higiene intima sensitive, 200 ml",5609238301139,10541,10077,,Dystron,,"23,95€/L","4,79€",https://cdn.intermarche.pt/pt/Content/images/boitmal/produit/zoom/294B77E66469767E97739B2B672C00AA.jpg,,/product/emulsao-higiene-intima-sensitive-200-ml/5609238301139
19576,Gel anti séptico deoprotect,5609238301122,10541,10077,Garrafa de 400 ml,Dystron,,"19,98€/L","7,99€",https://cdn.intermarche.pt/pt/Content/images/boitmal/produit/zoom/1D6B91223F9435049EAA41CC6B1FDEAA.jpg,,/product/gel-anti-septico-deoprotect/5609238301122
17082,Gel intimo calendula,8002340010079,10541,10077,Garrafa de 250 ml,Fresh & Clean,,"10,76€/L","2,69€",https://cdn.intermarche.pt/pt/Content/images/boitmal/produit/zoom/E3AC285A20D45F1C07F1959BD7D26AA7.jpg,,/product/gel-intimo-calendula/8002340010079
17083,Gel intimo propolis,8002340012028,10541,10077,Embalagem de 250 ml,Fresh & Clean,,"10,76€/L","2,69€",https://cdn.intermarche.pt/pt/Content/images/boitmal/produit/zoom/694F99D1DAAAF3BB6EECD40A8B384F9D.jpg,,/product/gel-intimo-propolis/8002340012028
49245,"Gel Íntimo Fresh, 250 ml",3468080408340,10541,10077,,Corine de Farme,,"19,96€/L","4,99€",https://cdn.intermarche.pt/pt/Content/images/boitmal/produit/zoom/EA6A04EFA671E6C9AEC88F21943E9642.jpg,,/product/gel-intimo-fresh-250-ml/3468080408340
53343,"Gel Intimo Deoprotect, 200ml",5609238301146,10541,10077,,Dystron,,"19,95€/L","3,99€",https://cdn.intermarche.pt/pt/Content/images/boitmal/produit/zoom/483F4EB9515638E6D6339B4680F28076.jpg,,/product/gel-intimo-deoprotect-200ml/5609238301146
53658,Creme Higiene Íntima Dermoprotetor,4052199600697,10541,10077,Embalagem de 200ml,Lindor,,"39,95€/L","7,99€",https://cdn.intermarche.pt/pt/Content/images/boitmal/produit/zoom/9B4E4ACC04A3E1B7A50F7CD24B201361.jpg,,/product/creme-higiene-intima-dermoprotetor/4052199600697
53659,Mousse Íntima de Limpeza,4052199600994,10541,10077,Embalagem de 400ml,Lindor,,"19,98€/L","7,99€",https://cdn.intermarche.pt/pt/Content/images/boitmal/produit/zoom/7FE4E0FF4D0D67FA6C06B739C637EA71.jpg,,/product/mousse-intima-de-limpeza/4052199600994
53761,Sérum Hidratante Diário Zona Íntima,8700216073509,10541,10077,Embalagem de 50ml,Satin Care,,"299,80€/L","14,99€",https://cdn.intermarche.pt/pt/Content/images/boitmal/produit/zoom/4A65497BA96EC694504A68AF1E069B52.jpg,,/product/serum-hidratante-diario-zona-intima/8700216073509
19577,Gel anti séptico sensitive,5609238301115,10541,10077,Embalagem de 400 ml,Dystron,,"24,98€/L","9,99€",https://cdn.intermarche.pt/pt/Content/images/boitmal/produit/zoom/0181904437515071CC26817FAF205604.jpg,,/product/gel-anti-septico-sensitive/5609238301115
7455,"Toalhitas intimas, 20 unidades",3250390811817,10698,10077,Uma embalagem,Labell,,"0,89€/Unidade","0,89€",https://cdn.intermarche.pt/pt/Content/images/boitmal/produit/zoom/EEE3E54C43CDD821323F489539AEDFD7.jpg,,/product/toalhitas-intimas-20-unidades/3250390811817
4164,"Toalhetes Íntimos Suaves, embalagem com 10 un.",3468080603042,10698,10077,,Corine de Farme,,"2,19€/Unidade","2,19€",https://cdn.intermarche.pt/pt/Content/images/boitmal/produit/zoom/FEFE7017D30D28A53D6F5A7C3D67E1BB.jpg,,/product/toalhetes-intimos-suaves-embalagem-com-10-un./3468080603042
48060,Toalhitas intimas com aloé vera,3574661506272,10698,10077,20 unidades,Carefree,,"1,69€/Unidade","1,69€",https://cdn.intermarche.pt/pt/Content/images/boitmal/produit/zoom/5AF285AA2F35327ECE53A3BFAE269A46.jpg,,/product/toalhitas-intimas-com-aloe-vera/3574661506272
48067,"Pensos incontinência homem, 10 unidades",5604260320981,11768,10077,,PorSi,,"1,95€/Unidade","1,95€",https://cdn.intermarche.pt/pt/Content/images/boitmal/produit/zoom/7BE721C980EEC0801CB377BFD6A98BC9.jpg,,/product/pensos-incontinencia-homem-10-unidades/5604260320981
35942,Resguardos de cama,5604260289042,11768,10077,20 unidades de 60 x 90 cm ,PorSi,,"8,99€/Unidade","8,99€",https://cdn.intermarche.pt/pt/Content/images/boitmal/produit/zoom/FFBA5CB8CC781472266B2977D02845C4.jpg,,/product/resguardos-de-cama/5604260289042
26077,Salva Camas 60 x 60 cm,5604260279708,11768,10077,Embalagem com 20 un.,PorSi,,"4,89€/Unidade","4,89€",https://cdn.intermarche.pt/pt/Content/images/boitmal/produit/zoom/A5EB42FE48268C51D1C6BDFA81C4DF5D.jpg,,/product/salva-camas-60-x-60-cm/5604260279708
48066,Pensos incontinência maxi noite,5604260320974,11768,10077,12 unidades,PorSi,,"2,99€/Unidade","2,99€",https://cdn.intermarche.pt/pt/Content/images/boitmal/produit/zoom/A9FEFEF8ADC3A3EB51F3D73B7247EB64.jpg,,/product/pensos-incontinencia-maxi-noite/5604260320974
48063,Pensos incontinência normal,5604260320943,11768,10077,24 unidades,PorSi,,"3,19€/Unidade","3,19€",https://cdn.intermarche.pt/pt/Content/images/boitmal/produit/zoom/7CDC83B2BC6CCCE658D36458883FE670.jpg,,/product/pensos-incontinencia-normal/5604260320943
48065,Pensos incontinência maxi,5604260320967,11768,10077,28 unidades,PorSi,,"5,99€/Unidade","5,99€",https://cdn.intermarche.pt/pt/Content/images/boitmal/produit/zoom/38AAEF5C8576B8F50BCDF9E5386EF62A.jpg,,/product/pensos-incontinencia-maxi/5604260320967
52161,Fraldas Incontinência Plus M,5604260326617,11768,10077,20 unidades,PorSi,,"6,99€/Unidade","6,99€",https://cdn.intermarche.pt/pt/Content/images/boitmal/produit/zoom/ED5F1E27C4D6BCA81BA22BEB0E092EEC.jpg,,/product/fraldas-incontinencia-plus-m/5604260326617
48064,Pensos incontinência super,5604260320950,11768,10077,20 unidades,PorSi,,"3,19€/Unidade","3,19€",https://cdn.intermarche.pt/pt/Content/images/boitmal/produit/zoom/4140235B7BDED90BCFD3E9480979888A.jpg,,/product/pensos-incontinencia-super/5604260320950
48068,Fraldas incontinência super M,5604260319855,11768,10077,20 unidades,PorSi,,"8,99€/Unidade","8,99€",https://cdn.intermarche.pt/pt/Content/images/boitmal/produit/zoom/56297544C0114670E6A5764507347A7B.jpg,,/product/fraldas-incontinencia-super-m/5604260319855
48096,Cuecas Adulto Incontinência Plus L,5604260317059,11768,10077,14 unidades,PorSi,,"8,99€/Unidade","8,99€",https://cdn.intermarche.pt/pt/Content/images/boitmal/produit/zoom/E94CD40C218C3F421AA90B0724012050.jpg,,/product/cuecas-adulto-incontinencia-plus-l/5604260317059
21773,Cuecas de incontinência médias,8001090125408,11768,10077,Embalagem com 8 unidades,Ausonia Discreet,,"6,99€/Unidade","6,99€",https://cdn.intermarche.pt/pt/Content/images/boitmal/produit/zoom/8B736FB9952ADD4EDCA4961A5383278C.jpg,,/product/cuecas-de-incontinencia-medias/8001090125408
21774,Cuecas de incontinência grandes,8001090232700,11768,10077,Embalagem com 7 unidades,Ausonia Discreet,,"7,99€/Unidade","7,99€",https://cdn.intermarche.pt/pt/Content/images/boitmal/produit/zoom/2F9E398834221C57228BBB680DFE93AE.jpg,,/product/cuecas-de-incontinencia-grandes/8001090232700
44986,"Pensos Incontinência Mulher Lady Super, 30 unidades",7322541176413,11768,10077,,Tena,,"13,99€/Unidade","13,99€",https://cdn.intermarche.pt/pt/Content/images/boitmal/produit/zoom/B0FE5A6AEDF0A139FB289F315AD48563.jpg,,/product/pensos-incontinencia-mulher-lady-super-30-unidades/7322541176413
46493,Cueca de Incontinência Adulto M,5604260318810,11768,10077,Embalagem com 14 unidades,PorSi,,"11,69€/Unidade","11,69€",https://cdn.intermarche.pt/pt/Content/images/boitmal/produit/zoom/D708E0CEC54E2D20B2E01EE80DC63B35.jpg,,/product/cueca-de-incontinencia-adulto-m/5604260318810
46732,"Pensos Incontinência Mulher Discreet Mini Ultra, 20 unidades",7322541096353,11768,10077,,Tena,,"4,25€/Unidade","4,25€",https://cdn.intermarche.pt/pt/Content/images/boitmal/produit/zoom/B7B83EDECEB6805EAA48F4BA7D91727D.jpg,,/product/pensos-incontinencia-mulher-discreet-mini-ultra-20-unidades/7322541096353
47689,Cueca de Incontinência Discreet L,5604260319718,11768,10077,8 unidades,PorSi,,"6,79€/Unidade","6,79€",https://cdn.intermarche.pt/pt/Content/images/boitmal/produit/zoom/2A5003CFD600325400AD1D70BFD8C62D.jpg,,/product/cueca-de-incontinencia-discreet-l/5604260319718
48200,Cueca de Incontinência Homem L,5604260319633,11768,10077,Embalagem de 8 unidades,PorSi,,"6,59€/Unidade","6,59€",https://cdn.intermarche.pt/pt/Content/images/boitmal/produit/zoom/F6DB9EBC52E6C7ECC2B01095BA1C90EE.jpg,,/product/cueca-de-incontinencia-homem-l/5604260319633
54526,"Pensos Incontinência Discreet Mini Plus, 20un.",8700216280570,11768,10077,,Ausonia Discreet,,"4,99€/Unidade","4,99€",https://cdn.intermarche.pt/pt/Content/images/boitmal/produit/zoom/AA88E81343B5C104450AE533FE31CDED.jpg,,/product/pensos-incontinencia-discreet-mini-plus-20un./8700216280570
54528,"Pensos Incontinência Discreet Extra, 12un.",8700216280631,11768,10077,,Ausonia Discreet,,"3,99€/Unidade","3,99€",https://cdn.intermarche.pt/pt/Content/images/boitmal/produit/zoom/6F037AFB8B97275CB035E4B61B2B6BE9.jpg,,/product/pensos-incontinencia-discreet-extra-12un./8700216280631
54529,"Pensos Incontinência Discreet Maxi, 10un.",8700216280716,11768,10077,,Ausonia Discreet,,"6,69€/Unidade","6,69€",https://cdn.intermarche.pt/pt/Content/images/boitmal/produit/zoom/D4E80F8422F6876C46E2D0B0815B2DA3.jpg,,/product/pensos-incontinencia-discreet-maxi-10un./8700216280716
48069,Fraldas incontinência super L,5604260319862,11768,10077,20 unidades,PorSi,,"9,99€/Unidade","9,99€",https://cdn.intermarche.pt/pt/Content/images/boitmal/produit/zoom/2B8A5CBABC5312703288DE1CBE7194B4.jpg,,/product/fraldas-incontinencia-super-l/5604260319862
48198,Cueca de Incontinência Discreet M,5604260319725,11768,10077,Embalagem de 9 unidades,PorSi,,"6,79€/Unidade","6,79€",https://cdn.intermarche.pt/pt/Content/images/boitmal/produit/zoom/6667AC909E8AFC5FCEADE9100475A577.jpg,,/product/cueca-de-incontinencia-discreet-m/5604260319725
48062,Pensos incontinência mini,5604260320936,11768,10077,20 unidades,PorSi,,"1,99€/Unidade","1,99€",https://cdn.intermarche.pt/pt/Content/images/boitmal/produit/zoom/091E7C99C1CB22F22675323E730315D9.jpg,,/product/pensos-incontinencia-mini/5604260320936
48905,Fraldas Incontinência Plus S,5604260319879,11768,10077,Embalagem de 14 unidades,PorSi,,"5,59€/Unidade","5,59€",https://cdn.intermarche.pt/pt/Content/images/boitmal/produit/zoom/C65C898D7C2139D3DBDD9F0D3DB27095.jpg,,/product/fraldas-incontinencia-plus-s/5604260319879
25931,Espuma de Barbear Protectora,4005808222490,11316,10068,Embalagem de 200 ml,Nivea Men,,"18,70€/L","3,74€",https://cdn.intermarche.pt/pt/Content/images/boitmal/produit/zoom/DB189B8914EC01026E2510F9A670AC4F.jpg,2024-09-25T22:59:59.999Z,/product/espuma-de-barbear-protectora/4005808222490
25822,After Shave Bálsamo Hidratante,4005808221660,11316,10068,Embalagem de 100 ml,Nivea Men,,"55,90€/L","5,59€",https://cdn.intermarche.pt/pt/Content/images/boitmal/produit/zoom/E58F1E1FCC39E84FEBA17575E24943D4.jpg,2024-09-25T22:59:59.999Z,/product/after-shave-balsamo-hidratante/4005808221660
26075,Gel de Barbear Protetor,4005808223008,11316,10068,Embalagem de 200 ml,Nivea Men,,"22,45€/L","4,49€",https://cdn.intermarche.pt/pt/Content/images/boitmal/produit/zoom/7B8B9175545CBEFA08DA30D8FBC09A0A.jpg,2024-09-25T22:59:59.999Z,/product/gel-de-barbear-protetor/4005808223008
48054,After Shave Loção,4005808753475,11316,10068,Embalagem de 100 ml,Nivea Men,,"67,40€/L","6,74€",https://cdn.intermarche.pt/pt/Content/images/boitmal/produit/zoom/80E6048B9A49715D0F89C571F7C3EBFE.jpg,2024-09-25T22:59:59.999Z,/product/after-shave-locao/4005808753475
53546,Máquina de Barbear Mach 3 Turbo com 2 Recargas,8001090742971,11316,10068,,Gillette,,"8,39€/Unidade","8,39€",https://cdn.intermarche.pt/pt/Content/images/boitmal/produit/zoom/C74562D879509E78D7C35527F785C328.jpg,2024-09-25T22:59:59.999Z,/product/maquina-de-barbear-mach-3-turbo-com-2-recargas/8001090742971
3903,Espuma de barbear para peles sensíveis,3250391282807,11316,10068,Embalagem de 250 ml,Labell Men,,"5,16€/L","1,29€",https://cdn.intermarche.pt/pt/Content/images/boitmal/produit/zoom/ACEE87C5D3E115133DD6E932F33C23FA.jpg,,/product/espuma-de-barbear-para-peles-sensiveis/3250391282807
43602,Gillette Mach3 Máquina De Barbear Para Homem Recargas,7702018579013,11316,10068,4 unidades,Gillette,,"12,79€/Unidade","12,79€",https://cdn.intermarche.pt/pt/Content/images/boitmal/produit/zoom/9F52E1A3CA699A20EE01A0DBDA88CEE9.jpg,,/product/gillette-mach3-maquina-de-barbear-para-homem-recargas/7702018579013
46896,"Máquinas Descartáveis Blue II, 5 unidades + 1 grátis",3014260294243,11316,10068,,Gillette,,"2,99€/Unidade","2,99€",https://cdn.intermarche.pt/pt/Content/images/boitmal/produit/zoom/37F011EECF7E0E8D64842780E425F007.jpg,,/product/maquinas-descartaveis-blue-ii-5-unidades-+-1-gratis/3014260294243
43598,Fusion5 Máquina De Barbear Para Homem Recargas,7702018561575,11316,10068,4 unidades,Gillette,,"17,49€/Unidade","17,49€",https://cdn.intermarche.pt/pt/Content/images/boitmal/produit/zoom/C254324D45A606C7F7D97703FE3E1893.jpg,,/product/fusion5-maquina-de-barbear-para-homem-recargas/7702018561575
15394,Máquina de barbear descartável,7702018959938,11316,10068,Embalagem com 4+1 unidades,Gillette,,"5,29€/Unidade","5,29€",https://cdn.intermarche.pt/pt/Content/images/boitmal/produit/zoom/0B8922A4D8914897451B52D0D0F68B7E.jpg,,/product/maquina-de-barbear-descartavel/7702018959938
7460,After shave bálsamo sensitive,3250390837855,11316,10068,Embalagem de 100 ml,Labell Men,,"19,90€/L","1,99€",https://cdn.intermarche.pt/pt/Content/images/boitmal/produit/zoom/117A95AEB4A35D2AC6B2DBC58CFBE2B7.jpg,,/product/after-shave-balsamo-sensitive/3250390837855
4518,Espuma de Barbear Sensitive,4005808222728,11316,10068,Embalagem de 200 ml,Nivea Men,,"27,45€/L","5,49€",https://cdn.intermarche.pt/pt/Content/images/boitmal/produit/zoom/C061FC49D7F9E7D169C95A509F3DC1C1.jpg,,/product/espuma-de-barbear-sensitive/4005808222728
7191,"Máquina descartável blue ii fixa, 20 unidades",3014260209148,11316,10068,,Gillette,,"7,89€/Unidade","7,89€",https://cdn.intermarche.pt/pt/Content/images/boitmal/produit/zoom/BD995B765B7D2CAEEC2CEEF3C78C8776.jpg,,/product/maquina-descartavel-blue-ii-fixa-20-unidades/3014260209148
7261,"Máquina descartável sensitive, 5 unidades",3086125705010,11316,10068,Uma embalagem,Bic,,"1,69€/Unidade","1,69€",https://cdn.intermarche.pt/pt/Content/images/boitmal/produit/zoom/3DB3A522B1592FFD7C41E091812A3F28.jpg,,/product/maquina-descartavel-sensitive-5-unidades/3086125705010
12666,"Carregador, 6 lâminas, 4 recargas",3250391896400,11316,10068,1 embalagem,Labell Men,,"5,69€/Unidade","5,69€",https://cdn.intermarche.pt/pt/Content/images/boitmal/produit/zoom/D833B5C56134A48A374A1A38C0EA72B4.jpg,,/product/carregador-6-laminas-4-recargas/3250391896400
24392,"Gel de barbear, peles sensíveis",3250390737742,11316,10068,Embalagem de 200 ml,Labell,,"7,60€/L","1,52€",https://cdn.intermarche.pt/pt/Content/images/boitmal/produit/zoom/D940E7BFF4A99D007A8A9B0A6B8919D4.jpg,,/product/gel-de-barbear-peles-sensiveis/3250390737742
4577,"Creme de barbear, sensitive",4011200115902,11316,10068,Embalagem de 100 ml,Palmolive,,"34,90€/L","3,49€",https://cdn.intermarche.pt/pt/Content/images/boitmal/produit/zoom/62F30DCE8D03C9474F1BE6467A2C08CD.jpg,,/product/creme-de-barbear-sensitive/4011200115902
46736,After shave balsamo sensitive,4005900735690,11316,10068,Embalagem de 100 ml,Nivea Men,,"64,90€/L","6,49€",https://cdn.intermarche.pt/pt/Content/images/boitmal/produit/zoom/BA83F3E1A6E46C5A02371465A2A77A14.jpg,,/product/after-shave-balsamo-sensitive/4005900735690
47688,Máquina de barbear descartável sensitive,7702018476626,11316,10068,Embalagem com 4 + 1 unidade,Gillette,,"5,49€/Unidade","5,49€",https://cdn.intermarche.pt/pt/Content/images/boitmal/produit/zoom/11C2AB75955EFF9F6639C77E904B1119.jpg,,/product/maquina-de-barbear-descartavel-sensitive/7702018476626
47858,Espuma de Barbear Sensitive Pro,4005900874283,11316,10068,Embalagem de 200 ml,Nivea Men,,"28,45€/L","5,69€",https://cdn.intermarche.pt/pt/Content/images/boitmal/produit/zoom/E27D58824614BAACF6ABAB48E5DB6D8B.jpg,,/product/espuma-de-barbear-sensitive-pro/4005900874283
49263,Gel Fusion Sensitive,7702018617074,11316,10068,Embalagem de 200 ml,Gillette,,"24,95€/L","4,99€",https://cdn.intermarche.pt/pt/Content/images/boitmal/produit/zoom/3FFAAFA5C4347E7C3B800E2A14CE68EF.jpg,,/product/gel-fusion-sensitive/7702018617074
6259,After shave black,8008970004327,11316,10068,Embalagem de 100 ml,Denim,,"49,90€/L","4,99€",https://cdn.intermarche.pt/pt/Content/images/boitmal/produit/zoom/88D605453DDBFDCBB2D3C5E909166B89.jpg,,/product/after-shave-black/8008970004327
7448,After shave loção azul,3250390736806,11316,10068,Embalagem de 100 ml,Labell Men,,"19,90€/L","1,99€",https://cdn.intermarche.pt/pt/Content/images/boitmal/produit/zoom/CF06D647960BF8B43C1EAF1FD23EDE5A.jpg,,/product/after-shave-locao-azul/3250390736806
12273,Espuma Barbear Series Pele Sensível c/ Aloé Vera,8006540765418,11316,10068,250 ml,Gillette,,"17,96€/L","4,49€",https://cdn.intermarche.pt/pt/Content/images/boitmal/produit/zoom/108844F141066A6706D77CD730768B9B.jpg,,/product/espuma-barbear-series-pele-sensivel-c-ou-aloe-vera/8006540765418
12665,Máquina de barbear c/ 2 recargas de 6 lâminas,3250391896370,11316,10068,,Labell Men,,"7,99€/Unidade","7,99€",https://cdn.intermarche.pt/pt/Content/images/boitmal/produit/zoom/207F41F363ECE1913EAC60EBC79992EE.jpg,,/product/maquina-de-barbear-c-ou-2-recargas-de-6-laminas/3250391896370
19696,"Máquina descartável, Bic3 Action",3086123399334,11316,10068,Emabalagem com 6 + 2 unidades,Bic,,"5,49€/Unidade","5,49€",https://cdn.intermarche.pt/pt/Content/images/boitmal/produit/zoom/06AF8BA9CCB1A06EFC2F81F95AECFAE5.jpg,,/product/maquina-descartavel-bic3-action/3086123399334
20397,Máquina de barbear clássica,4027800015504,11316,10068,1 unidade + 5 laminas,Wilkinson,,"7,49€/Unidade","7,49€",https://cdn.intermarche.pt/pt/Content/images/boitmal/produit/zoom/7F615281D1A4596A73C30F5023815E5F.jpg,,/product/maquina-de-barbear-classica/4027800015504
23508,After Shave Bálsamo Skin Ultra Sensitive,7702018607327,11316,10068,100 ml,Gillette,,"89,90€/L","8,99€",https://cdn.intermarche.pt/pt/Content/images/boitmal/produit/zoom/98AEB3B74E101FE1A3192BF6D9B99BE3.jpg,,/product/after-shave-balsamo-skin-ultra-sensitive/7702018607327
27937,Máquina Descartável Flex 5,3086123492868,11316,10068,1 Embalagem c/3 unidades,Bic,,"8,99€/Unidade","8,99€",https://cdn.intermarche.pt/pt/Content/images/boitmal/produit/zoom/6E550BB0C933CF414145DBE0C80A2A05.jpg,,/product/maquina-descartavel-flex-5/3086123492868
30656,Lâminas Descartáveis Venus Oceana,7702018070657,11316,10068,Embalagem de 4 unidades,Gillette,,"8,99€/Unidade","8,99€",https://cdn.intermarche.pt/pt/Content/images/boitmal/produit/zoom/42C4B2F43B655117C75CBED049C8AE20.jpg,,/product/laminas-descartaveis-venus-oceana/7702018070657
31952,Cera BarberClub Barba e Cabelo,3600523528707,11316,10068,75 ml,L'oreal Men Expert,,"79,87€/L","5,99€",https://cdn.intermarche.pt/pt/Content/images/boitmal/produit/zoom/157C8F31A3EB324B68B8FAA2AEE10AFC.jpg,,/product/cera-barberclub-barba-e-cabelo/3600523528707
3615,Creme de barbear classic,3015810608817,11316,10068,Embalagem de 100 ml,Palmolive,,"34,90€/L","3,49€",https://cdn.intermarche.pt/pt/Content/images/boitmal/produit/zoom/2750B52849BE9B5C4D6D9B538DF75B1A.jpg,,/product/creme-de-barbear-classic/3015810608817
3678,Máquina Descartável Confort 3 Green,3086126778631,11316,10068,4 Unidades + 2 Unidades Grátis,Bic,,"5,99€/Unidade","5,99€",https://cdn.intermarche.pt/pt/Content/images/boitmal/produit/zoom/D01EFF3C68EF94762D7C6DDA9D8D7D72.jpg,,/product/maquina-descartavel-confort-3-green/3086126778631
36799,Máquinas descartáveis blue II plus,7702018467266,11316,10068,embalagem de 15 unidades + 5 grátis,Gillette,,"8,99€/Unidade","8,99€",https://cdn.intermarche.pt/pt/Content/images/boitmal/produit/zoom/DC7941077FE469C16DD5E1C394B24A72.jpg,,/product/maquinas-descartaveis-blue-ii-plus/7702018467266
37488,Máquina de barbear descartável Comfort Flex 3,3086123534506,11316,10068,embalagem com 4 un. + 2 grátis,Bic,,"6,99€/Unidade","6,99€",https://cdn.intermarche.pt/pt/Content/images/boitmal/produit/zoom/D187223A251BAE7252B7B5B0BD1DA55C.jpg,,/product/maquina-de-barbear-descartavel-comfort-flex-3/3086123534506
41789,Máquina King Duplo Gume + 5 Recargas,7702018545186,11316,10068,1 unidade,Gillette,,"19,99€/Unidade","19,99€",https://cdn.intermarche.pt/pt/Content/images/boitmal/produit/zoom/D550AE3AEB5365CD768F832FF8C3E589.jpg,,/product/maquina-king-duplo-gume-+-5-recargas/7702018545186
41791,Gel Limpeza King Barba & Cara,8001841705637,11316,10068,Embalagem de 350 ml,Gillette,,"28,54€/L","9,99€",https://cdn.intermarche.pt/pt/Content/images/boitmal/produit/zoom/36BC83150FECD48FBCAAB16AD2979C8D.jpg,,/product/gel-limpeza-king-barba-&-cara/8001841705637
41792,After Shave King Suave para Barba,8001841705712,11316,10068,Embalagem de 100 ml,Gillette,,"99,90€/L","9,99€",https://cdn.intermarche.pt/pt/Content/images/boitmal/produit/zoom/E8B8C375B3569B3654F09389550EBB3E.jpg,,/product/after-shave-king-suave-para-barba/8001841705712
41793,Óleo King Barba,8001841705750,11316,10068,Embalagem de 30 ml,Gillette,,"333,00€/L","9,99€",https://cdn.intermarche.pt/pt/Content/images/boitmal/produit/zoom/77B5FF33A2FC963C99CACDF2E0EA0343.jpg,,/product/oleo-king-barba/8001841705750
41794,Máquina King Barbear Pescoço,7702018545292,11316,10068,1 unidade,Gillette,,"14,99€/Unidade","14,99€",https://cdn.intermarche.pt/pt/Content/images/boitmal/produit/zoom/27499235DDCB646BEF75046400677EF1.jpg,,/product/maquina-king-barbear-pescoco/7702018545292
4218,"Creme anti.fadiga, hydra energetic",3600520297712,11317,10068,Embalagem de 50 ml,L'oreal Men Expert,,"156,00€/L","7,80€",https://cdn.intermarche.pt/pt/Content/images/boitmal/produit/zoom/F1EAEC07F084865F01DA41D5FBC8B167.jpg,2024-10-04T22:59:59.999Z,/product/creme-anti.fadiga-hydra-energetic/3600520297712
51420,Creme Gel de Limpeza Facial,3600524030551,11317,10068,100 ml,L'oreal Men Expert,,"47,90€/L","4,79€",https://cdn.intermarche.pt/pt/Content/images/boitmal/produit/zoom/00FCFE51B0346BB368CBA3D5891EB54C.jpg,2024-10-04T22:59:59.999Z,/product/creme-gel-de-limpeza-facial/3600524030551
51421,Creme Rosto Magnesium Defense,3600524030216,11317,10068,50 ml,L'oreal Men Expert,,"159,80€/L","7,99€",https://cdn.intermarche.pt/pt/Content/images/boitmal/produit/zoom/293DBB5BFD2F260344355F5D7258A76D.jpg,2024-10-04T22:59:59.999Z,/product/creme-rosto-magnesium-defense/3600524030216
53603,Creme Contorno de Olhos Men Expert Power Age,3600523576975,11317,10068,Embalagem de 15ml,L'oreal,,"652,67€/L","9,79€",https://cdn.intermarche.pt/pt/Content/images/boitmal/produit/zoom/131898B4EC0E6FC8CC38DF981AF86247.jpg,2024-10-04T22:59:59.999Z,/product/creme-contorno-de-olhos-men-expert-power-age/3600523576975
53612,Sérum Facial Antirrugas Power Age,3600524075743,11317,10068,Embalagem de 30ml,L'oreal Men Expert,,"373,00€/L","11,19€",https://cdn.intermarche.pt/pt/Content/images/boitmal/produit/zoom/1FE557FD04BD3FC173C7197F2A883ADB.jpg,2024-10-04T22:59:59.999Z,/product/serum-facial-antirrugas-power-age/3600524075743
29933,"Mascara Carvão 3 em 1 Anti Pontos Negros, 150 ml",3600541895560,11317,10068,,Garnier,,"59,93€/L","8,99€",https://cdn.intermarche.pt/pt/Content/images/boitmal/produit/zoom/B87010B3B88EA1014002B6EB65A1661D.jpg,,/product/mascara-carvao-3-em-1-anti-pontos-negros-150-ml/3600541895560
44591,Creme para homem universal original,4005900743886,11317,10068,lata com 150 ml,Nivea Men,,"33,27€/L","4,99€",https://cdn.intermarche.pt/pt/Content/images/boitmal/produit/zoom/C15C8719A540DC2A158D39F43F1C4833.jpg,,/product/creme-para-homem-universal-original/4005900743886
47860,Creme de rosto sensitive pro,4005900879547,11317,10068,Embalagem de 75 ml,Nivea Men,,"159,87€/L","11,99€",https://cdn.intermarche.pt/pt/Content/images/boitmal/produit/zoom/28CEED259BEE4812D5355F1B270A0BB6.jpg,,/product/creme-de-rosto-sensitive-pro/4005900879547
51289,"Creme de Rosto, Corpo e Mãos Men Hidratante Fresh",0000042398110,11317,10068,Embalagem de 75ml,Nivea Men,,"46,53€/L","3,49€",https://cdn.intermarche.pt/pt/Content/images/boitmal/produit/zoom/BBD92C196B2DDBAF0256AEC939210AEC.jpg,,/product/creme-de-rosto-corpo-e-maos-men-hidratante-fresh/0000042398110
51891,"Gel de Limpeza de Rosto Sensitive, 100 ml",4005808224845,11317,10068,,Nivea Men,,"74,90€/L","7,49€",https://cdn.intermarche.pt/pt/Content/images/boitmal/produit/zoom/1DB9BC8F1C1F9625EFA28206BFE8C755.jpg,,/product/gel-de-limpeza-de-rosto-sensitive-100-ml/4005808224845
53379,"Sérum Hyaluron Anti-Age Power Homem, 30ml",4006000020761,11317,10068,,Nivea Men,,"566,33€/L","16,99€",https://cdn.intermarche.pt/pt/Content/images/boitmal/produit/zoom/5E0B9D11FEFE2D4C42D4ACC4CB5CC112.jpg,,/product/serum-hyaluron-anti-age-power-homem-30ml/4006000020761
53721,Creme de Rosto Labs Hidratante Rápida Absorção,8001090736475,11317,10068,Embalagem de 100ml,Gillette,,"99,90€/L","9,99€",https://cdn.intermarche.pt/pt/Content/images/boitmal/produit/zoom/540E3408DDB30CDC50DF3AE8FD5890B9.jpg,,/product/creme-de-rosto-labs-hidratante-rapida-absorcao/8001090736475
54575,"Creme Dia Antirugas Q10 Men, 50ml",5604260325146,11317,10068,,Labell Men,,"47,80€/L","2,39€",https://cdn.intermarche.pt/pt/Content/images/boitmal/produit/zoom/797C18EF40161E50EC3BD7226952EF48.jpg,,/product/creme-dia-antirugas-q10-men-50ml/5604260325146
11119,Creme vitalift 5,3600522021360,11317,10068,Embalagem de 50 ml,L'oreal Men Expert,,"279,80€/L","13,99€",https://cdn.intermarche.pt/pt/Content/images/boitmal/produit/zoom/59C519A637427C58B348F741545E7E52.jpg,,/product/creme-vitalift-5/3600522021360
51173,Gel p/ Cabelo Efeito Extremo,3250393094491,11318,10068,Embalagem de 250 ml,Labell,,"6,36€/L","1,59€",https://cdn.intermarche.pt/pt/Content/images/boitmal/produit/zoom/0CDD9A04F4852F248D3F77BE15298CAD.jpg,,/product/gel-p-ou-cabelo-efeito-extremo/3250393094491
45551,Champô anti-caspa limpeza profunda e alívio da comichão,8001841993904,11318,10068,300 ml,H&S,,"21,97€/L","6,59€",https://cdn.intermarche.pt/pt/Content/images/boitmal/produit/zoom/9D4695ABF3865F4D38210A47A84CB551.jpg,,/product/champo-anti-caspa-limpeza-profunda-e-alivio-da-comichao/8001841993904
41148,Champô para homem sport mentol,8710522571453,11318,10068,embalagem de 225 ml,Linic,,"19,96€/L","4,49€",https://cdn.intermarche.pt/pt/Content/images/boitmal/produit/zoom/A7258739EDD0A14439EE6F5C49789E9D.jpg,,/product/champo-para-homem-sport-mentol/8710522571453
51100,Champô Prevenção Queda,8006540748701,11318,10068,Embalagem de 300 ml,H&S,,"19,97€/L","5,99€",https://cdn.intermarche.pt/pt/Content/images/boitmal/produit/zoom/E0359625E07319AE63376A1331E89FE4.jpg,,/product/champo-prevencao-queda/8006540748701
41147,Champô para homem anti-queda,8710522571460,11318,10068,embalagem de 225 ml,Linic,,"17,73€/L","3,99€",https://cdn.intermarche.pt/pt/Content/images/boitmal/produit/zoom/1B0F25631C9C9722142761B2BE9AB692.jpg,,/product/champo-para-homem-anti-queda/8710522571460
51039,Champô Derma X Pro Calmante,8006540445761,11318,10068,300 ml,H&S,,"21,97€/L","6,59€",https://cdn.intermarche.pt/pt/Content/images/boitmal/produit/zoom/488ACFAD97317BB129F100987F53B9B5.jpg,,/product/champo-derma-x-pro-calmante/8006540445761
45552,Champô anti-caspa limpeza profunda purificante,8001841993874,11318,10068,300 ml,H&S,,"21,97€/L","6,59€",https://cdn.intermarche.pt/pt/Content/images/boitmal/produit/zoom/71784009BAD4838BFC36A6DD6C321111.jpg,,/product/champo-anti-caspa-limpeza-profunda-purificante/8001841993874
51174,Gel p/ Cabelo Efeito Molhado,3250393094552,11318,10068,Embalagem de 250 ml,Labell,,"6,36€/L","1,59€",https://cdn.intermarche.pt/pt/Content/images/boitmal/produit/zoom/218F6B21D2A4D553FB5B137298F68BE1.jpg,,/product/gel-p-ou-cabelo-efeito-molhado/3250393094552
43649,Champô + Condicionador Eficácia Ativa 2 em 1,8710847961236,11318,10068,embalagem de 360 ml,Linic,,"16,64€/L","5,99€",https://cdn.intermarche.pt/pt/Content/images/boitmal/produit/zoom/B8BD170901E1A9C4BDD3261F9E251E1A.jpg,,/product/champo-+-condicionador-eficacia-ativa-2-em-1/8710847961236
49680,Cera Fixação InvisiControl Look Controlado,3600523767090,11318,10068,75 ml,L'oreal Men Expert,,"93,20€/L","6,99€",https://cdn.intermarche.pt/pt/Content/images/boitmal/produit/zoom/10CCF556C61A4BA03694C4168AE4AD2F.jpg,,/product/cera-fixacao-invisicontrol-look-controlado/3600523767090
51038,Champô Derma X Pro Hidratante,8006540445822,11318,10068,300 ml,H&S,,"21,97€/L","6,59€",https://cdn.intermarche.pt/pt/Content/images/boitmal/produit/zoom/55CDA4F56B08AB9ED24ED7C439B2F7EC.jpg,,/product/champo-derma-x-pro-hidratante/8006540445822
41149,Champô para homem oleosidade,8710522571477,11318,10068,embalagem de 225 ml,Linic,,"19,96€/L","4,49€",https://cdn.intermarche.pt/pt/Content/images/boitmal/produit/zoom/B3EE1F26D624202CFDC82FB977F3ABFC.jpg,,/product/champo-para-homem-oleosidade/8710522571477
41150,Champô para homem eficácia activa,8710522571446,11318,10068,embalagem de 225 ml,Linic,,"19,96€/L","4,49€",https://cdn.intermarche.pt/pt/Content/images/boitmal/produit/zoom/7DF54C983A1F8554EE252308073568D1.jpg,,/product/champo-para-homem-eficacia-activa/8710522571446
41152,Champô para homem anti-queda,8710847961199,11318,10068,embalagem de 360 ml,Linic,,"16,64€/L","5,99€",https://cdn.intermarche.pt/pt/Content/images/boitmal/produit/zoom/4FBB6A2013290AE541398E93C881C820.jpg,,/product/champo-para-homem-anti-queda/8710847961199
44590,Champô para homem anti-caspa cool sport,8710847961168,11318,10068,embalagem de 360 ml,Linic,,"16,64€/L","5,99€",https://cdn.intermarche.pt/pt/Content/images/boitmal/produit/zoom/1B9F8796DE3248A747F6A54F7F6574C6.jpg,,/product/champo-para-homem-anti-caspa-cool-sport/8710847961168
45593,Gel invisicontrol,3600523766635,11318,10068,150 ml,L'oreal Men Expert,,"39,93€/L","5,99€",https://cdn.intermarche.pt/pt/Content/images/boitmal/produit/zoom/6595579B40F200050A457962B0C025ED.jpg,,/product/gel-invisicontrol/3600523766635
51037,Champô Derma X Pro Reconstructor,8006540445884,11318,10068,300 ml,H&S,,"21,97€/L","6,59€",https://cdn.intermarche.pt/pt/Content/images/boitmal/produit/zoom/86AD1C9D7BAE7F232EB695BC34172A02.jpg,,/product/champo-derma-x-pro-reconstructor/8006540445884
51199,Champô Mentol,8006540748480,11318,10068,Embalagem de 230 ml,H&S,,"21,70€/L","4,99€",https://cdn.intermarche.pt/pt/Content/images/boitmal/produit/zoom/6D84C3F9C008D308444F883678E09702.jpg,,/product/champo-mentol/8006540748480
51290,Nivea men craft stylers cera efeito mate,0000042389606,11318,10068,Garrafa de 75 ml,Nivea Men,,"79,87€/L","5,99€",https://cdn.intermarche.pt/pt/Content/images/boitmal/produit/zoom/DD14770FB2C0624494A5768B7B44FCB6.jpg,,/product/nivea-men-craft-stylers-cera-efeito-mate/0000042389606
51422,Champô Sólido 4 em 1 Barber Club,3600523965854,11318,10068,80 g,L'oreal Men Expert,,"112,38€/Kg","8,99€",https://cdn.intermarche.pt/pt/Content/images/boitmal/produit/zoom/BC764A9684E72BAA4B3CB920DD171033.jpg,,/product/champo-solido-4-em-1-barber-club/3600523965854
54479,"Champô Homem Anticaspa Classic 2 Em 1, 330ml",8700216265492,11318,10068,,H&S,,"19,97€/L","6,59€",https://cdn.intermarche.pt/pt/Content/images/boitmal/produit/zoom/C7441E3536BB23E3439129F3FF5767E1.jpg,,/product/champo-homem-anticaspa-classic-2-em-1-330ml/8700216265492
54480,"Champô Homem Anticaspa Classic, 330ml",8700216266154,11318,10068,,H&S,,"19,97€/L","6,59€",https://cdn.intermarche.pt/pt/Content/images/boitmal/produit/zoom/BE9608EB77DC57D632151C29877FD7DA.jpg,,/product/champo-homem-anticaspa-classic-330ml/8700216266154
54481,"Champô Homem Anticaspa Mentol, 330ml",8700216266185,11318,10068,,H&S,,"19,97€/L","6,59€",https://cdn.intermarche.pt/pt/Content/images/boitmal/produit/zoom/1CD62D13D5D14337A20DC24FA04EBB01.jpg,,/product/champo-homem-anticaspa-mentol-330ml/8700216266185
54482,"Champô Homem Anticaspa Antiqueda, 330ml",8700216266079,11318,10068,,H&S,,"19,97€/L","6,59€",https://cdn.intermarche.pt/pt/Content/images/boitmal/produit/zoom/1D41173D0BFFB2EEB64EA39C87DFB476.jpg,,/product/champo-homem-anticaspa-antiqueda-330ml/8700216266079
54483,"Champô Homem Anticaspa Maçã, 330ml",8700216266109,11318,10068,,H&S,,"19,97€/L","6,59€",https://cdn.intermarche.pt/pt/Content/images/boitmal/produit/zoom/FDC30D486D4F05109F9722CDB61A7E72.jpg,,/product/champo-homem-anticaspa-maca-330ml/8700216266109
54484,"Champô Homem Anticaspa Citrus, 330ml",8700216155892,11318,10068,,H&S,,"19,97€/L","6,59€",https://cdn.intermarche.pt/pt/Content/images/boitmal/produit/zoom/414C22221CCE15D366CF07054E7D2A76.jpg,,/product/champo-homem-anticaspa-citrus-330ml/8700216155892
7643,Gel p/ Cabelo Aqua For Men,4005808262069,11318,10068,Embalagem de 150 ml,Nivea Men,,"33,27€/L","4,99€",https://cdn.intermarche.pt/pt/Content/images/boitmal/produit/zoom/2673EF6EE68CB52F2D6E4E3464862FC4.jpg,,/product/gel-p-ou-cabelo-aqua-for-men/4005808262069
7713,Champô cool,4005808996346,11318,10068,Embalagem de 250 ml,Nivea Men,,"15,96€/L","3,99€",https://cdn.intermarche.pt/pt/Content/images/boitmal/produit/zoom/F856CA1ACA51660D9E0DF562E04D9115.jpg,,/product/champo-cool/4005808996346
7717,Gel p/ Cabelo Elasto Freeze,4005900017314,11318,10068,Embalagem de 150 ml,Nivea Men,,"33,27€/L","4,99€",https://cdn.intermarche.pt/pt/Content/images/boitmal/produit/zoom/44C60F22FB02A8C2F4B74F7E1FD7758B.jpg,,/product/gel-p-ou-cabelo-elasto-freeze/4005900017314
7718,Champô Anti-Caspa Power,4005900019158,11318,10068,Embalagem de 250 ml,Nivea Men,,"15,96€/L","3,99€",https://cdn.intermarche.pt/pt/Content/images/boitmal/produit/zoom/787AC4B07A1BF209EB450B88F2C510E1.jpg,,/product/champo-anti-caspa-power/4005900019158
43646,Champô para homem anti-caspa controlo de oleosidade,8710847961182,11318,10068,embalagem de 360 ml,Linic,,"16,64€/L","5,99€",https://cdn.intermarche.pt/pt/Content/images/boitmal/produit/zoom/E48C2318C9B44538856ED3FC17A51535.jpg,,/product/champo-para-homem-anti-caspa-controlo-de-oleosidade/8710847961182
49682,Coloração p/ Homem Natural Black,3600523993406,11318,10068,50 ml,L'oreal Men Expert,,"13,99€/Unidade","13,99€",https://cdn.intermarche.pt/pt/Content/images/boitmal/produit/zoom/44FCA5D47CA8E833CF6CCBB440E1367C.jpg,,/product/coloracao-p-ou-homem-natural-black/3600523993406
51200,Champô Prevenção Queda,8006540748589,11318,10068,Embalagem de 230 ml,H&S,,"21,70€/L","4,99€",https://cdn.intermarche.pt/pt/Content/images/boitmal/produit/zoom/B419A5D8BDDECF0F61B7C7E67184EB65.jpg,,/product/champo-prevencao-queda/8006540748589
51653,Champô Maçã,8006540748619,11318,10068,Embalagem de 230 ml,H&S,,"21,70€/L","4,99€",https://cdn.intermarche.pt/pt/Content/images/boitmal/produit/zoom/F30D6BE75B11F681492CF169F8CCD62F.jpg,,/product/champo-maca/8006540748619
50296,Gel Banho Sport Homem,5604260325030,11383,10068,400 ml,Labell Men,,"3,48€/L","1,39€",https://cdn.intermarche.pt/pt/Content/images/boitmal/produit/zoom/5E0A4F6EE92F30EAA26D6E5DA881513B.jpg,,/product/gel-banho-sport-homem/5604260325030
50294,Gel Banho Sensitive Homem,5604260325023,11383,10068,400 ml,Labell Men,,"3,48€/L","1,39€",https://cdn.intermarche.pt/pt/Content/images/boitmal/produit/zoom/5B9F96105CFA5DF095AE5220B7BEA7F8.jpg,,/product/gel-banho-sensitive-homem/5604260325023
51423,Gel de Banho Total Clean 5 em 1,3600524073466,11383,10068,400 ml,L'oreal Men Expert,,"12,48€/L","4,99€",https://cdn.intermarche.pt/pt/Content/images/boitmal/produit/zoom/ACAB20B7D6B56496B4D5E0E1FA99599E.jpg,,/product/gel-de-banho-total-clean-5-em-1/3600524073466
10565,Gel Banho Excite,8711600359659,11383,10068,Embalagem de 400 ml,Axe,,"9,98€/L","3,99€",https://cdn.intermarche.pt/pt/Content/images/boitmal/produit/zoom/A24A59AF78FEA7B3FB335FB4137E3C60.jpg,,/product/gel-banho-excite/8711600359659
29976,Gel de Banho Black,8710447284117,11383,10068,Embalagem de 400 ml,Axe,,"9,98€/L","3,99€",https://cdn.intermarche.pt/pt/Content/images/boitmal/produit/zoom/C085A62C596C729C51E3B36A35AA8CC2.jpg,,/product/gel-de-banho-black/8710447284117
36677,Gel Banho Leather & Cookies,8710447438497,11383,10068,Embalagem de 400 ml,Axe,,"9,98€/L","3,99€",https://cdn.intermarche.pt/pt/Content/images/boitmal/produit/zoom/3E686719F4AB890ED92E5762EA59E818.jpg,,/product/gel-banho-leather-&-cookies/8710447438497
12515,Gel Banho Apollo,8711700796712,11383,10068,Embalagem de 400 ml,Axe,,"9,98€/L","3,99€",https://cdn.intermarche.pt/pt/Content/images/boitmal/produit/zoom/0398ABB6EB6CDCC5B8A363E8D007DAEF.jpg,,/product/gel-banho-apollo/8711700796712
16285,Gel Duche Men Active Clean,4005900123466,11383,10068,Embalagem de 500 ml,Nivea Men,,"7,98€/L","3,99€",https://cdn.intermarche.pt/pt/Content/images/boitmal/produit/zoom/00D655E4A0F4A46A96001E6F0058AF7F.jpg,,/product/gel-duche-men-active-clean/4005900123466
25354,Gel de Banho Original,4084500978881,11383,10068,Embalagem de 400 ml,Old Spice,,"12,48€/L","4,99€",https://cdn.intermarche.pt/pt/Content/images/boitmal/produit/zoom/96B4C9D78C8EFE8481BD679C2B31593A.jpg,,/product/gel-de-banho-original/4084500978881
25356,Gel de Banho 2 em 1 Cooling,4084500978942,11383,10068,Embalagem de 400 ml,Old Spice,,"12,48€/L","4,99€",https://cdn.intermarche.pt/pt/Content/images/boitmal/produit/zoom/9BE57EC5757BE3260009B08FAC844B5B.jpg,,/product/gel-de-banho-2-em-1-cooling/4084500978942
38276,Gel de Banho Ice Chill,8717163648667,11383,10068,Embalagem de 400 ml,Axe,,"9,98€/L","3,99€",https://cdn.intermarche.pt/pt/Content/images/boitmal/produit/zoom/7EEBD22972C0D164D6074A34480461EA.jpg,,/product/gel-de-banho-ice-chill/8717163648667
4543,"Gel banho, cool kick",4005808678716,11383,10068,Embalagem de 250 ml,Nivea,,"14,76€/L","3,69€",https://cdn.intermarche.pt/pt/Content/images/boitmal/produit/zoom/3EC54ABAFFF1408182E57E888247E423.jpg,,/product/gel-banho-cool-kick/4005808678716
45595,"Gel Banho Green Mojito, 400 ml",8717163947739,11383,10068,,Axe,,"9,98€/L","3,99€",https://cdn.intermarche.pt/pt/Content/images/boitmal/produit/zoom/4085F47A0A0F23EB4D8158AC07DE1CCE.jpg,,/product/gel-banho-green-mojito-400-ml/8717163947739
46961,Gel Duche Men Protect & Care,4005900368539,11383,10068,Embalagem de 500 ml,Nivea Men,,"9,98€/L","4,99€",https://cdn.intermarche.pt/pt/Content/images/boitmal/produit/zoom/43C7A8579917C4CF111E1AFA4E0D0FDA.jpg,,/product/gel-duche-men-protect-&-care/4005900368539
48265,Gel Duche Men Boost,4005900830784,11383,10068,Embalagem de 500 ml,Nivea Men,,"7,98€/L","3,99€",https://cdn.intermarche.pt/pt/Content/images/boitmal/produit/zoom/A9BDD45347FC313AAF694EC0602E66EE.jpg,,/product/gel-duche-men-boost/4005900830784
48266,Gel Duche Men Power,4005900833723,11383,10068,Embalagem de 500 ml,Nivea Men,,"9,98€/L","4,99€",https://cdn.intermarche.pt/pt/Content/images/boitmal/produit/zoom/16BE8922980D67356B76A9F9EDC88B39.jpg,,/product/gel-duche-men-power/4005900833723
51836,"Champô men sport gel de banho, 250 ml",4005808130610,11383,10068,,Nivea Men,,"14,76€/L","3,69€",https://cdn.intermarche.pt/pt/Content/images/boitmal/produit/zoom/D39C4E5CEE6C103C861A0415A6C40DC6.jpg,,/product/champo-men-sport-gel-de-banho-250-ml/4005808130610
53609,Gel Banho Hydra Energetic,3600524073473,11383,10068,Embalagem de 400ml,L'oreal Men Expert,,"12,48€/L","4,99€",https://cdn.intermarche.pt/pt/Content/images/boitmal/produit/zoom/E8F8F800B29577E02E75343CB868CFF4.jpg,,/product/gel-banho-hydra-energetic/3600524073473
53642,Gel de Banho 3 em 1 After Sport,3616303458904,11383,10068,Embalagem de 400ml,Adidas,,"14,98€/L","5,99€",https://cdn.intermarche.pt/pt/Content/images/boitmal/produit/zoom/CAA3BE3B477C8C0F33DE73C6300C6BA3.jpg,,/product/gel-de-banho-3-em-1-after-sport/3616303458904
54441,"Gel De Banho Men Expert Extreme Sport, 400ml",3600524123178,11383,10068,,L'oreal,,"12,48€/L","4,99€",https://cdn.intermarche.pt/pt/Content/images/boitmal/produit/zoom/18B435549DDD4B393E13DB2366EBFF64.jpg,,/product/gel-de-banho-men-expert-extreme-sport-400ml/3600524123178
29970,Gel de Banho Men Deep,4005900521262,11383,10068,500 ml,Nivea Men,,"10,70€/L","5,35€",https://cdn.intermarche.pt/pt/Content/images/boitmal/produit/zoom/D34C606F3F08EB167398EE677ED359DC.jpg,,/product/gel-de-banho-men-deep/4005900521262
40858,Gel banho sport,8001841716237,11383,10068,Embalagem de 300 ml,H&S,,"23,30€/L","6,99€",https://cdn.intermarche.pt/pt/Content/images/boitmal/produit/zoom/779A6716CB5BCEC815E15330A5132E89.jpg,,/product/gel-banho-sport/8001841716237
40860,Gel banho limpeza profunda,8001841715995,11383,10068,Embalagem de 300 ml,H&S,,"23,30€/L","6,99€",https://cdn.intermarche.pt/pt/Content/images/boitmal/produit/zoom/943DFC35F06ED54A327E71D2072702F8.jpg,,/product/gel-banho-limpeza-profunda/8001841715995
50395,Gel de Banho Epic Fresh,8720181204111,11383,10068,Garrafa de 400 ml,Axe,,"9,98€/L","3,99€",https://cdn.intermarche.pt/pt/Content/images/boitmal/produit/zoom/7BC1337A5E32C6612A9213122D507522.jpg,,/product/gel-de-banho-epic-fresh/8720181204111
53340,"Gel de Banho Men Sports Care 3 em 1, 400ml",8717163634615,11383,10068,,Dove,,"9,98€/L","3,99€",https://cdn.intermarche.pt/pt/Content/images/boitmal/produit/zoom/94F838D56E47DC2E93554598CBB53764.jpg,,/product/gel-de-banho-men-sports-care-3-em-1-400ml/8717163634615
46737,Desodorizante spray protect & care,4005900388957,11325,10068,150 ml,Nivea Men,,"18,60€/L","2,79€",https://cdn.intermarche.pt/pt/Content/images/boitmal/produit/zoom/8EA5F22727C42ED9AFDAD1E445389534.jpg,2024-09-25T22:59:59.999Z,/product/desodorizante-spray-protect-&-care/4005900388957
28443,"Desodorizante roll-on black & white active, men",0000042332824,11325,10068,Embalagem de 50 ml,Nivea Men,,"55,80€/L","2,79€",https://cdn.intermarche.pt/pt/Content/images/boitmal/produit/zoom/E8B76BAF731F1924927748058ACD6393.jpg,2024-09-25T22:59:59.999Z,/product/desodorizante-roll-on-black-&-white-active-men/0000042332824
29236,Deo Roll On Protect & Care,4005900388971,11325,10068,50 ml,Nivea Men,,"53,80€/L","2,69€",https://cdn.intermarche.pt/pt/Content/images/boitmal/produit/zoom/A0C85FD25DC4C5D50BDE13EA61505AE5.jpg,2024-09-25T22:59:59.999Z,/product/deo-roll-on-protect-&-care/4005900388971
53322,"Desodorizante Roll-on Black & White Max Protection Homem, 50ml",4006000033594,11325,10068,,Nivea,,"61,80€/L","3,09€",https://cdn.intermarche.pt/pt/Content/images/boitmal/produit/zoom/5E2126FDF4D957720B888AE7CA2F116A.jpg,2024-09-25T22:59:59.999Z,/product/desodorizante-roll-on-black-&-white-max-protection-homem-50ml/4006000033594
15894,Desodorizante spray sport 48h,3250391022854,11325,10068,Embalagem de 200 ml,Labell Men,,"6,95€/L","1,39€",https://cdn.intermarche.pt/pt/Content/images/boitmal/produit/zoom/F5A210A7A8DE0A0A4828F13BAB91BD37.jpg,,/product/desodorizante-spray-sport-48h/3250391022854
18972,"Desodorizante spray energy, 200 ml",3250391024728,11325,10068,,Labell Men,,"6,95€/L","1,39€",https://cdn.intermarche.pt/pt/Content/images/boitmal/produit/zoom/5A571CDC17CD61D4F638676C190705D2.jpg,,/product/desodorizante-spray-energy-200-ml/3250391024728
4254,Desodorizante roll-on fresh extra,3600521848449,11325,10068,Embalagem de 50 ml,L'oreal Men Expert,,"79,80€/L","3,99€",https://cdn.intermarche.pt/pt/Content/images/boitmal/produit/zoom/E57536F1DBA38F68B80006805ED4ECFF.jpg,,/product/desodorizante-roll-on-fresh-extra/3600521848449
18973,"Desodorizante spray tonic, 200 ml",3250391024759,11325,10068,,Labell Men,,"6,95€/L","1,39€",https://cdn.intermarche.pt/pt/Content/images/boitmal/produit/zoom/7365534ACFC2CC331B5D23EA2675C21A.jpg,,/product/desodorizante-spray-tonic-200-ml/3250391024759
20329,Desodorizante roll on men invisible dry,8718951068384,11325,10068,Embalagem de 50 ml,Sanex men,,"59,80€/L","2,99€",https://cdn.intermarche.pt/pt/Content/images/boitmal/produit/zoom/1FE3B0B2C7FD3F6729CA262754046E06.jpg,,/product/desodorizante-roll-on-men-invisible-dry/8718951068384
45875,Desodorizante spray cool kick,4005900388810,11325,10068,150 ml,Nivea Men,,"29,93€/L","4,49€",https://cdn.intermarche.pt/pt/Content/images/boitmal/produit/zoom/FF08F460974B7D9B6A9FEDD00802151C.jpg,,/product/desodorizante-spray-cool-kick/4005900388810
32301,Desodorizante Spray Black & White Active Men,4005900377814,11325,10068,150 ml,Nivea,,"26,60€/L","3,99€",https://cdn.intermarche.pt/pt/Content/images/boitmal/produit/zoom/F5ED8FD84EC27F00F1BBC369E3567854.jpg,,/product/desodorizante-spray-black-&-white-active-men/4005900377814
35111,Desodorizante roll'on cool kick,4005900388834,11325,10068,50 ml,Nivea Men,,"73,80€/L","3,69€",https://cdn.intermarche.pt/pt/Content/images/boitmal/produit/zoom/AE22FF4A396202026B518E9936BF9516.jpg,,/product/desodorizante-roll'on-cool-kick/4005900388834
4335,"Desodorizante roll-on, invisimax",3600540829160,11325,10068,Embalagem de 50 ml,Narta men,,"59,80€/L","2,99€",https://cdn.intermarche.pt/pt/Content/images/boitmal/produit/zoom/A48BB816DCCE142F5DC4F8D9E2CEC850.jpg,,/product/desodorizante-roll-on-invisimax/3600540829160
47945,Desodorizante roll-on invisível 0%,3600551049113,11325,10068,Embalagem de 50 ml,Narta men,,"59,80€/L","2,99€",https://cdn.intermarche.pt/pt/Content/images/boitmal/produit/zoom/60792FCCE191B74596B96E1AE0CBE1BF.jpg,,/product/desodorizante-roll-on-invisivel-0%25/3600551049113
50394,Desodorizante Aero Epic Fresh,8720181192111,11325,10068,Garrafa de 150 ml,Axe,,"26,60€/L","3,99€",https://cdn.intermarche.pt/pt/Content/images/boitmal/produit/zoom/3C80774091E79B2789B93D66067912AF.jpg,,/product/desodorizante-aero-epic-fresh/8720181192111
6972,Desodorizante roll-on magnesium dry,4005900827890,11325,10068,Embalagem de 50 ml,Nivea Men,,"99,80€/L","4,99€",https://cdn.intermarche.pt/pt/Content/images/boitmal/produit/zoom/E584B90A44395E97F1D97529CCC2D822.jpg,,/product/desodorizante-roll-on-magnesium-dry/4005900827890
7685,Desodorizante spray dry,4005808727186,11325,10068,Embalagem de 200 ml,Nivea Men,,"17,45€/L","3,49€",https://cdn.intermarche.pt/pt/Content/images/boitmal/produit/zoom/5C0CD48D807EAF6FD735E6859779F846.jpg,,/product/desodorizante-spray-dry/4005808727186
49094,Deo Roll On Dry Impact,4005900936899,11325,10068,50 ml,Nivea Men,,"59,80€/L","2,99€",https://cdn.intermarche.pt/pt/Content/images/boitmal/produit/zoom/D7BAB1E8381F7971414304AEBA0F60C8.jpg,,/product/deo-roll-on-dry-impact/4005900936899
51425,Deo Roll-On Magnesium Defence,3600524044800,11325,10068,Embalagem de 50 ml,L'oreal Men Expert,,"79,80€/L","3,99€",https://cdn.intermarche.pt/pt/Content/images/boitmal/produit/zoom/E6F8755EBD44AE12F85C2605E3F33ECF.jpg,,/product/deo-roll-on-magnesium-defence/3600524044800
52313,Desodorizante Roll On Men Quantum Dry 72H,0000059095569,11325,10068,Embalagem de 50ml,Rexona men,,"79,80€/L","3,99€",https://cdn.intermarche.pt/pt/Content/images/boitmal/produit/zoom/24E5D7AC59EEA01928B1A62F737CFF07.jpg,,/product/desodorizante-roll-on-men-quantum-dry-72h/0000059095569
16945,Desodorizante Stick Clean Comfort,0000096081754,11325,10068,Embalagem de 50ml,Dove Men,,"79,80€/L","3,99€",https://cdn.intermarche.pt/pt/Content/images/boitmal/produit/zoom/1B0D117E4F6BD534DF570F8B8DE3CF7B.jpg,,/product/desodorizante-stick-clean-comfort/0000096081754
18811,Desodorizante spray thermic resist,3600522626060,11325,10068,Embalagem de 150 ml,L'oreal Men Expert,,"26,60€/L","3,99€",https://cdn.intermarche.pt/pt/Content/images/boitmal/produit/zoom/C44FA49B3557084D47953A096A138CD5.jpg,,/product/desodorizante-spray-thermic-resist/3600522626060
23567,Desodorizante Roll' On Shirt Protect,3600523299850,11325,10068,Embalagem de 50 ml,L'oreal Men Expert,,"79,80€/L","3,99€",https://cdn.intermarche.pt/pt/Content/images/boitmal/produit/zoom/59B0AFB6C9A9DA1678B385D33DB97EFE.jpg,,/product/desodorizante-roll'-on-shirt-protect/3600523299850
29942,Deo Roll On Men Dry Fresh,4005900485243,11325,10068,50 ml,Nivea Men,,"73,80€/L","3,69€",https://cdn.intermarche.pt/pt/Content/images/boitmal/produit/zoom/794EE4DD1F70079E421CF71875A6E38E.jpg,,/product/deo-roll-on-men-dry-fresh/4005900485243
4336,"Desodorizante roll-on ice max, 50 ml",3600540829177,11325,10068,,Narta men,,"59,80€/L","2,99€",https://cdn.intermarche.pt/pt/Content/images/boitmal/produit/zoom/EDDEA58EDDDCDDBCC7B248EE66D2E427.jpg,,/product/desodorizante-roll-on-ice-max-50-ml/3600540829177
4411,Desodorizante roll-on protect,3600550267037,11325,10068,Embalagem de 50 ml,Narta men,,"59,80€/L","2,99€",https://cdn.intermarche.pt/pt/Content/images/boitmal/produit/zoom/7EC15C278C8506D1BEA9C07C8BB415CC.jpg,,/product/desodorizante-roll-on-protect/3600550267037
46341,"Desodorizante Spray Anarchy, 150 ml",8720181031595,11325,10068,,Axe,,"26,60€/L","3,99€",https://cdn.intermarche.pt/pt/Content/images/boitmal/produit/zoom/6DEF217745A2A52B0024E50637179070.jpg,,/product/desodorizante-spray-anarchy-150-ml/8720181031595
46738,Desodorizante spray dry,4005900494900,11325,10068,150 ml,Nivea Men,,"26,60€/L","3,99€",https://cdn.intermarche.pt/pt/Content/images/boitmal/produit/zoom/608699B54635A57E1CE9EC404634E214.jpg,,/product/desodorizante-spray-dry/4005900494900
48426,Deo Roll On Cool Kick,4005900845702,11325,10068,50 ml,Nivea Men,,"75,80€/L","3,79€",https://cdn.intermarche.pt/pt/Content/images/boitmal/produit/zoom/0D0ECD0AF1BC6236F6DA6C68193C1427.jpg,,/product/deo-roll-on-cool-kick/4005900845702
52913,"Desodorizante Spray Men Extra Fresh 72h, 150 ml",8720181284397,11325,10068,,Dove Men,,"38,60€/L","5,79€",https://cdn.intermarche.pt/pt/Content/images/boitmal/produit/zoom/BA8D463A8C4E3CD6F5FECB2C808A9807.jpg,,/product/desodorizante-spray-men-extra-fresh-72h-150-ml/8720181284397
52922,"Desodorizante Spray Acqua Bergamot, 150 ml",8720181297571,11325,10068,,Axe,,"53,27€/L","7,99€",https://cdn.intermarche.pt/pt/Content/images/boitmal/produit/zoom/3DB05D9E74793E64A0B2E418B1CA9BE2.jpg,,/product/desodorizante-spray-acqua-bergamot-150-ml/8720181297571
53319,"Desodorizante Homem Roll-on Fresh Sensation, 50ml",4006000016504,11325,10068,,Nivea,,"89,80€/L","4,49€",https://cdn.intermarche.pt/pt/Content/images/boitmal/produit/zoom/1221CBEB467972247784411EB7CFAAC8.jpg,,/product/desodorizante-homem-roll-on-fresh-sensation-50ml/4006000016504
53652,Desodorizante Spray Homem Black & White Maximum Protection,4006000029986,11325,10068,Embalagem de 150ml,Nivea Men,,"26,60€/L","3,99€",https://cdn.intermarche.pt/pt/Content/images/boitmal/produit/zoom/100C18A4FA1CA53FEB0E2C78262A21BD.jpg,,/product/desodorizante-spray-homem-black-&-white-maximum-protection/4006000029986
15630,Desodorizante roll-on Invisible,0000096097328,11325,10068,Embalagem de 50ml,Rexona,,"89,80€/L","4,49€",https://cdn.intermarche.pt/pt/Content/images/boitmal/produit/zoom/4987BEB5CE45850ECA832AB933D959A5.jpg,,/product/desodorizante-roll-on-invisible/0000096097328
24571,Deo roll-on thermic,3600523299874,11325,10068,Embalagem de 50 ml,L'oreal Men Expert,,"79,80€/L","3,99€",https://cdn.intermarche.pt/pt/Content/images/boitmal/produit/zoom/EF99E11F3F566DD697B212E4D5F7041A.jpg,,/product/deo-roll-on-thermic/3600523299874
27927,Desodorizante Spray Stress Resist,3600523581795,11325,10068,Embalagem de 150 ml,L'oreal Men Expert,,"26,60€/L","3,99€",https://cdn.intermarche.pt/pt/Content/images/boitmal/produit/zoom/AAC5B157E4336922269ED645A594C9DA.jpg,,/product/desodorizante-spray-stress-resist/3600523581795
27928,Desodorizante Roll On Stress Resist,3600523582242,11325,10068,Embalagem de 50 ml,L'oreal Men Expert,,"79,80€/L","3,99€",https://cdn.intermarche.pt/pt/Content/images/boitmal/produit/zoom/A464A17A378FBD792FAFAF9F2383F762.jpg,,/product/desodorizante-roll-on-stress-resist/3600523582242
29566,Eau de Toilette p/Homem Nº10,8424730004923,11325,10068,1 Frasco 150ml,Caravan,,"79,93€/L","11,99€",https://cdn.intermarche.pt/pt/Content/images/boitmal/produit/zoom/42661B9173EF7F46FB89B4B747FEB59E.jpg,,/product/eau-de-toilette-p-ou-homem-nº10/8424730004923
29567,Eau de Toilette p/Homem Nº11,8424730004930,11325,10068,1 Frasco 150ml,Caravan,,"79,93€/L","11,99€",https://cdn.intermarche.pt/pt/Content/images/boitmal/produit/zoom/5C33BE2F57335F652073FD9883E7A4A3.jpg,,/product/eau-de-toilette-p-ou-homem-nº11/8424730004930
29568,Eau de Toilette p/Homem Nº12,8424730004947,11325,10068,1 Frasco 150ml,Caravan,,"79,93€/L","11,99€",https://cdn.intermarche.pt/pt/Content/images/boitmal/produit/zoom/A16EA3F4D5983F6B883EFBFD563841A1.jpg,,/product/eau-de-toilette-p-ou-homem-nº12/8424730004947
15811,Máquina Depilatória Descartável 3 Sensitive,3086126693279,11322,10068,Embalagem com 4+2 unidades,Bic,,"3,39€/Unidade","3,39€",https://cdn.intermarche.pt/pt/Content/images/boitmal/produit/zoom/05B08AFB81C18523B1F71BE6445E1F26.jpg,,/product/maquina-depilatoria-descartavel-3-sensitive/3086126693279
25347,Creme Depilatório Men Peles Sensíveis,8410104249601,11322,10068,Embalagem de 200 ml,Veet,,"39,95€/L","7,99€",https://cdn.intermarche.pt/pt/Content/images/boitmal/produit/zoom/BEFFB3DEB29592D2F0EA7908918D3A32.jpg,,/product/creme-depilatorio-men-peles-sensiveis/8410104249601
25348,Creme Depilatório Duche Men Peles Normais,8410104885380,11322,10068,Embalagem com 150 ml,Veet,,"66,60€/L","9,99€",https://cdn.intermarche.pt/pt/Content/images/boitmal/produit/zoom/C64A8A99414C698A55EF6460CD2D7686.jpg,,/product/creme-depilatorio-duche-men-peles-normais/8410104885380
30845,Creme Depilatório Men Peles Sensíveis,8410104890957,11322,10068,400 ml,Veet,,"42,48€/L","16,99€",https://cdn.intermarche.pt/pt/Content/images/boitmal/produit/zoom/C3DF9E08B1E114C75DD6AF62D4A32CF2.jpg,,/product/creme-depilatorio-men-peles-sensiveis/8410104890957
44233,"Gel Depilatorio Homem Peles Sensiveis, 200ml",8414719407326,11322,10068,,Body natur,,"24,95€/L","4,99€",https://cdn.intermarche.pt/pt/Content/images/boitmal/produit/zoom/7105ADDDC04B65F25FFCE5B3AC5CE829.jpg,,/product/gel-depilatorio-homem-peles-sensiveis-200ml/8414719407326
50517,Bandas de Cera Depilatória Bikini,8428076003268,11322,10068,100ml + Bálsamo 50 Ml,Veet,,"8,49€/Unidade","8,49€",https://cdn.intermarche.pt/pt/Content/images/boitmal/produit/zoom/AA6C69E110663CFAAD2AD23EC4E372E0.jpg,,/product/bandas-de-cera-depilatoria-bikini/8428076003268
6930,Depilatório homem gel,9300631115434,11322,10068,Garrafa de 200 ml,Veet,,"37,45€/L","7,49€",https://cdn.intermarche.pt/pt/Content/images/boitmal/produit/zoom/B131DF5439A84B6355F79078DA2A7389.jpg,,/product/depilatorio-homem-gel/9300631115434
49239,Spray Bruma Autobronzeadora,3600542226301,10529,10074,Embalagem de 150 ml,Ambre Solaire,,"55,93€/L","8,39€",https://cdn.intermarche.pt/pt/Content/images/boitmal/produit/zoom/4C276A7D7F474C88880C0A8FD6FEB717.jpg,,/product/spray-bruma-autobronzeadora/3600542226301
7692,Spray protect&bronze f30,4005808751174,10529,10074,Embalagem de 200 ml,Nivea Sun,,"59,95€/L","11,99€",https://cdn.intermarche.pt/pt/Content/images/boitmal/produit/zoom/711F44F573994E69781D318E43DB1C6E.jpg,,/product/spray-protect&bronze-f30/4005808751174
15539,Spray óleo protect&bronze f30,4005900118349,10529,10074,Embalagem de 200 ml,Nivea Sun,,"62,95€/L","12,59€",https://cdn.intermarche.pt/pt/Content/images/boitmal/produit/zoom/A0EA75C4A281AFD6B4776D1A90C01C31.jpg,,/product/spray-oleo-protect&bronze-f30/4005900118349
29507,Loção Protect & Moisture FP30,4005900453969,10529,10074,1 Embalagem 400ml,Nivea Sun,,"35,23€/L","14,09€",https://cdn.intermarche.pt/pt/Content/images/boitmal/produit/zoom/C0A0544AA501DD47F5682E44FE7653FD.jpg,,/product/locao-protect-&-moisture-fp30/4005900453969
4147,"Spray, óleo seco, protect f20",3468080007048,10529,10074,Embalagem de 150 ml,Corine de Farme,,"46,60€/L","6,99€",https://cdn.intermarche.pt/pt/Content/images/boitmal/produit/zoom/446E9262E56AD6848600721B34F1BC78.jpg,,/product/spray-oleo-seco-protect-f20/3468080007048
5079,Óleo Bronzeador Coco,5601036310726,10529,10074,Embalagem de 200 ml,Ambre Solaire,,"43,45€/L","8,69€",https://cdn.intermarche.pt/pt/Content/images/boitmal/produit/zoom/88958AA1036E20813FEF490C29B56E53.jpg,,/product/oleo-bronzeador-coco/5601036310726
54249,"Creme Ultrabronzeador Baunilha, 150ml",3468080009301,10529,10074,,Corine de Farme,,"61,93€/L","9,29€",https://cdn.intermarche.pt/pt/Content/images/boitmal/produit/zoom/37A46C9D1DD574C2E568E545EA5BA0C5.jpg,,/product/creme-ultrabronzeador-baunilha-150ml/3468080009301
54250,"Bronzeador Óleo Seco FPS 6, 150ml",3468080008663,10529,10074,,Corine de Farme,,"55,93€/L","8,39€",https://cdn.intermarche.pt/pt/Content/images/boitmal/produit/zoom/FCF8AF530DCFE33373430D58EFF5C949.jpg,,/product/bronzeador-oleo-seco-fps-6-150ml/3468080008663
54283,"Mousse Autobronzeadora com Água de Coco, 200ml",3600542298339,10529,10074,,Ambre Solaire,,"44,95€/L","8,99€",https://cdn.intermarche.pt/pt/Content/images/boitmal/produit/zoom/53DD2F1B21AA74BA78803932E762B25D.jpg,,/product/mousse-autobronzeadora-com-agua-de-coco-200ml/3600542298339
54289,"Bronzeador Spray Ideal Bronze Ação Tripla FPS 50, 150ml",3600542572781,10529,10074,,Ambre Solaire,,"71,93€/L","10,79€",https://cdn.intermarche.pt/pt/Content/images/boitmal/produit/zoom/5D72A30D8915015BD9F2B895AABA3C7C.jpg,,/product/bronzeador-spray-ideal-bronze-acao-tripla-fps-50-150ml/3600542572781
54290,"Gotas Faciais Autobronzeadoras Natural Bronze, 30ml",3600542512862,10529,10074,,Ambre Solaire,,"279,67€/L","8,39€",https://cdn.intermarche.pt/pt/Content/images/boitmal/produit/zoom/9BA0AE845FD2F96589480522FF12CDA4.jpg,,/product/gotas-faciais-autobronzeadoras-natural-bronze-30ml/3600542512862
54295,"Leite Natural Bronze, 200ml",3600542450652,10529,10074,,Ambre Solaire,,"38,95€/L","7,79€",https://cdn.intermarche.pt/pt/Content/images/boitmal/produit/zoom/98E12D3E2C31FF788DC30AD8D030CD7D.jpg,,/product/leite-natural-bronze-200ml/3600542450652
7655,"Loção solar, protect&bronze f20",4005808432783,10529,10074,Embalagem de 200 ml,Nivea Sun,,"92,45€/L","18,49€",https://cdn.intermarche.pt/pt/Content/images/boitmal/produit/zoom/271EFA952838F0919DAEF82FCC8FF432.jpg,,/product/locao-solar-protect&bronze-f20/4005808432783
7657,"Loção solar, protect&bronze f50",4005808435357,10529,10074,Embalagem de 200 ml,Nivea Sun,,"62,95€/L","12,59€",https://cdn.intermarche.pt/pt/Content/images/boitmal/produit/zoom/143F96A61D099CC8B3687EF553217D80.jpg,,/product/locao-solar-protect&bronze-f50/4005808435357
19872,Protector Solar Clássico FPS 30,3600541921252,10530,10074,Embalagem de 200 ml,Ambre Solaire,,"47,95€/L","9,59€",https://cdn.intermarche.pt/pt/Content/images/boitmal/produit/zoom/34AF72C47D3763838528A15090C7FD3B.jpg,,/product/protector-solar-classico-fps-30/3600541921252
41616,Protector Solar de Rosto 50+,3600542298247,10530,10074,Embalagem de 40 ml,Ambre Solaire,,"269,75€/L","10,79€",https://cdn.intermarche.pt/pt/Content/images/boitmal/produit/zoom/4A967209F0D4850A13D1BBB54731B9E8.jpg,,/product/protector-solar-de-rosto-50+/3600542298247
51927,Protetor Solar Kids Protect & Care FP50+,4005900911537,10530,10074,Garrafa de 270 ml,Nivea Sun,,"77,74€/L","20,99€",https://cdn.intermarche.pt/pt/Content/images/boitmal/produit/zoom/9BBC6CA36143C3EB2B9B2E1200AF6EC6.jpg,,/product/protetor-solar-kids-protect-&-care-fp50+/4005900911537
53921,"Protetor Solar Spray FPS 50+, 250ml",5604260333110,10530,10074,,Labell,,"23,96€/L","5,99€",https://cdn.intermarche.pt/pt/Content/images/boitmal/produit/zoom/B1242136EA54B0214CAA1544DD624B9D.jpg,,/product/protetor-solar-spray-fps-50+-250ml/5604260333110
20538,Protetor Solar Loção Protect & Moisture FP30,4005900118400,10530,10074,Embalagem de 200 ml,Nivea Sun,,"50,95€/L","10,19€",https://cdn.intermarche.pt/pt/Content/images/boitmal/produit/zoom/20ABB9AC609090AD27C1AC0AD7E9AC94.jpg,,/product/protetor-solar-locao-protect-&-moisture-fp30/4005900118400
25616,Leite Sensitive Advanced FPS 50,3600541996601,10530,10074,Embalagem de 400 ml,Ambre Solaire,,"36,73€/L","14,69€",https://cdn.intermarche.pt/pt/Content/images/boitmal/produit/zoom/4A84DD2D1C700C8FBB4A2F6E295DA36C.jpg,,/product/leite-sensitive-advanced-fps-50/3600541996601
29180,Protetor Solar Protect&Moisture FP50+,4005900512925,10530,10074,1 Embalagem 400ml,Nivea Sun,,"67,48€/L","26,99€",https://cdn.intermarche.pt/pt/Content/images/boitmal/produit/zoom/398DA35316985F187E75EF0884CEF41A.jpg,,/product/protetor-solar-protect&moisture-fp50+/4005900512925
53920,"Protetor Solar Spray FPS 30+, 250ml",5604260333141,10530,10074,,Labell,,"23,96€/L","5,99€",https://cdn.intermarche.pt/pt/Content/images/boitmal/produit/zoom/09ACC16D2AB7567D17A4E01304275980.jpg,,/product/protetor-solar-spray-fps-30+-250ml/5604260333141
49896,Protetor Solar Spray Protect & Moisture SPF30,4005900911599,10530,10074,Embalagem de 270ml,Nivea Sun,,"44,41€/L","11,99€",https://cdn.intermarche.pt/pt/Content/images/boitmal/produit/zoom/32FE8D62AC3802164C76786F354B367F.jpg,,/product/protetor-solar-spray-protect-&-moisture-spf30/4005900911599
52320,Creme de Rosto Protetor FP50,4005900996886,10530,10074,Embalagem de 50ml,Nivea Sun,,"197,80€/L","9,89€",https://cdn.intermarche.pt/pt/Content/images/boitmal/produit/zoom/FC246503D84651D6FD8BAEEB78C78EA3.jpg,,/product/creme-de-rosto-protetor-fp50/4005900996886
53925,"Protetor Solar Creme Facial Antiage FPS 50+, 50ml",5604260333134,10530,10074,,Labell,,"59,80€/L","2,99€",https://cdn.intermarche.pt/pt/Content/images/boitmal/produit/zoom/3DC346100EB634B6C67686724BBFFA0B.jpg,,/product/protetor-solar-creme-facial-antiage-fps-50+-50ml/5604260333134
7653,Protetor Solar Hidratante FPS50+,4005808408306,10530,10074,Embalagem de 200 ml,Nivea Sun,,"92,45€/L","18,49€",https://cdn.intermarche.pt/pt/Content/images/boitmal/produit/zoom/3271C607B6277ECDAA0C013662A2C48D.jpg,,/product/protetor-solar-hidratante-fps50+/4005808408306
25621,Leite Clássico FPS 50,3600541624320,10530,10074,Embalagem de 200 ml,Ambre Solaire,,"26,23€/L","10,49€",https://cdn.intermarche.pt/pt/Content/images/boitmal/produit/zoom/48BF5DDEFA9170D53A7B82FA784F35E9.jpg,,/product/leite-classico-fps-50/3600541624320
30508,Leite Protector Solar FPS 30 Manteiga de Karité |Corpo,3600542126441,10530,10074,Embalagem 50 ml,Ambre Solaire,,"89,80€/L","4,49€",https://cdn.intermarche.pt/pt/Content/images/boitmal/produit/zoom/B0DBA1B78500B94393B59142F1654915.jpg,,/product/leite-protector-solar-fps-30-manteiga-de-karite-|corpo/3600542126441
30509,Leite Protector FPS 50+ Manteiga de Karité |Corpo,3600542126458,10530,10074,50 ml,Ambre Solaire,,"95,80€/L","4,79€",https://cdn.intermarche.pt/pt/Content/images/boitmal/produit/zoom/2214CBF0BAD76065EA4B249628099503.jpg,,/product/leite-protector-fps-50+-manteiga-de-karite-|corpo/3600542126458
35507,Protector solar com aloe vera FP50+,4005900611659,10530,10074,200 ml,Nivea Sun,,"59,95€/L","11,99€",https://cdn.intermarche.pt/pt/Content/images/boitmal/produit/zoom/5F80DB2E8311149856ADF138AC468CB2.jpg,,/product/protector-solar-com-aloe-vera-fp50+/4005900611659
4304,Spray Clear Protect FPS 30,3600540277244,10530,10074,Embalagem de 200 ml,Ambre Solaire,,"50,95€/L","10,19€",https://cdn.intermarche.pt/pt/Content/images/boitmal/produit/zoom/562D3706C913B836BDBE841DED7198DD.jpg,,/product/spray-clear-protect-fps-30/3600540277244
49240,Spray protege e refresca 50,4005900724151,10530,10074,Embalagem de 200 ml,Nivea Sun,,"59,95€/L","11,99€",https://cdn.intermarche.pt/pt/Content/images/boitmal/produit/zoom/DB9022D03251F77C22582C1FC9C51178.jpg,,/product/spray-protege-e-refresca-50/4005900724151
49895,Protetor Solar Spray Invisible Protect SPF50,3600542452625,10530,10074,Embalagem de 200 ml,Ambre Solaire,,"52,45€/L","10,49€",https://cdn.intermarche.pt/pt/Content/images/boitmal/produit/zoom/4E30E998B60C049DBE259E4844BD49DC.jpg,,/product/protetor-solar-spray-invisible-protect-spf50/3600542452625
49897,Protetor Solar Spray Protect & Moisture Hidratante SPF50+,4005900911629,10530,10074,Embalagem de 270ml,Nivea Sun,,"49,96€/L","13,49€",https://cdn.intermarche.pt/pt/Content/images/boitmal/produit/zoom/F3B5EA9672310570AAE890C510D4DED6.jpg,,/product/protetor-solar-spray-protect-&-moisture-hidratante-spf50+/4005900911629
51894,Protetor Solar Protect & Moisture FP30,0000042397236,10530,10074,Embalagem de 100 ml,Nivea Sun,,"68,90€/L","6,89€",https://cdn.intermarche.pt/pt/Content/images/boitmal/produit/zoom/16458251A5847C38D46E2554088D62F3.jpg,,/product/protetor-solar-protect-&-moisture-fp30/0000042397236
52084,Protetor Solar Spray Protect & Bronze FP30,4005900911650,10530,10074,Garrafa de 270 ml,Nivea Sun,,"52,19€/L","14,09€",https://cdn.intermarche.pt/pt/Content/images/boitmal/produit/zoom/92D3AD6A3D77A08C6C9B48EE00AE6B5C.jpg,,/product/protetor-solar-spray-protect-&-bronze-fp30/4005900911650
52319,Protetor Solar Facial Luminous 360 FPS50+,4005900996855,10530,10074,Embalagem de 40ml,Nivea Sun,,"389,75€/L","15,59€",https://cdn.intermarche.pt/pt/Content/images/boitmal/produit/zoom/D3B4F5D6FAE108BF5D9ED01EE7F020C8.jpg,,/product/protetor-solar-facial-luminous-360-fps50+/4005900996855
54245,"Protetor Solar Loção Protege & Bronzeia FPS 30, 150ml",3468080008359,10530,10074,,Corine de Farme,,"59,93€/L","8,99€",https://cdn.intermarche.pt/pt/Content/images/boitmal/produit/zoom/C37A85B4B5D4EE66B53AD6DAF9696335.jpg,,/product/protetor-solar-locao-protege-&-bronzeia-fps-30-150ml/3468080008359
54246,"Protetor Solar Óleo Protege & Bronzeia FPS 30, 150ml",3468080008670,10530,10074,,Corine de Farme,,"58,93€/L","8,84€",https://cdn.intermarche.pt/pt/Content/images/boitmal/produit/zoom/33745C1C80AEE83EEBA9FFCBD9960764.jpg,,/product/protetor-solar-oleo-protege-&-bronzeia-fps-30-150ml/3468080008670
54247,"Protetor Solar Spray Hidratante FPS 30, 150ml",3468080008403,10530,10074,,Corine de Farme,,"58,60€/L","8,79€",https://cdn.intermarche.pt/pt/Content/images/boitmal/produit/zoom/6347FE69DD245D0DD36E75317D49619A.jpg,,/product/protetor-solar-spray-hidratante-fps-30-150ml/3468080008403
54248,"Óleo Sublimador de Bronzeado Monoï de Tahiti, 150ml",3468080008779,10530,10074,,Corine de Farme,,"99,93€/L","14,99€",https://cdn.intermarche.pt/pt/Content/images/boitmal/produit/zoom/1CE5B9123F7D544E37A4FA15CAE51871.jpg,,/product/oleo-sublimador-de-bronzeado-monoi-de-tahiti-150ml/3468080008779
54251,"Creme Protetor Rosto e Corpo FP 30 Monoï de Tahiti, 50ml",3468080009349,10530,10074,,Corine de Farme,,"143,80€/L","7,19€",https://cdn.intermarche.pt/pt/Content/images/boitmal/produit/zoom/074C3D21C77ED6BC640B9DB3CD09F4BF.jpg,,/product/creme-protetor-rosto-e-corpo-fp-30-monoi-de-tahiti-50ml/3468080009349
54252,"Creme Protetor Rosto e Corpo FP 50 Monoï de Tahiti, 50ml",3468080009332,10530,10074,,Corine de Farme,,"143,80€/L","7,19€",https://cdn.intermarche.pt/pt/Content/images/boitmal/produit/zoom/7D887D6C56BA48330543295E7AEF079F.jpg,,/product/creme-protetor-rosto-e-corpo-fp-50-monoi-de-tahiti-50ml/3468080009332
54273,"Fluído de Rosto Diário Invisível FPS 50+, 40ml",4006000104041,10530,10074,,Nivea Sun,,"314,75€/L","12,59€",https://cdn.intermarche.pt/pt/Content/images/boitmal/produit/zoom/349206B74A8EF1FFB01DD77BC60126A6.jpg,,/product/fluido-de-rosto-diario-invisivel-fps-50+-40ml/4006000104041
54275,"Protetor Sensitive Spray Familiar embalagem, 270ml",4005900911681,10530,10074,,Nivea Sun,,"53,30€/L","14,39€",https://cdn.intermarche.pt/pt/Content/images/boitmal/produit/zoom/5B41108A2671C433A05141F3DA2B8D1D.jpg,,/product/protetor-sensitive-spray-familiar-embalagem-270ml/4005900911681
54279,"Óleo Protetor SPF20, 150ml",3600542452540,10530,10074,,Ambre Solaire,,"69,93€/L","10,49€",https://cdn.intermarche.pt/pt/Content/images/boitmal/produit/zoom/7708F43D2BB76BB19CA5EC791B8E885B.jpg,,/product/oleo-protetor-spf20-150ml/3600542452540
54281,"Óleo Protetor SPF 30, 150ml",3600542452502,10530,10074,,Ambre Solaire,,"73,93€/L","11,09€",https://cdn.intermarche.pt/pt/Content/images/boitmal/produit/zoom/F40519F2F8B62DD25C1EB0815ADF84B1.jpg,,/product/oleo-protetor-spf-30-150ml/3600542452502
54282,"Protetor Solar com Cor Rosto FP 50, 50ml",8445098419884,10530,10074,,Ambre Solaire,,"179,80€/L","8,99€",https://cdn.intermarche.pt/pt/Content/images/boitmal/produit/zoom/2F01EE6A24CDD9F7BA304AD93E3F58F4.jpg,,/product/protetor-solar-com-cor-rosto-fp-50-50ml/8445098419884
54284,"Invisible Serum Super UV 50, 30ml",3600542518406,10530,10074,,Ambre Solaire,,"359,67€/L","10,79€",https://cdn.intermarche.pt/pt/Content/images/boitmal/produit/zoom/4F97EEC6F789B26AE1D08D762F52D83E.jpg,,/product/invisible-serum-super-uv-50-30ml/3600542518406
54285,"Protetor Solar Fluído Anti-Manchas FPS 50+, 40ml",3600542573801,10530,10074,,Ambre Solaire,,"262,25€/L","10,49€",https://cdn.intermarche.pt/pt/Content/images/boitmal/produit/zoom/4D83D073A34C460C3442D22D966B6EBD.jpg,,/product/protetor-solar-fluido-anti-manchas-fps-50+-40ml/3600542573801
54286,"Bruma de Rosto e Corpo Ideal Bronze FPS 30, 150ml",3600542572606,10530,10074,,Ambre Solaire,,"67,93€/L","10,19€",https://cdn.intermarche.pt/pt/Content/images/boitmal/produit/zoom/6FB7724252FE6DA045F55FB9DCE8758F.jpg,,/product/bruma-de-rosto-e-corpo-ideal-bronze-fps-30-150ml/3600542572606
54287,"Protetor Solar Spray Ideal Bronze FPS 30, 150ml",3600542572637,10530,10074,,Ambre Solaire,,"71,93€/L","10,79€",https://cdn.intermarche.pt/pt/Content/images/boitmal/produit/zoom/558AFF03B580A4ACD7A95C7626DFF184.jpg,,/product/protetor-solar-spray-ideal-bronze-fps-30-150ml/3600542572637
54288,"Protetor Solar Spray Ideal Bronze FPS 50, 150ml",3600542572736,10530,10074,,Ambre Solaire,,"71,93€/L","10,79€",https://cdn.intermarche.pt/pt/Content/images/boitmal/produit/zoom/E7502E7767DE1836241851E3421702B7.jpg,,/product/protetor-solar-spray-ideal-bronze-fps-50-150ml/3600542572736
54291,"Protetor Solar Spray Sensitive Advanced FPS 50+, 150ml",3600542520447,10530,10074,,Ambre Solaire,,"113,27€/L","16,99€",https://cdn.intermarche.pt/pt/Content/images/boitmal/produit/zoom/5B6582C37DCD0C2A6FCFB1A47B004001.jpg,,/product/protetor-solar-spray-sensitive-advanced-fps-50+-150ml/3600542520447
35675,Leite hidratante aloe vera after sun,3600542226295,10528,10074,Embalagem de 400 ml,Ambre Solaire,,"25,48€/L","10,19€",https://cdn.intermarche.pt/pt/Content/images/boitmal/produit/zoom/83342C88E8CA17E3C50F284166BB6E39.jpg,,/product/leite-hidratante-aloe-vera-after-sun/3600542226295
51926,Loção After Sun Moisture,4005900755759,10528,10074,Garrafa de 400 ml,Nivea Sun,,"27,38€/L","10,95€",https://cdn.intermarche.pt/pt/Content/images/boitmal/produit/zoom/F97F1137D7539AC68AB33F2CD520A203.jpg,,/product/locao-after-sun-moisture/4005900755759
53924,"Loção Solar Cenoura FP 6, 200ml",5604260333158,10528,10074,,Labell,,"24,95€/L","4,99€",https://cdn.intermarche.pt/pt/Content/images/boitmal/produit/zoom/76A5E0B432406BBBD3247C9FE2E08C4C.jpg,,/product/locao-solar-cenoura-fp-6-200ml/5604260333158
7665,Loção Hidratante para Depois do Sol,4005808479672,10528,10074,Embalagem de 200 ml,Nivea Sun,,"59,95€/L","11,99€",https://cdn.intermarche.pt/pt/Content/images/boitmal/produit/zoom/3BB63D862CF0C67151906C0FDD26EABE.jpg,,/product/locao-hidratante-para-depois-do-sol/4005808479672
25298,Loção After Sun Bronze,4005900372918,10528,10074,Embalagem de 200 ml,Nivea Sun,,"41,95€/L","8,39€",https://cdn.intermarche.pt/pt/Content/images/boitmal/produit/zoom/AD6E45DD4E37D06D1FE0579B3882C5D6.jpg,,/product/locao-after-sun-bronze/4005900372918
50040,Leite Hidratante c/ Aloé Vera,3600542297943,10528,10074,Embalagem de 200 ml,Ambre Solaire,,"19,45€/L","3,89€",https://cdn.intermarche.pt/pt/Content/images/boitmal/produit/zoom/21079F2C68ABB9D7610DECFCD2F36297.jpg,,/product/leite-hidratante-c-ou-aloe-vera/3600542297943
53923,"Loção After Sun, 250ml",5604260333165,10528,10074,,Labell,,"11,96€/L","2,99€",https://cdn.intermarche.pt/pt/Content/images/boitmal/produit/zoom/9A4B02C406FE0E6B80B535E6871D34D1.jpg,,/product/locao-after-sun-250ml/5604260333165
54254,"After Sun Leite Hidratante Bio, 200ml",3468080008540,10528,10074,,Corine de Farme,,"35,95€/L","7,19€",https://cdn.intermarche.pt/pt/Content/images/boitmal/produit/zoom/58B7C071A9657C31BB39BDCD01BCED40.jpg,,/product/after-sun-leite-hidratante-bio-200ml/3468080008540
54255,"Leite After Sun Ácido Hialurónico, 200ml",3468080009240,10528,10074,,Corine de Farme,,"35,95€/L","7,19€",https://cdn.intermarche.pt/pt/Content/images/boitmal/produit/zoom/A442E250AE8A3B8D25DA8E41D1E8A2AF.jpg,,/product/leite-after-sun-acido-hialuronico-200ml/3468080009240
54256,"Bálsamo Reparador After-Sun Monoï de Tahiti, 150ml",3468080008366,10528,10074,,Corine de Farme,,"43,93€/L","6,59€",https://cdn.intermarche.pt/pt/Content/images/boitmal/produit/zoom/FE39D02F34B41FF61DEF113939FF5609.jpg,,/product/balsamo-reparador-after-sun-monoi-de-tahiti-150ml/3468080008366
54280,"Leite Hidratante After Sun, 200ml",3600542448093,10528,10074,,Ambre Solaire,,"35,95€/L","7,19€",https://cdn.intermarche.pt/pt/Content/images/boitmal/produit/zoom/2FB9A3EC20642BA80EC632898A2941CC.jpg,,/product/leite-hidratante-after-sun-200ml/3600542448093
53922,"Protetor Solar Spray Kids Sensitive FPS 50+, 250ml",5604260333127,11777,10074,,Labell,,"25,96€/L","6,49€",https://cdn.intermarche.pt/pt/Content/images/boitmal/produit/zoom/3A98DE117C4F1A4C47E24581277360BB.jpg,,/product/protetor-solar-spray-kids-sensitive-fps-50+-250ml/5604260333127
20537,Protetor Solar Spray para Criança Pure & Sensitive FP50+,4005900118431,11777,10074,Embalagem de 200 ml,Nivea Sun,,"58,45€/L","11,69€",https://cdn.intermarche.pt/pt/Content/images/boitmal/produit/zoom/1480D9B9E39E784699F4120D794A1839.jpg,,/product/protetor-solar-spray-para-crianca-pure-&-sensitive-fp50+/4005900118431
49588,Spray Solar para Crianças FP50+,4005900911568,11777,10074,Embalagem de 270 ml,Nivea Sun,,"51,81€/L","13,99€",https://cdn.intermarche.pt/pt/Content/images/boitmal/produit/zoom/05EFBCFD0E95BA2F83153A38E15A390C.jpg,,/product/spray-solar-para-criancas-fp50+/4005900911568
49237,Spray Solar para Crianças IP50,3600542456623,11777,10074,Embalagem de 150 ml,Ambre Solaire,,"96,60€/L","14,49€",https://cdn.intermarche.pt/pt/Content/images/boitmal/produit/zoom/A16E9DBE29C97B1BCCD649E1A68F85A7.jpg,,/product/spray-solar-para-criancas-ip50/3600542456623
49837,Roll-on kids protect & care fp50+,0000042361077,11777,10074,50 ml,Nivea Sun,,"199,80€/L","9,99€",https://cdn.intermarche.pt/pt/Content/images/boitmal/produit/zoom/E76D561752DD1663D7E02A7607249C90.jpg,,/product/roll-on-kids-protect-&-care-fp50+/0000042361077
52321,Protetor Solar Spray Protect&Play Kids FPS50+,4006000003894,11777,10074,Embalagem de 150ml,Nivea Sun,,"67,93€/L","10,19€",https://cdn.intermarche.pt/pt/Content/images/boitmal/produit/zoom/B5F2EEB3762365ED8CD653DF6CCE569B.jpg,,/product/protetor-solar-spray-protect&play-kids-fps50+/4006000003894
54253,"Leite Protetor Rosto e Corpo FP 50 em Spray Babies&Kids, 150ml",3468080009264,11777,10074,,Corine de Farme,,"79,93€/L","11,99€",https://cdn.intermarche.pt/pt/Content/images/boitmal/produit/zoom/3991DB284A7F1C48094569961D4FDD2F.jpg,,/product/leite-protetor-rosto-e-corpo-fp-50-em-spray-babies&kids-150ml/3468080009264
54274,"Sun Spray Familiar Protect & Bronze FP50, 270ml",4006000060569,11777,10074,,Nivea Sun,,"54,78€/L","14,79€",https://cdn.intermarche.pt/pt/Content/images/boitmal/produit/zoom/59984C6B7D3858CC4BA589AA698D604E.jpg,,/product/sun-spray-familiar-protect-&-bronze-fp50-270ml/4006000060569
54298,"Advanced Sensitive Spray Kids FPS50+, 150ml",3600542512909,11777,10074,,Ambre Solaire,,"75,93€/L","11,39€",https://cdn.intermarche.pt/pt/Content/images/boitmal/produit/zoom/1688C47E7A873AF75126A1CAC8F1DC87.jpg,,/product/advanced-sensitive-spray-kids-fps50+-150ml/3600542512909
7651,"Protetor Solar Spray Protect & Play Crianças Fps 50+, 200ml",4005808325009,11777,10074,Embalagem de 200 ml,Nivea Sun,,"56,95€/L","11,39€",https://cdn.intermarche.pt/pt/Content/images/boitmal/produit/zoom/05372D22330B29202CB82455E81E804F.jpg,,/product/protetor-solar-spray-protect-&-play-criancas-fps-50+-200ml/4005808325009
51822,"Pensos elásticos de feridas extra flexíveis, 10 unidades",4005800280627,11400,10076,,Hansaplast,,"1,99€/Unidade","1,99€",https://cdn.intermarche.pt/pt/Content/images/boitmal/produit/zoom/068380F5EDAC0F1CA8B23C6BBB7999F7.jpg,,/product/pensos-elasticos-de-feridas-extra-flexiveis-10-unidades/4005800280627
5769,Álcool etílico 96º,5604260015542,11400,10076,Embalagem de 250 ml,PorSi,,"3,96€/L","0,99€",https://cdn.intermarche.pt/pt/Content/images/boitmal/produit/zoom/AC8E9C8E87EBDE256AC7C5586E188F56.jpg,,/product/alcool-etilico-96º/5604260015542
9408,Água oxigenada,5604260044887,11400,10076,Embalagem de 250 ml,Labell,,"2,36€/L","0,59€",https://cdn.intermarche.pt/pt/Content/images/boitmal/produit/zoom/01048123DC718CB8369A7020BCD49DE8.jpg,,/product/agua-oxigenada/5604260044887
36876,Compressas,5604260290994,11400,10076,Embalagem com 100 unidades,PorSi,,"1,69€/Unidade","1,69€",https://cdn.intermarche.pt/pt/Content/images/boitmal/produit/zoom/0B62ACEA625C4FF4CFA2CEB4F8349F75.jpg,,/product/compressas/5604260290994
42630,Pensos resistentes à água,5604260302802,11400,10076,Embalagem com 15 unidades,PorSi,,"0,69€/Unidade","0,69€",https://cdn.intermarche.pt/pt/Content/images/boitmal/produit/zoom/FEBACAABFF82B0E7D0B358525E245F67.jpg,,/product/pensos-resistentes-a-agua/5604260302802
43930,Pensos clássicos,5604260302826,11400,10076,20 unidades,PorSi,,"0,39€/Unidade","0,39€",https://cdn.intermarche.pt/pt/Content/images/boitmal/produit/zoom/40DE1CE44384A65EE44CC4DE2117FB5C.jpg,,/product/pensos-classicos/5604260302826
43933,Pensos banda,5604260308644,11400,10076,100 x 6 cm,PorSi,,"0,99€/Unidade","0,99€",https://cdn.intermarche.pt/pt/Content/images/boitmal/produit/zoom/EF1D42FFC7537150E2834B096B5D7840.jpg,,/product/pensos-banda/5604260308644
42748,Fita adesiva,5604260307913,11400,10076,5m x 1.25 cm,PorSi,,"0,85€/Unidade","0,85€",https://cdn.intermarche.pt/pt/Content/images/boitmal/produit/zoom/A29EA447C652652CA1E7B4DB7BE0A8EB.jpg,,/product/fita-adesiva/5604260307913
42631,Penso júnior,5604260302819,11400,10076,20 unidades,PorSi,,"0,59€/Unidade","0,59€",https://cdn.intermarche.pt/pt/Content/images/boitmal/produit/zoom/D3A85BA905F812076F7071B6BA04F423.jpg,,/product/penso-junior/5604260302819
43932,10 compressas de gaze,5604260302871,11400,10076,20 x 20 cm,PorSi,,"1,49€/Unidade","1,49€",https://cdn.intermarche.pt/pt/Content/images/boitmal/produit/zoom/1878FD4106D13B53F8E1202A8B19E1A4.jpg,,/product/10-compressas-de-gaze/5604260302871
9407,Água oxigenada,5604260044870,11400,10076,Embalagem de 500 ml,Labell,,"1,30€/L","0,65€",https://cdn.intermarche.pt/pt/Content/images/boitmal/produit/zoom/174960451A8AA18553CEF44FD59E2962.jpg,,/product/agua-oxigenada/5604260044870
43931,Pensos clássicos,5604260302833,11400,10076,100 unidades,PorSi,,"1,59€/Unidade","1,59€",https://cdn.intermarche.pt/pt/Content/images/boitmal/produit/zoom/37821A74899163E08179B1645F1A92B6.jpg,,/product/pensos-classicos/5604260302833
50057,Algodão zig zag pré-cortado,5604260320110,11400,10076,Embalagem de 200 g,PorSi,,"5,40€/Kg","1,08€",https://cdn.intermarche.pt/pt/Content/images/boitmal/produit/zoom/AFB13D5BDFA9729D653C2593BDA2F698.jpg,,/product/algodao-zig-zag-pre-cortado/5604260320110
40740,"Pensos para calos, 10 unidades",5604260302857,11400,10076,1 embalagem,PorSi,,"0,79€/Unidade","0,79€",https://cdn.intermarche.pt/pt/Content/images/boitmal/produit/zoom/429CB59ABEA87CA5C92442D0CA9CB44B.jpg,,/product/pensos-para-calos-10-unidades/5604260302857
42629,2 Ligaduras elásticas,5604260302789,11400,10076,4m x 6 cm,PorSi,,"1,49€/Unidade","1,49€",https://cdn.intermarche.pt/pt/Content/images/boitmal/produit/zoom/3E14B2EF93B2C03DECD3ACB9394CF578.jpg,,/product/2-ligaduras-elasticas/5604260302789
43567,Fita adesiva,5604260302796,11400,10076,5m x 2.5 cm,PorSi,,"1,29€/Unidade","1,29€",https://cdn.intermarche.pt/pt/Content/images/boitmal/produit/zoom/BE5C8FDC600DC7086D65360DAC2AB468.jpg,,/product/fita-adesiva/5604260302796
45712,Pensos clássicos,5604260302888,11400,10076,20 unidades,PorSi,,"0,39€/Unidade","0,39€",https://cdn.intermarche.pt/pt/Content/images/boitmal/produit/zoom/22C4344FE6C31BB47C5F4566578407E7.jpg,,/product/pensos-classicos/5604260302888
8787,Solução dérmica,5601233063005,11400,10076,Embalagem de 125 ml,Hidro,,"19,12€/L","2,39€",https://cdn.intermarche.pt/pt/Content/images/boitmal/produit/zoom/92FD7C183E3B7D18A04F84B43CEE4E76.jpg,,/product/solucao-dermica/5601233063005
45664,Tiras nasais,5604260308675,11400,10076,Embalagem de 10 unidades,PorSi,,"4,99€/Unidade","4,99€",https://cdn.intermarche.pt/pt/Content/images/boitmal/produit/zoom/60939624D5126339D4F457F25C4265E8.jpg,,/product/tiras-nasais/5604260308675
46786,Pensos para bolhas,5604260318353,11400,10076,20 unidades,PorSi,,"2,09€/Unidade","2,09€",https://cdn.intermarche.pt/pt/Content/images/boitmal/produit/zoom/CF16EC8B3BDA3C9504295AF940A26574.jpg,,/product/pensos-para-bolhas/5604260318353
46789,Pensos peles sensíveis sortidos,5604260320202,11400,10076,30 unidades,PorSi,,"0,89€/Unidade","0,89€",https://cdn.intermarche.pt/pt/Content/images/boitmal/produit/zoom/6F8EDF3B308F67095C7C0603F0D949DB.jpg,,/product/pensos-peles-sensiveis-sortidos/5604260320202
46803,Álcool canforado 85%,5604260319138,11400,10076,Embalagem de 250 ml,PorSi,,"7,96€/L","1,99€",https://cdn.intermarche.pt/pt/Content/images/boitmal/produit/zoom/5BA7E4EF3EFC5BD7DDAF73783C7D98CF.jpg,,/product/alcool-canforado-85%25/5604260319138
36987,Spray óleo amêndoas doces,5601233699006,11400,10076,Embalagem de 100 ml,Hidro,,"34,90€/L","3,49€",https://cdn.intermarche.pt/pt/Content/images/boitmal/produit/zoom/6B2D0AEF9E1864CA476B7E1DA532414F.jpg,,/product/spray-oleo-amendoas-doces/5601233699006
43935,Pensos peles sensíveis XL,5604260308668,11400,10076,5 unidades,PorSi,,"1,49€/Unidade","1,49€",https://cdn.intermarche.pt/pt/Content/images/boitmal/produit/zoom/2407C0B243EDC98A7CF85EB6C2B2417D.jpg,,/product/pensos-peles-sensiveis-xl/5604260308668
43939,Pensos proteção calos,5604260302864,11400,10076,embalagem com 9 unidades,PorSi,,"0,79€/Unidade","0,79€",https://cdn.intermarche.pt/pt/Content/images/boitmal/produit/zoom/CE2F105ACBDBD487E0A5277937AB3CC5.jpg,,/product/pensos-protecao-calos/5604260302864
4497,"Pensos, 20 unidades",4005800174872,11400,10076,1 embalagem,Hansaplast,,"1,99€/Unidade","1,99€",https://cdn.intermarche.pt/pt/Content/images/boitmal/produit/zoom/D0CC07045E2C92994FA51F8F5D096F73.jpg,,/product/pensos-20-unidades/4005800174872
45665,Pensos térmicos alívio da dor muscular 13x10cm,5604260308682,11400,10076,Embalagem de 2 unidades,PorSi,,"4,24€/Unidade","4,24€",https://cdn.intermarche.pt/pt/Content/images/boitmal/produit/zoom/D0976F957BBF8F3D785A83204C2A604A.jpg,,/product/pensos-termicos-alivio-da-dor-muscular-13x10cm/5604260308682
45666,Banda térmica alivio dor muscular 29x9cm,5604260308699,11400,10076,Embalagem de 2 unidades,PorSi,,"8,99€/Unidade","8,99€",https://cdn.intermarche.pt/pt/Content/images/boitmal/produit/zoom/1EFDE9816E16DA51636B9C7A8E471BB8.jpg,,/product/banda-termica-alivio-dor-muscular-29x9cm/5604260308699
46790,kit primeiros socorros,5604260316878,11400,10076,1 unidade,PorSi,,"8,99€/Unidade","8,99€",https://cdn.intermarche.pt/pt/Content/images/boitmal/produit/zoom/5D3B5687F16792CE4FDCC21693E450C4.jpg,,/product/kit-primeiros-socorros/5604260316878
47838,"Bolas de algodão, cores, com 100 unidades",5604260320097,11400,10076,1 embalagem,PorSi,,"0,79€/Unidade","0,79€",https://cdn.intermarche.pt/pt/Content/images/boitmal/produit/zoom/C227CD0628709442C5B5CD260B6DE916.jpg,,/product/bolas-de-algodao-cores-com-100-unidades/5604260320097
51854,"Pensos de feridas extra power, 16 unidades",4005800013935,11400,10076,,Hansaplast,,"2,79€/Unidade","2,79€",https://cdn.intermarche.pt/pt/Content/images/boitmal/produit/zoom/6D79B0D396F555C6722DA8C3F35492AD.jpg,,/product/pensos-de-feridas-extra-power-16-unidades/4005800013935
8790,Mala primeiros socorros,5601233846004,11400,10076,1 unidade,Hidro,,"14,99€/Unidade","14,99€",https://cdn.intermarche.pt/pt/Content/images/boitmal/produit/zoom/0AD8365C3A3ED4415AE89AC7015795D6.jpg,,/product/mala-primeiros-socorros/5601233846004
46952,Álcool Etílico Sanitário,5604260316021,11401,10076,200 ml,PorSi,,"4,95€/L","0,99€",https://cdn.intermarche.pt/pt/Content/images/boitmal/produit/zoom/E3B38123F5A3FD86198CBF42328D671C.jpg,,/product/alcool-etilico-sanitario/5604260316021
46291,Desinfetante álcool gel spray,5604260315727,11401,10076,100 ml,PorSi,,"12,90€/L","1,29€",https://cdn.intermarche.pt/pt/Content/images/boitmal/produit/zoom/FE9416D75FDB6087A92D45DA410A4765.jpg,,/product/desinfetante-alcool-gel-spray/5604260315727
43034,Desinfetante de frutas e vegetais,5600114173840,11401,10076,500 ml,Clean Essence,,"9,98€/L","4,99€",https://cdn.intermarche.pt/pt/Content/images/boitmal/produit/zoom/DEC00FE09F299277E912BF1FE049E46F.jpg,,/product/desinfetante-de-frutas-e-vegetais/5600114173840
38345,Baton cieiro clássico,5604260278206,11402,10076,Pack 2 unidades,PorSi,,"1,19€/Unidade","1,19€",https://cdn.intermarche.pt/pt/Content/images/boitmal/produit/zoom/3B7A434D2F37E1149F1A7B455D9D234B.jpg,,/product/baton-cieiro-classico/5604260278206
51243,Batom Hidratante Ingredientes Naturais,5604260326259,11402,10076,1 unidade,PorSi,,"1,49€/Unidade","1,49€",https://cdn.intermarche.pt/pt/Content/images/boitmal/produit/zoom/9E5B1D8E477366BC1A06CEB77EE9FAA4.jpg,,/product/batom-hidratante-ingredientes-naturais/5604260326259
45667,Baton hidratante pearl shine,5604260308705,11402,10076,Embalagem de 2 unidades,PorSi,,"1,39€/Unidade","1,39€",https://cdn.intermarche.pt/pt/Content/images/boitmal/produit/zoom/BB65062CBEF5B3204AA56555A6995870.jpg,,/product/baton-hidratante-pearl-shine/5604260308705
51170,Bálsamo de Lábios Dress Nude,4005900780195,11402,10076,5.5 ml,Labello,,"8,49€/Unidade","8,49€",https://cdn.intermarche.pt/pt/Content/images/boitmal/produit/zoom/B6167EAE4344C0E93B4A321978E6B8ED.jpg,,/product/balsamo-de-labios-dress-nude/4005900780195
51242,Batom Sun Protect FPS30,5604260326266,11402,10076,1 unidade,PorSi,,"0,99€/Unidade","0,99€",https://cdn.intermarche.pt/pt/Content/images/boitmal/produit/zoom/AE11750702DBDE6B49910C5716DC1771.jpg,,/product/batom-sun-protect-fps30/5604260326266
53814,Baton do Cieiro Black Berry Shine,4006000005850,11402,10076,Embalagem de 1 un.,Labello,,"3,49€/Unidade","3,49€",https://cdn.intermarche.pt/pt/Content/images/boitmal/produit/zoom/A6807492B82B32ED517FF8614BFD108F.jpg,,/product/baton-do-cieiro-black-berry-shine/4006000005850
51171,Bálsamo de Lábios Glossy Shine,4005900780188,11402,10076,5.5 ml,Labello,,"8,49€/Unidade","8,49€",https://cdn.intermarche.pt/pt/Content/images/boitmal/produit/zoom/E32D833CEECE5A66C542C82C825641B8.jpg,,/product/balsamo-de-labios-glossy-shine/4005900780188
53810,Batom do Cieiro Morango,4005800324345,11402,10076,Embalagem de 1 un.,Labello,,"3,49€/Unidade","3,49€",https://cdn.intermarche.pt/pt/Content/images/boitmal/produit/zoom/2A45806199C29D3738F43C230C68559F.jpg,,/product/batom-do-cieiro-morango/4005800324345
48183,Cotonetes 100% biodegradáveis,5604260320080,11778,10076,Embalagem de 200 unidades,PorSi,,"0,59€/Unidade","0,59€",https://cdn.intermarche.pt/pt/Content/images/boitmal/produit/zoom/5137A7E8BF4473B8FB5B01F5915F8F51.jpg,,/product/cotonetes-100%25-biodegradaveis/5604260320080
46801,Cotonetes para bebé,5604260316601,11778,10076,Embalagem com 60 unidades,PorSi,,"0,59€/Unidade","0,59€",https://cdn.intermarche.pt/pt/Content/images/boitmal/produit/zoom/A72EF72FBF0A04DB43892319090877DF.jpg,,/product/cotonetes-para-bebe/5604260316601
9409,Soro fisiológico,5604260044900,11778,10076,Embalagem de 60 ml,PorSi,,"8,17€/L","0,49€",https://cdn.intermarche.pt/pt/Content/images/boitmal/produit/zoom/9FBE462F3E8BA899966C514957D51D38.jpg,,/product/soro-fisiologico/5604260044900
12092,Soro fisiológico,5604260264209,11778,10076,Embalagem de 100 ml,PorSi,,"5,90€/L","0,59€",https://cdn.intermarche.pt/pt/Content/images/boitmal/produit/zoom/51D3705359CBE92E7B9F5D52A96EF74D.jpg,,/product/soro-fisiologico/5604260264209
3709,"Protecções auditivas, 2 unidades",3160928506200,11778,10076,,Mercurochr,,"4,49€/Unidade","4,49€",https://cdn.intermarche.pt/pt/Content/images/boitmal/produit/zoom/D42C66C11FD189751394671930CE8B1E.jpg,,/product/proteccoes-auditivas-2-unidades/3160928506200
8701,"Cotonetes, 200 unidades",5601182162002,11778,10076,Uma embalagem,Johnson's Baby,,"2,69€/Unidade","2,69€",https://cdn.intermarche.pt/pt/Content/images/boitmal/produit/zoom/CB12C5CE2CA1819A5BA01D62483B0386.jpg,,/product/cotonetes-200-unidades/5601182162002
15869,12 Preservativos Adapta Finíssimo XL,8411134117335,11779,10076,,Control,,"9,99€/Unidade","9,99€",https://cdn.intermarche.pt/pt/Content/images/boitmal/produit/zoom/48C8C09DD497FC163126603AB206EE9B.jpg,,/product/12-preservativos-adapta-finissimo-xl/8411134117335
12426,12 Preservativos Adapta Finíssimo,8411134112804,11779,10076,,Control,,"9,99€/Unidade","9,99€",https://cdn.intermarche.pt/pt/Content/images/boitmal/produit/zoom/B91BAE1077CB2520CD7FFEBB885B9986.jpg,,/product/12-preservativos-adapta-finissimo/8411134112804
52323,Preservativos Fussion,8852961021837,11779,10076,Embalagem de 6 unidades,Control,,"5,99€/Unidade","5,99€",https://cdn.intermarche.pt/pt/Content/images/boitmal/produit/zoom/B721775CDC96159798B8A0236EBF29E5.jpg,,/product/preservativos-fussion/8852961021837
6535,6 Preservativos Adapta Senso,8411134100764,11779,10076,,Control,,"5,99€/Unidade","5,99€",https://cdn.intermarche.pt/pt/Content/images/boitmal/produit/zoom/DC0D4681173A103E4475E97113B35EF1.jpg,,/product/6-preservativos-adapta-senso/8411134100764
10352,12 Preservativos Adapta Non Stop,8411134108029,11779,10076,,Control,,"9,99€/Unidade","9,99€",https://cdn.intermarche.pt/pt/Content/images/boitmal/produit/zoom/F39405203FB8D1A525A884B6ECDF91D3.jpg,,/product/12-preservativos-adapta-non-stop/8411134108029
42058,"Preservativo real feel, 12 unidades",8428076000458,11779,10076,,Durex,,"9,99€/Unidade","9,99€",https://cdn.intermarche.pt/pt/Content/images/boitmal/produit/zoom/F9F3852FEFA032EF70085A3A842373F2.jpg,,/product/preservativo-real-feel-12-unidades/8428076000458
48241,"Preservativos Touch & Feel, 6 unidades",8411134120113,11779,10076,,Control,,"5,99€/Unidade","5,99€",https://cdn.intermarche.pt/pt/Content/images/boitmal/produit/zoom/62908335709D4677A26C9465D951A1FC.jpg,,/product/preservativos-touch-&-feel-6-unidades/8411134120113
52555,"Preservativos Extra Seguro, 12 unidades",8428076000557,11779,10076,,Durex,,"7,99€/Unidade","7,99€",https://cdn.intermarche.pt/pt/Content/images/boitmal/produit/zoom/979490A8820D15393EA50882E40926C9.jpg,,/product/preservativos-extra-seguro-12-unidades/8428076000557
52557,"Gel Lubrificante Massage 2in1 Guaraná Estimulante, 200ml",5038483957431,11779,10076,,Durex,,"74,95€/L","14,99€",https://cdn.intermarche.pt/pt/Content/images/boitmal/produit/zoom/3737A92BEB087E2008CA49F4F6A1C772.jpg,,/product/gel-lubrificante-massage-2in1-guarana-estimulante-200ml/5038483957431
10353,10 Preservativos Easy Way Nature,8411134124111,11779,10076,,Control,,"9,99€/Unidade","9,99€",https://cdn.intermarche.pt/pt/Content/images/boitmal/produit/zoom/1A377B891AF6FCB424149F15BFAE8D24.jpg,,/product/10-preservativos-easy-way-nature/8411134124111
15870,10 Preservativos Easy Way Finissímos,8411134126917,11779,10076,,Control,,"9,99€/Unidade","9,99€",https://cdn.intermarche.pt/pt/Content/images/boitmal/produit/zoom/D7C61942295A3C2F7051606F4ECC1A24.jpg,,/product/10-preservativos-easy-way-finissimos/8411134126917
18145,"Preservativos Adapta Touch & Feel, 12 unidades",8411134104304,11779,10076,,Control,,"9,99€/Unidade","9,99€",https://cdn.intermarche.pt/pt/Content/images/boitmal/produit/zoom/C6EDD4503BB9DC1753D1F9BA6698202F.jpg,,/product/preservativos-adapta-touch-&-feel-12-unidades/8411134104304
18153,Gel Lubrificante natural play,5052197040364,11779,10076,Embalagem de 50 ml,Durex,,"199,80€/L","9,99€",https://cdn.intermarche.pt/pt/Content/images/boitmal/produit/zoom/01838F0DC05646074AC130096C5D1B16.jpg,,/product/gel-lubrificante-natural-play/5052197040364
18154,Gel Lubrificante Play Calor,5052197040425,11779,10076,Embalagem de 50 ml,Durex,,"199,80€/L","9,99€",https://cdn.intermarche.pt/pt/Content/images/boitmal/produit/zoom/6320466F0F99FF459159B99A10456FD1.jpg,,/product/gel-lubrificante-play-calor/5052197040425
18677,Gel Play Morango,5052197040548,11779,10076,Embalagem de 50 ml,Durex,,"199,80€/L","9,99€",https://cdn.intermarche.pt/pt/Content/images/boitmal/produit/zoom/BECFD0A8D7A7B6D22E0ADD7B7DDB8DD8.jpg,,/product/gel-play-morango/5052197040548
41827,Gel lubrificante íntimo 100% natural,8410104892258,11779,10076,embalagem de 100 ml,Durex,,"179,90€/L","17,99€",https://cdn.intermarche.pt/pt/Content/images/boitmal/produit/zoom/7A68B1EC5DD2205F8E3ABFCE7AEC1402.jpg,,/product/gel-lubrificante-intimo-100%25-natural/8410104892258
42057,Preservativo prazer prolongado,8428076000489,11779,10076,Embalagem de 12 unidades,Durex,,"9,99€/Unidade","9,99€",https://cdn.intermarche.pt/pt/Content/images/boitmal/produit/zoom/1BAC0C2D83CE4B548D7AC51899A06418.jpg,,/product/preservativo-prazer-prolongado/8428076000489
42059,"Preservativo sensitivo suave, 12 unidades",8428076000533,11779,10076,,Durex,,"8,99€/Unidade","8,99€",https://cdn.intermarche.pt/pt/Content/images/boitmal/produit/zoom/D2A75ADB2BA8598D4847A3EFC4E5C4D2.jpg,,/product/preservativo-sensitivo-suave-12-unidades/8428076000533
42060,"Preservativo mutual climax, 12 unidades",8428076000441,11779,10076,,Durex,,"9,99€/Unidade","9,99€",https://cdn.intermarche.pt/pt/Content/images/boitmal/produit/zoom/F2D2C51668399058B749EEDB244AFAD5.jpg,,/product/preservativo-mutual-climax-12-unidades/8428076000441
46958,Preservativo sensibilidade total,8428076000502,11779,10076,12 unidades,Durex,,"9,99€/Unidade","9,99€",https://cdn.intermarche.pt/pt/Content/images/boitmal/produit/zoom/7FDF3FB0EBEE0714A78632FF66340AC1.jpg,,/product/preservativo-sensibilidade-total/8428076000502
46959,"Preservativos Intense Orgasmic, 12 unidades",8428076000496,11779,10076,,Durex,,"9,99€/Unidade","9,99€",https://cdn.intermarche.pt/pt/Content/images/boitmal/produit/zoom/CBE4ED203A9971F68A004EB01B04ADCF.jpg,,/product/preservativos-intense-orgasmic-12-unidades/8428076000496
52553,Preservativos Naturals,8428076002780,11779,10076,Embalagem de 10 unidades,Durex,,"11,99€/Unidade","11,99€",https://cdn.intermarche.pt/pt/Content/images/boitmal/produit/zoom/156887933FB0BBDC5AC5C9F6D5DF17F6.jpg,,/product/preservativos-naturals/8428076002780
52554,"Lubrificante Naturals Extra Sensitive, 100ml",8410104892333,11779,10076,,Durex,,"125,90€/L","12,59€",https://cdn.intermarche.pt/pt/Content/images/boitmal/produit/zoom/D0747DC347F8CB483C42B291B08DCB32.jpg,,/product/lubrificante-naturals-extra-sensitive-100ml/8410104892333
52556,"Preservativos Natural XL, 12 unidades",8428076000724,11779,10076,,Durex,,"7,99€/Unidade","7,99€",https://cdn.intermarche.pt/pt/Content/images/boitmal/produit/zoom/6841522C0D62B4FF1BCC0E19F1C47C8C.jpg,,/product/preservativos-natural-xl-12-unidades/8428076000724
52558,"Preservativos Taste me Fruity, 12 unidades",8428076000731,11779,10076,,Durex,,"9,99€/Unidade","9,99€",https://cdn.intermarche.pt/pt/Content/images/boitmal/produit/zoom/32B9EBB0EDC790DD2CFE4B938B1041D4.jpg,,/product/preservativos-taste-me-fruity-12-unidades/8428076000731
52561,"Preservativos Sem Látex, 12 unidades",8428076000403,11779,10076,,Durex,,"9,99€/Unidade","9,99€",https://cdn.intermarche.pt/pt/Content/images/boitmal/produit/zoom/4CDF7EB414EAB50A3B0F55055153333F.jpg,,/product/preservativos-sem-latex-12-unidades/8428076000403
52562,"Preservativos Invisible XL, 10 unidades",8428076003336,11779,10076,,Durex,,"9,99€/Unidade","9,99€",https://cdn.intermarche.pt/pt/Content/images/boitmal/produit/zoom/E3D1007A6FA6C3A2368EE1B8AE3AE6AF.jpg,,/product/preservativos-invisible-xl-10-unidades/8428076003336
53757,Gel Lubrificante Calor + Gel Lubrificante Frescor,8428076006818,11779,10076,Embalagem de 100ml,Durex,,"159,90€/L","15,99€",https://cdn.intermarche.pt/pt/Content/images/boitmal/produit/zoom/1992AC0F86EE328E8D9D988C111450AD.jpg,,/product/gel-lubrificante-calor-+-gel-lubrificante-frescor/8428076006818
6534,12 Preservativos Adapta Nature,8411134100757,11779,10076,,Control,,"7,99€/Unidade","7,99€",https://cdn.intermarche.pt/pt/Content/images/boitmal/produit/zoom/52A6B27093122B9DA7C38472B2A69000.jpg,,/product/12-preservativos-adapta-nature/8411134100757
6536,6 Preservativos Adapta  Retard,8411134100771,11779,10076,,Control,,"5,99€/Unidade","5,99€",https://cdn.intermarche.pt/pt/Content/images/boitmal/produit/zoom/F34EB91AB606DD8088B0ADD17B7F5860.jpg,,/product/6-preservativos-adapta-retard/8411134100771
10351,6 Preservativos Adapta Nature,8411134103338,11779,10076,,Control,,"4,49€/Unidade","4,49€",https://cdn.intermarche.pt/pt/Content/images/boitmal/produit/zoom/AA1589B4885D56D6E675A34B47F3AFEE.jpg,,/product/6-preservativos-adapta-nature/8411134103338
35412,Gel lubrificante warm touch,8058664099818,11779,10076,75 ml,Control,,"126,53€/L","9,49€",https://cdn.intermarche.pt/pt/Content/images/boitmal/produit/zoom/A9F8263F283776B282E2A72A40F17F13.jpg,,/product/gel-lubrificante-warm-touch/8058664099818
35673,Gel lubrificante nature,8058664099511,11779,10076,75 ml,Control,,"126,53€/L","9,49€",https://cdn.intermarche.pt/pt/Content/images/boitmal/produit/zoom/6FD60BC50CDE6DE015498AB97EF5F634.jpg,,/product/gel-lubrificante-nature/8058664099511
46334,"Preservativo nutural classic, 6 unidades",8428076000618,11779,10076,,Durex,,"3,79€/Unidade","3,79€",https://cdn.intermarche.pt/pt/Content/images/boitmal/produit/zoom/8899CC265F929B295AB75ED4F5E83ACC.jpg,,/product/preservativo-nutural-classic-6-unidades/8428076000618
52559,"Lubrificante Perfect Connection, 50ml",8428076000014,11779,10076,,Durex,,"219,80€/L","10,99€",https://cdn.intermarche.pt/pt/Content/images/boitmal/produit/zoom/45826244C91F3D04606634999B25DB65.jpg,,/product/lubrificante-perfect-connection-50ml/8428076000014
53665,Gel Lubrificante Play Cherry,5052197040517,11779,10076,Embalagem de 50ml,Durex,,"199,80€/L","9,99€",https://cdn.intermarche.pt/pt/Content/images/boitmal/produit/zoom/1FAF2D8F6A1FB52445E1FEC688E8B9C0.jpg,,/product/gel-lubrificante-play-cherry/5052197040517
46715,Papel higiénico branco folha quadrupla,5604260318759,11780,10080,12 rolos,PorSi,,"5,03€/Unidade","5,03€",https://cdn.intermarche.pt/pt/Content/images/boitmal/produit/zoom/078F78E1A23E8150050FA2F61B744BD8.jpg,2024-10-04T22:59:59.999Z,/product/papel-higienico-branco-folha-quadrupla/5604260318759
10280,Papel Higiénico Compacto Ultra Suave XXL,8410469002781,11780,10080,12 rolos,Colhogar,,"5,74€/Unidade","5,74€",https://cdn.intermarche.pt/pt/Content/images/boitmal/produit/zoom/30179BA84D6B6F4E974659F949EB4EB0.jpg,2024-09-25T22:59:59.999Z,/product/papel-higienico-compacto-ultra-suave-xxl/8410469002781
5032,Papel Higiénico Super Folha Dupla,5601028009164,11780,10080,Embalagem 48 Unidades,Renova,,"9,49€/Unidade","9,49€",https://cdn.intermarche.pt/pt/Content/images/boitmal/produit/zoom/34A331066A2512C91E6937C60FA71D1B.jpg,2024-09-25T22:59:59.999Z,/product/papel-higienico-super-folha-dupla/5601028009164
51184,"Papel Higiénico 3 Folhas Protect Rosa, 12 rolos",7322540671391,11780,10080,,Colhogar,,"5,96€/Unidade","5,96€",https://cdn.intermarche.pt/pt/Content/images/boitmal/produit/zoom/BC1531C919142A4603972A46617C7C03.jpg,2024-09-25T22:59:59.999Z,/product/papel-higienico-3-folhas-protect-rosa-12-rolos/7322540671391
46714,Papel higiénico branco folha tripla,5604260318742,11780,10080,12 rolos,PorSi,,"3,99€/Unidade","3,99€",https://cdn.intermarche.pt/pt/Content/images/boitmal/produit/zoom/4117CB72E2310914A1F7B260DFCFFD79.jpg,,/product/papel-higienico-branco-folha-tripla/5604260318742
11469,"Papel higiénico compacto, folha dupla",5601028016681,11780,10080,4 = 12 rolos,Renova,,"2,49€/Unidade","2,49€",https://cdn.intermarche.pt/pt/Content/images/boitmal/produit/zoom/833BBD2F004421BEB7D3758CD6F84330.jpg,,/product/papel-higienico-compacto-folha-dupla/5601028016681
36522,Papel higiénico macio absorvente,5604260292042,11780,10080,12 rolos,PorSi,,"2,59€/Unidade","2,59€",https://cdn.intermarche.pt/pt/Content/images/boitmal/produit/zoom/839473679F0155D9469467503CB1B3E6.jpg,,/product/papel-higienico-macio-absorvente/5604260292042
17112,Papel higiénico compacto,5604260319589,11780,10080,24 rolos,PorSi,,"8,99€/Unidade","8,99€",https://cdn.intermarche.pt/pt/Content/images/boitmal/produit/zoom/081DA6C349ABA9047B22FD056D691817.jpg,,/product/papel-higienico-compacto/5604260319589
34385,Papel higiénico reciclado 2 folhas,5604260285754,11780,10080,12 rolos,PorSi,,"2,39€/Unidade","2,39€",https://cdn.intermarche.pt/pt/Content/images/boitmal/produit/zoom/72941FE987ADE69A0F98448B6C07191D.jpg,,/product/papel-higienico-reciclado-2-folhas/5604260285754
46788,Papel higiénico acolchoado folha tripla,5604260319596,11780,10080,Embalagem de 9 rolos,PorSi,,"4,49€/Unidade","4,49€",https://cdn.intermarche.pt/pt/Content/images/boitmal/produit/zoom/1595B3F5ACD20EC31DFF7BD025C5EC9D.jpg,,/product/papel-higienico-acolchoado-folha-tripla/5604260319596
35046,Papel higiénico 2 folhas,5604260285747,11780,10080,32 rolos,PorSi,,"6,29€/Unidade","6,29€",https://cdn.intermarche.pt/pt/Content/images/boitmal/produit/zoom/CBA469D28E1C60ED4E83C75A4EFB29F4.jpg,,/product/papel-higienico-2-folhas/5604260285747
35299,Papel higiénico branco 2 folhas,5604260285730,11780,10080,48 rolos,PorSi,,"8,99€/Unidade","8,99€",https://cdn.intermarche.pt/pt/Content/images/boitmal/produit/zoom/69333B7AB735490D200A0253D81E0047.jpg,,/product/papel-higienico-branco-2-folhas/5604260285730
36784,Rolo de cozinha branco folha dupla,5604260292011,11780,10080,8 rolos,PorSi,,"3,69€/Unidade","3,69€",https://cdn.intermarche.pt/pt/Content/images/boitmal/produit/zoom/35B398E129DF224E6C598BEBEE064C94.jpg,,/product/rolo-de-cozinha-branco-folha-dupla/5604260292011
48893,Papel higiénico ultra compact 2 folhas,5604260318735,11780,10080,Embalagem de 4 unidades,PorSi,,"2,39€/Unidade","2,39€",https://cdn.intermarche.pt/pt/Content/images/boitmal/produit/zoom/807FCC7AB0CE4041764D1FD078975D9D.jpg,,/product/papel-higienico-ultra-compact-2-folhas/5604260318735
5036,"Papel higiénico compacto, extra xxl, 6 rolos",5601028012164,11780,10080,Uma embalagem,Renova,,"3,99€/Unidade","3,99€",https://cdn.intermarche.pt/pt/Content/images/boitmal/produit/zoom/8F382E3E2F2F16BB4FB1E6B90307BF71.jpg,,/product/papel-higienico-compacto-extra-xxl-6-rolos/5601028012164
9541,"Papel higiénico branco, compacto, folha dupla, 12 rolos",5604260167012,11780,10080,Uma embalagem,PorSi,,"4,48€/Unidade","4,48€",https://cdn.intermarche.pt/pt/Content/images/boitmal/produit/zoom/30A94F0B9E26D7AEED763B19BE83B9B6.jpg,,/product/papel-higienico-branco-compacto-folha-dupla-12-rolos/5604260167012
19414,"Papel Higiénico Puríssimo 3 Folhas, embalagem c/ 12 rolos",5601028024716,11780,10080,,Renova,,"4,99€/Unidade","4,99€",https://cdn.intermarche.pt/pt/Content/images/boitmal/produit/zoom/6242763EE156B95E7FFD25754BFAE64B.jpg,,/product/papel-higienico-purissimo-3-folhas-embalagem-c-ou-12-rolos/5601028024716
35824,Papel higiénico compacto 2 folhas,5604260292158,11780,10080,18 = 36 Rolos,PorSi,,"6,79€/Unidade","6,79€",https://cdn.intermarche.pt/pt/Content/images/boitmal/produit/zoom/4CBE5DABC3162BCA360BF7D63FA59394.jpg,,/product/papel-higienico-compacto-2-folhas/5604260292158
46882,Papel higiénico 3 folhas perfumado,5604260319824,11780,10080,Embalagem de 12 unidades,PorSi,,"4,69€/Unidade","4,69€",https://cdn.intermarche.pt/pt/Content/images/boitmal/produit/zoom/68B9050B69E06E930FC8682E67BB0624.jpg,,/product/papel-higienico-3-folhas-perfumado/5604260319824
5029,"Papel higiénico super, folha dupla, 24 rolos",5601028006392,11780,10080,Uma embalagem,Renova,,"6,89€/Unidade","6,89€",https://cdn.intermarche.pt/pt/Content/images/boitmal/produit/zoom/BFA5F98895AD97A0C63C2EDD1896E69F.jpg,,/product/papel-higienico-super-folha-dupla-24-rolos/5601028006392
26165,Papel Higiénico Gigante,5029053566122,11780,10080,18 Rolos = 54 Rolos,Scottex,,"11,99€/Unidade","11,99€",https://cdn.intermarche.pt/pt/Content/images/boitmal/produit/zoom/B9EFFCCC399CF59CCC81A462AE061D6E.jpg,,/product/papel-higienico-gigante/5029053566122
41614,Papel higiénico ultrafort 4 folhas,5601028028646,11780,10080,4 rolos,Renova,,"2,59€/Unidade","2,59€",https://cdn.intermarche.pt/pt/Content/images/boitmal/produit/zoom/F0E53DE69D79205E97F3960C01FE9143.jpg,,/product/papel-higienico-ultrafort-4-folhas/5601028028646
8315,"Papel higiénico, compacto, extra xxl, folha dupla, 24 unidades",5601028013307,11780,10080,1 embalagem,Renova,,"12,99€/Unidade","12,99€",https://cdn.intermarche.pt/pt/Content/images/boitmal/produit/zoom/E547A0A76698EB9D1E248C6C0C9D74B9.jpg,,/product/papel-higienico-compacto-extra-xxl-folha-dupla-24-unidades/5601028013307
22936,"Papel higiénico acolchoado sensitive 3 folhas, 6 rolos",5029053562094,11780,10080,,Scottex,,"3,99€/Unidade","3,99€",https://cdn.intermarche.pt/pt/Content/images/boitmal/produit/zoom/B93E5A87A9E75E5D418C91A3ED363CDE.jpg,,/product/papel-higienico-acolchoado-sensitive-3-folhas-6-rolos/5029053562094
44417,Papel higiénico ecológico 100% reciclado,5604260314096,11780,10080,2 folhas |  6 rolos,PorSi,,"2,99€/Unidade","2,99€",https://cdn.intermarche.pt/pt/Content/images/boitmal/produit/zoom/A765122145740493A45EF0A8931C47A4.jpg,,/product/papel-higienico-ecologico-100%25-reciclado/5604260314096
5026,"Papel higiénico, creme, com 4 folhas, 12 rolos",5601028005876,11780,10080,1 embalagem,Renova,,"5,99€/Unidade","5,99€",https://cdn.intermarche.pt/pt/Content/images/boitmal/produit/zoom/250326A47EA115DC348D86301632DE35.jpg,,/product/papel-higienico-creme-com-4-folhas-12-rolos/5601028005876
53470,"Papel Higiénico Húmido, 60 unidades",5601028031288,11780,10080,,Renova,,"1,99€/Unidade","1,99€",https://cdn.intermarche.pt/pt/Content/images/boitmal/produit/zoom/192228B2A64B188FA86524E5250CDF11.jpg,,/product/papel-higienico-humido-60-unidades/5601028031288
52730,"Papel Higiénico Megarolo, 18 rolos",5029053582955,11780,10080,,Scottex,,"9,99€/Unidade","9,99€",https://cdn.intermarche.pt/pt/Content/images/boitmal/produit/zoom/7456EC2FFC253DF595AD3812F3986609.jpg,,/product/papel-higienico-megarolo-18-rolos/5029053582955
53361,Papel Higienico Sensitive 18 rolos,5029053580753,11780,10080,,Scottex,,"11,99€/Unidade","11,99€",https://cdn.intermarche.pt/pt/Content/images/boitmal/produit/zoom/449A7C060AED192A33CF62B9797621C7.jpg,,/product/papel-higienico-sensitive-18-rolos/5029053580753
53464,Papel Higiénico 2 Folhas Super,5601028000260,11780,10080,Embalagem de 12 unidades,Renova,,"3,99€/Unidade","3,99€",https://cdn.intermarche.pt/pt/Content/images/boitmal/produit/zoom/DE43A3D8443EF0790891B0873811ACA5.jpg,,/product/papel-higienico-2-folhas-super/5601028000260
5031,Papel Higiénico Deco |4 Folhas,5601028008778,11780,10080,Embalagem 12 Rolos,Renova,,"5,99€/Unidade","5,99€",https://cdn.intermarche.pt/pt/Content/images/boitmal/produit/zoom/B70E662FFAB7738B3A9B393407A26FB2.jpg,,/product/papel-higienico-deco-|4-folhas/5601028008778
26798,Lenços Bolso Colletion,5029053028620,11781,10080,Pack 15 unidades,Kleenex,,"2,29€/Unidade","2,29€",https://cdn.intermarche.pt/pt/Content/images/boitmal/produit/zoom/A208887A972AC6667109FCB50AEDED8F.jpg,,/product/lencos-bolso-colletion/5029053028620
36906,Lenços de bolso 4 folhas,5604260285624,11781,10080,Embalagem de 18 x 10 unidades,PorSi,,"1,99€/Unidade","1,99€",https://cdn.intermarche.pt/pt/Content/images/boitmal/produit/zoom/10ED9F1728465F016AC948D661F06C53.jpg,,/product/lencos-de-bolso-4-folhas/5604260285624
40467,Lenços de bolso 6x10 - 3 folhas,5604260285600,11781,10080,1 embalagem com 6 unidades,PorSi,,"0,69€/Unidade","0,69€",https://cdn.intermarche.pt/pt/Content/images/boitmal/produit/zoom/E559414C961DB70FDB7A02BEE193E2EA.jpg,,/product/lencos-de-bolso-6x10-3-folhas/5604260285600
52165,Lenços de Bolso Infantil,5604260316403,11781,10080,Embalagem de 6 unidades,PorSi,,"0,89€/Unidade","0,89€",https://cdn.intermarche.pt/pt/Content/images/boitmal/produit/zoom/25C4F76EA19141698DDC27D8FAAA58D6.jpg,,/product/lencos-de-bolso-infantil/5604260316403
53454,"Lenços Faciais, 70 unidades",5029053563596,11781,10080,,Scottex,,"1,49€/Unidade","1,49€",https://cdn.intermarche.pt/pt/Content/images/boitmal/produit/zoom/C930FC2FA4FDF1DBC8D0D7A213F0B4A5.jpg,,/product/lencos-faciais-70-unidades/5029053563596
53466,"Lenços Faciais Active 3 Folhas, 46 unidades",5601028000406,11781,10080,,Renova,,"0,69€/Unidade","0,69€",https://cdn.intermarche.pt/pt/Content/images/boitmal/produit/zoom/147F21110329CC55E2D40C22B296D889.jpg,,/product/lencos-faciais-active-3-folhas-46-unidades/5601028000406
37870,Lenços Bolso 15X10 3f,5604260285617,11781,10080,1 Unidade,PorSi,,"1,79€/Unidade","1,79€",https://cdn.intermarche.pt/pt/Content/images/boitmal/produit/zoom/2D519C1F63F442209EC163195DF7AC7B.jpg,,/product/lencos-bolso-15x10-3f/5604260285617
36465,Lenços de bolso kids,5601028023443,11781,10080,Embalagem sortida com 8 unidades + 2 grátis,Renova,,"1,19€/Unidade","1,19€",https://cdn.intermarche.pt/pt/Content/images/boitmal/produit/zoom/30B38CA5BCFBED1F2006209E885B8B81.jpg,,/product/lencos-de-bolso-kids/5601028023443
5008,"Lenços de bolso sensi, brancos, 10 unidades",5601028000383,11781,10080,Uma embalagem de 6x10,Renova,,"0,99€/Unidade","0,99€",https://cdn.intermarche.pt/pt/Content/images/boitmal/produit/zoom/3285CC53F627C4EB44C93FFAC20FDBD5.jpg,,/product/lencos-de-bolso-sensi-brancos-10-unidades/5601028000383
43988,Lencos bolso mentol 6x10 3f,5604260285594,11781,10080,Embalagem de 6 unidades,PorSi,,"0,79€/Unidade","0,79€",https://cdn.intermarche.pt/pt/Content/images/boitmal/produit/zoom/BE4A893DEEFC7AAE309147D24EF95FB8.jpg,,/product/lencos-bolso-mentol-6x10-3f/5604260285594
47008,Lenços de bolso 4 folhas,5604260316397,11781,10080,Embalagem de 15 x 9 unidades,PorSi,,"1,59€/Unidade","1,59€",https://cdn.intermarche.pt/pt/Content/images/boitmal/produit/zoom/FD0AE361C6FED2D18CA1493F00B3E65A.jpg,,/product/lencos-de-bolso-4-folhas/5604260316397
5028,"Lenços de bolso sensitive brancos, 24 unidades",5601028006231,11781,10080,,Renova,,"2,98€/Unidade","2,98€",https://cdn.intermarche.pt/pt/Content/images/boitmal/produit/zoom/59BFA538D4D3DDE61B0AF398654E5AF4.jpg,,/product/lencos-de-bolso-sensitive-brancos-24-unidades/5601028006231
40603,Lenços de bolso folha tripla,5604260285587,11781,10080,9 x 30 unidades,PorSi,,"3,29€/Unidade","3,29€",https://cdn.intermarche.pt/pt/Content/images/boitmal/produit/zoom/E219C2ECD69889B82B5385F9308A6E53.jpg,,/product/lencos-de-bolso-folha-tripla/5604260285587
45682,Lenços faciais brancos 3 folhas,5604260312801,11781,10080,110 unidades,PorSi,,"1,49€/Unidade","1,49€",https://cdn.intermarche.pt/pt/Content/images/boitmal/produit/zoom/DCD4A6D36669A647D733B7E834846E87.jpg,,/product/lencos-faciais-brancos-3-folhas/5604260312801
5013,"Lenços de bolso, mentol, 10 unidades",5601028000901,11781,10080,Uma embalagem de 6x10,Renova,,"0,99€/Unidade","0,99€",https://cdn.intermarche.pt/pt/Content/images/boitmal/produit/zoom/8C78EF41C2AD378FDF0A6432EB1B4EA2.jpg,,/product/lencos-de-bolso-mentol-10-unidades/5601028000901
53453,"Lenços Faciais Collection, 48 unidades",5029053038759,11781,10080,,Kleenex,,"1,99€/Unidade","1,99€",https://cdn.intermarche.pt/pt/Content/images/boitmal/produit/zoom/7FD9A923ABE11628F1F4C4B00B522C1E.jpg,,/product/lencos-faciais-collection-48-unidades/5029053038759
53457,"Lenços Faciais Family, 48 unidades",5029053579276,11781,10080,,Kleenex,,"1,99€/Unidade","1,99€",https://cdn.intermarche.pt/pt/Content/images/boitmal/produit/zoom/FA6D7B015C75000033DC263F673540D0.jpg,,/product/lencos-faciais-family-48-unidades/5029053579276
53468,Lenços Bolso Essential 3 Folhas,5601028006224,11781,10080,Embalagem de 8 unidades,Renova,,"1,79€/Unidade","1,79€",https://cdn.intermarche.pt/pt/Content/images/boitmal/produit/zoom/F1C160CEA791CEBE01A8B0D8BD9495EB.jpg,,/product/lencos-bolso-essential-3-folhas/5601028006224
29690,Papel Higiénico Húmido Fresh,5029053010052,11782,10080,1 Embalagem c/42 unidades,Scottex,,"1,69€/Unidade","1,69€",https://cdn.intermarche.pt/pt/Content/images/boitmal/produit/zoom/3F0FA7B0ECDEFC2E773F4286032984E7.jpg,,/product/papel-higienico-humido-fresh/5029053010052
23571,Toalhitas higiene adultos,5604260326549,11782,10080,60 Unidades,PorSi,,"1,99€/Unidade","1,99€",https://cdn.intermarche.pt/pt/Content/images/boitmal/produit/zoom/6606D5AC06EDA1308BB1CDCD11B8D366.jpg,,/product/toalhitas-higiene-adultos/5604260326549
33569,Toalhitas Refrescantes Rosto e Mãos,5604260321940,11782,10080,Embalagem 3 x 10 un.,PorSi,,"1,19€/Unidade","1,19€",https://cdn.intermarche.pt/pt/Content/images/boitmal/produit/zoom/363A402E7C6F278DC8FCD64BAFD5F86E.jpg,,/product/toalhitas-refrescantes-rosto-e-maos/5604260321940
51840,"Toalhitas Desmaquilhantes, 25 unidades",4005900894694,11782,10080,,Nivea,,"2,49€/Unidade","2,49€",https://cdn.intermarche.pt/pt/Content/images/boitmal/produit/zoom/B6F3F692413FA04ECD92F7BF1D9E5E6E.jpg,,/product/toalhitas-desmaquilhantes-25-unidades/4005900894694
53096,"Toalhitas de Limpeza Refrescantes, 40 unidades",4005900234520,11782,10080,,Nivea,,"2,49€/Unidade","2,49€",https://cdn.intermarche.pt/pt/Content/images/boitmal/produit/zoom/6054CFEB75F7067CA8A9F2371A791B42.jpg,,/product/toalhitas-de-limpeza-refrescantes-40-unidades/4005900234520
53360,"Papel Higiénico Húmido Junior, embalagem com 76 unidades",5029053037547,11782,10080,,Scottex,,"2,99€/Unidade","2,99€",https://cdn.intermarche.pt/pt/Content/images/boitmal/produit/zoom/2579B1CF85E1A1D17CF750A04908C263.jpg,,/product/papel-higienico-humido-junior-embalagem-com-76-unidades/5029053037547
5025,"Toalhetes refrescantes aqua, 12 unidades",5601028005654,11782,10080,,Renova,,"1,09€/Unidade","1,09€",https://cdn.intermarche.pt/pt/Content/images/boitmal/produit/zoom/A4BB95DE03609D9C2AE382F84CAFB144.jpg,,/product/toalhetes-refrescantes-aqua-12-unidades/5601028005654
51847,"Toalhitas de Limpeza de Rosto Suaves Pele Sensível, + 25 Un",4005900988041,11782,10080,,Nivea,,"2,99€/Unidade","2,99€",https://cdn.intermarche.pt/pt/Content/images/boitmal/produit/zoom/F8B59667D296A31FB6F92EEA5F4D5398.jpg,,/product/toalhitas-de-limpeza-de-rosto-suaves-pele-sensivel-+-25-un/4005900988041
53359,Papel Higiénico Húmido Dermo Cuidado 66 unidades,5029053583181,11782,10080,,Scottex,,"2,99€/Unidade","2,99€",https://cdn.intermarche.pt/pt/Content/images/boitmal/produit/zoom/A3AE84F8C796A7C58A725BEB392B7C27.jpg,,/product/papel-higienico-humido-dermo-cuidado-66-unidades/5029053583181
7765,"Toalhitas hidratantes, 25 unidades",4015000503136,11782,10080,Uma embalagem,Diadermine,,"3,99€/Unidade","3,99€",https://cdn.intermarche.pt/pt/Content/images/boitmal/produit/zoom/8A81CB18CAD4C29903386108C1062475.jpg,,/product/toalhitas-hidratantes-25-unidades/4015000503136
2471,Leite de transição Optipro 2 +6 meses,7613032393632,11595,11592,Embalagem de 800g,NAN,,"17,49€/Kg","13,99€",https://cdn.intermarche.pt/pt/Content/images/boitmal/produit/zoom/0B242E4F791006BA9B89B29CA1AF865B.jpg,2024-09-25T22:59:59.999Z,/product/leite-de-transicao-optipro-2-+6-meses/7613032393632
24915,Leite em pó continuação 2 pro alfa,5600389821118,11595,11592,Embalagem de 800g,Nutriben,,"18,11€/Kg","14,49€",https://cdn.intermarche.pt/pt/Content/images/boitmal/produit/zoom/F0171475BEC87BFA23CDC474E4D2432E.jpg,2024-09-25T22:59:59.999Z,/product/leite-em-po-continuacao-2-pro-alfa/5600389821118
24916,Leite em pó crescimento 3 pro +,5600389821149,11595,11592,Embalagem de 800g,Nutriben,,"14,86€/Kg","11,89€",https://cdn.intermarche.pt/pt/Content/images/boitmal/produit/zoom/66B1B767036EF848289E0B7BDF802A10.jpg,2024-09-25T22:59:59.999Z,/product/leite-em-po-crescimento-3-pro-+/5600389821149
49995,Leite Transição Optipro 3 +10 Meses,8445290170736,11595,11592,Embalagem de 800g,NAN,,"14,54€/Kg","11,63€",https://cdn.intermarche.pt/pt/Content/images/boitmal/produit/zoom/53CE34AD7F33A270497E2AEE0B34046D.jpg,2024-09-25T22:59:59.999Z,/product/leite-transicao-optipro-3-+10-meses/8445290170736
49997,Leite Transição Optipro 4 + 12 meses,8445290170866,11595,11592,Embalagem de 800g,NAN,,"13,49€/Kg","10,79€",https://cdn.intermarche.pt/pt/Content/images/boitmal/produit/zoom/923BC825C444F9206CEB1A42E5264494.jpg,2024-09-25T22:59:59.999Z,/product/leite-transicao-optipro-4-+-12-meses/8445290170866
49821,Bebida Láctea Bolacha Uht 1-3 Anos,5603722520754,11595,11592,Garrafa de 1 l,Mimosa,,"1,59€/L","1,59€",https://cdn.intermarche.pt/pt/Content/images/boitmal/produit/zoom/DA52F6AF15B664E9FF05EBBA82F42FE5.jpg,,/product/bebida-lactea-bolacha-uht-1-3-anos/5603722520754
37800,Leite regular 2,5391522472792,11595,11592,Embalagem de 800 g,Aptamil,,"22,36€/Kg","17,89€",https://cdn.intermarche.pt/pt/Content/images/boitmal/produit/zoom/CBB07F340976D1C196E3F0F74393AD23.jpg,,/product/leite-regular-2/5391522472792
37801,Leite regular 3,5391522472815,11595,11592,Embalagem de 800 g,Aptamil,,"22,36€/Kg","17,89€",https://cdn.intermarche.pt/pt/Content/images/boitmal/produit/zoom/203ED6AB08185E9CB3D7D4C74CEFB4C0.jpg,,/product/leite-regular-3/5391522472815
27327,Leite natal 1,5600389821163,11595,11592,Embalagem de 800g,Nutriben,,"22,49€/Kg","17,99€",https://cdn.intermarche.pt/pt/Content/images/boitmal/produit/zoom/6C3A8D4D90671D98B0DC8B7160F689D5.jpg,,/product/leite-natal-1/5600389821163
30068,"Leite Optipro 1 Lactentes, 800 g",7613036362856,11595,11592,,NAN,,"21,99€/Kg","17,59€",https://cdn.intermarche.pt/pt/Content/images/boitmal/produit/zoom/2AC2A4BF7F26CFD8F1438FF6A04AE752.jpg,,/product/leite-optipro-1-lactentes-800-g/7613036362856
37802,Leite regular 4,5391522472839,11595,11592,Embalagem de 750 g,Aptamil,,"18,52€/Kg","13,89€",https://cdn.intermarche.pt/pt/Content/images/boitmal/produit/zoom/70B10720F87CEB62B9CD52F2831D107B.jpg,,/product/leite-regular-4/5391522472839
41326,Nan 1 optipro nwpl030 6x,7613038912431,11595,11592,Garrafa de 200 ml,NAN,,"9,95€/L","1,99€",https://cdn.intermarche.pt/pt/Content/images/boitmal/produit/zoom/3CE9F286884EE2A16E5183AF8BC2F19E.jpg,,/product/nan-1-optipro-nwpl030-6x/7613038912431
41327,Leite 2 optipro,7613038930251,11595,11592,Garrafa de 500 ml,NAN,,"5,98€/L","2,99€",https://cdn.intermarche.pt/pt/Content/images/boitmal/produit/zoom/8D3AE464726D48C9603530F603BF13EF.jpg,,/product/leite-2-optipro/7613038930251
46134,Leite Supreme HA1,7613287249685,11595,11592,Embalagem de 800g,NAN,,"31,24€/Kg","24,99€",https://cdn.intermarche.pt/pt/Content/images/boitmal/produit/zoom/834527183A18AE6791822B8CB46062A8.jpg,,/product/leite-supreme-ha1/7613287249685
52832,"Leite em Pó Confort 1 para Gestão Nutricional da Obstipação 0 aos 6 Meses, 800g",8718117608867,11595,11592,,Aptamil,,"27,18€/Kg","21,74€",https://cdn.intermarche.pt/pt/Content/images/boitmal/produit/zoom/5518A3E087EAE33A0FDD892F5E11D5DA.jpg,,/product/leite-em-po-confort-1-para-gestao-nutricional-da-obstipacao-0-aos-6-meses-800g/8718117608867
53168,"Leite para Lactantes 1 desde o Nascimento 0-6 Meses, 800g",5391522472778,11595,11592,,Aptamil,,"21,99€/Kg","17,59€",https://cdn.intermarche.pt/pt/Content/images/boitmal/produit/zoom/7294138955B5CEF35B6BC163429D7697.jpg,,/product/leite-para-lactantes-1-desde-o-nascimento-0-6-meses-800g/5391522472778
53197,"Leite de Crescimento Junior 5 a partir dos 24 Meses, 750g",5391522473898,11595,11592,,Aptamil,,"17,72€/Kg","13,29€",https://cdn.intermarche.pt/pt/Content/images/boitmal/produit/zoom/C2F3B6B92CF7D16D182B2C70D39171C7.jpg,,/product/leite-de-crescimento-junior-5-a-partir-dos-24-meses-750g/5391522473898
53211,"Leite em Pó Confort 2 para Gestão Nutricional da Obstipação + 6 Meses, 800g",8718117608881,11595,11592,,Aptamil,,"27,18€/Kg","21,74€",https://cdn.intermarche.pt/pt/Content/images/boitmal/produit/zoom/1341A6BE515FAE3979F7BBCB8E597F96.jpg,,/product/leite-em-po-confort-2-para-gestao-nutricional-da-obstipacao-+-6-meses-800g/8718117608881
53217,"Fórmula Infantil Confort Total 2, 800g",8445290992802,11595,11592,,NAN,,"27,49€/Kg","21,99€",https://cdn.intermarche.pt/pt/Content/images/boitmal/produit/zoom/06CD113DA42DDFF7B6CF769786E15BDC.jpg,,/product/formula-infantil-confort-total-2-800g/8445290992802
50405,Papa Infantil + 6 meses,8445290489173,11596,11592,Embalagem de 900g,Cerelac,,"6,99€/Kg","6,29€",https://cdn.intermarche.pt/pt/Content/images/boitmal/produit/zoom/AC49BEE482A5844CB7C28462BEA4C70C.jpg,2024-10-04T22:59:59.999Z,/product/papa-infantil-+-6-meses/8445290489173
12230,Papa infantil para preparar com leite +6 meses,7613034192264,11596,11592,Embalagem de 250g,Cerelac,,"7,36€/Kg","1,84€",https://cdn.intermarche.pt/pt/Content/images/boitmal/produit/zoom/9FAA017CC3BC08A98F0EF54D61B67C5D.jpg,2024-09-25T22:59:59.999Z,/product/papa-infantil-para-preparar-com-leite-+6-meses/7613034192264
2500,Papa infantil não láctea bolacha maria +6 meses,7613033129025,11596,11592,Embalagem de 250g,Cerelac,,"9,56€/Kg","2,39€",https://cdn.intermarche.pt/pt/Content/images/boitmal/produit/zoom/1A288A774960D901AD4DC15008F92E64.jpg,2024-09-25T22:59:59.999Z,/product/papa-infantil-nao-lactea-bolacha-maria-+6-meses/7613033129025
41901,Farinha láctea menos 40% açúcar,7613037677591,11596,11592,Embalagem de 250g,Cerelac,,"8,96€/Kg","2,24€",https://cdn.intermarche.pt/pt/Content/images/boitmal/produit/zoom/687BCC1B8BE836CF748B8DD683218C66.jpg,2024-09-25T22:59:59.999Z,/product/farinha-lactea-menos-40%25-acucar/7613037677591
21745,Papa infantil não láctea multicereais +6 meses,7613035659728,11596,11592,Embalagem de 250g,Cerelac,,"9,56€/Kg","2,39€",https://cdn.intermarche.pt/pt/Content/images/boitmal/produit/zoom/4956638636F5ECFB6DD3614737E9527C.jpg,2024-09-25T22:59:59.999Z,/product/papa-infantil-nao-lactea-multicereais-+6-meses/7613035659728
2473,1ª papa láctea multifrutos sem glúten +4 meses,7613032404154,11596,11592,Embalagem de 250g,Cerelac,,"14,96€/Kg","3,74€",https://cdn.intermarche.pt/pt/Content/images/boitmal/produit/zoom/9B0DF6D0DF8530E0C0365F57CC1B87FF.jpg,2024-09-25T22:59:59.999Z,/product/1ª-papa-lactea-multifrutos-sem-gluten-+4-meses/7613032404154
2483,Papa infantil não láctea 8 cereais e mel +6 meses,7613032607463,11596,11592,Embalagem de 250g,Cerelac,,"9,56€/Kg","2,39€",https://cdn.intermarche.pt/pt/Content/images/boitmal/produit/zoom/8422E2D873A4D72A80E67E60D5902F1A.jpg,2024-09-25T22:59:59.999Z,/product/papa-infantil-nao-lactea-8-cereais-e-mel-+6-meses/7613032607463
2482,Papa infantil láctea 5 frutos +6 meses,7613032584757,11596,11592,Embalagem de 250g,Cerelac,,"12,76€/Kg","3,19€",https://cdn.intermarche.pt/pt/Content/images/boitmal/produit/zoom/E556F8FC1B3F8A18686F81CECF666A55.jpg,2024-09-25T22:59:59.999Z,/product/papa-infantil-lactea-5-frutos-+6-meses/7613032584757
27547,Seleção da natureza papa infantil láctea aveia manga banana +6 meses,7613036101417,11596,11592,Embalagem de 240g,Cerelac,,"13,29€/Kg","3,19€",https://cdn.intermarche.pt/pt/Content/images/boitmal/produit/zoom/B4BF463DF8546C060EF3BFEFEEB3E2A2.jpg,2024-09-25T22:59:59.999Z,/product/selecao-da-natureza-papa-infantil-lactea-aveia-manga-banana-+6-meses/7613036101417
33417,"Seleção da natureza aveia, maçã e cenoura +6 meses",7613036607681,11596,11592,Embalagem de 240g,Cerelac,,"13,29€/Kg","3,19€",https://cdn.intermarche.pt/pt/Content/images/boitmal/produit/zoom/94D16E373E752BF1782B9A7AF824AAF0.jpg,2024-09-25T22:59:59.999Z,/product/selecao-da-natureza-aveia-maca-e-cenoura-+6-meses/7613036607681
37799,Farinha láctea seleção da natureza aveia e centeio +6 meses,7613037096828,11596,11592,Embalagem de 240 g,Cerelac,,"13,29€/Kg","3,19€",https://cdn.intermarche.pt/pt/Content/images/boitmal/produit/zoom/E058E4787E8FF1E3A88816682A6A1DBB.jpg,2024-09-25T22:59:59.999Z,/product/farinha-lactea-selecao-da-natureza-aveia-e-centeio-+6-meses/7613037096828
48589,"Papa 8 cereais 4 frutas láctea, 250g",8430094318934,11596,11592,,Nutriben,,"9,36€/Kg","2,34€",https://cdn.intermarche.pt/pt/Content/images/boitmal/produit/zoom/4B09A50D1C01AEC7EA6670F9FC155995.jpg,2024-09-25T22:59:59.999Z,/product/papa-8-cereais-4-frutas-lactea-250g/8430094318934
53230,"Farinha Não Láctea 0% Açúcar Multicereais e Fruta, 180g",8445290752444,11596,11592,,Cerelac,,"12,44€/Kg","2,24€",https://cdn.intermarche.pt/pt/Content/images/boitmal/produit/zoom/0F145EB3023514E19592F6141E94B607.jpg,2024-10-04T22:59:59.999Z,/product/farinha-nao-lactea-0%25-acucar-multicereais-e-fruta-180g/8445290752444
53231,"Farinha Não Láctea 0% Açúcar Multicereais, 180g",8445290752475,11596,11592,,Cerelac,,"12,44€/Kg","2,24€",https://cdn.intermarche.pt/pt/Content/images/boitmal/produit/zoom/A7BFFF2BFEADB396EE2B5E590CBA9878.jpg,2024-10-04T22:59:59.999Z,/product/farinha-nao-lactea-0%25-acucar-multicereais-180g/8445290752475
2480,Papa infantil láctea maçã +6 meses,7613032584436,11596,11592,Embalagem de 250g,Cerelac,,"12,76€/Kg","3,19€",https://cdn.intermarche.pt/pt/Content/images/boitmal/produit/zoom/4B73DF3882A4B6402995485DCA85D514.jpg,2024-09-25T22:59:59.999Z,/product/papa-infantil-lactea-maca-+6-meses/7613032584436
2481,Papa infantil láctea banana laranja +6 meses,7613032584504,11596,11592,Embalagem de 250g,Cerelac,,"12,76€/Kg","3,19€",https://cdn.intermarche.pt/pt/Content/images/boitmal/produit/zoom/12AA78D07473050DA396CA590B616904.jpg,2024-09-25T22:59:59.999Z,/product/papa-infantil-lactea-banana-laranja-+6-meses/7613032584504
48028,"Papa maçã láctea, 250g",8430094318965,11596,11592,,Nutriben,,"9,36€/Kg","2,34€",https://cdn.intermarche.pt/pt/Content/images/boitmal/produit/zoom/8DFD41AFA8612B8542F0E41AD3D379D9.jpg,2024-09-25T22:59:59.999Z,/product/papa-maca-lactea-250g/8430094318965
49333,"Papa 8 cereais e mel 4 frutas, 250g",8430094319023,11596,11592,,Nutriben,,"7,76€/Kg","1,94€",https://cdn.intermarche.pt/pt/Content/images/boitmal/produit/zoom/5712B928CA2FB4DA10691C8ABE4CBB9B.jpg,2024-09-25T22:59:59.999Z,/product/papa-8-cereais-e-mel-4-frutas-250g/8430094319023
49468,"Papa 8 cereais e mel bolacha maria, 250g",8430094318972,11596,11592,,Nutriben,,"7,76€/Kg","1,94€",https://cdn.intermarche.pt/pt/Content/images/boitmal/produit/zoom/ABA0B9430531FABEF3823D47D515D3F5.jpg,2024-09-25T22:59:59.999Z,/product/papa-8-cereais-e-mel-bolacha-maria-250g/8430094318972
50468,"Papa 8 cereais e mel, 250g",8430094318941,11596,11592,,Nutriben,,"9,36€/Kg","2,34€",https://cdn.intermarche.pt/pt/Content/images/boitmal/produit/zoom/8129AEA7C12A7800DFECA837A2975872.jpg,2024-09-25T22:59:59.999Z,/product/papa-8-cereais-e-mel-250g/8430094318941
2091,Farinha láctea,5604260194087,11596,11592,Embalagem de 1 kg,PorSi,,"5,29€/Kg","5,29€",https://cdn.intermarche.pt/pt/Content/images/boitmal/produit/zoom/D298FFC4AEFBC43ABB7C77C83F92AA32.jpg,,/product/farinha-lactea/5604260194087
2466,Farinha láctea cerelac,7613032142599,11596,11592,Embalagem de 500g,Cerelac,,"9,58€/Kg","4,79€",https://cdn.intermarche.pt/pt/Content/images/boitmal/produit/zoom/FAE48F9FC8C51C77AD6C82F23613A30C.jpg,,/product/farinha-lactea-cerelac/7613032142599
37443,Nestum zero espelta/aveia,7613037040869,11596,11592,Embalagem de 250 g,Nestum,,"11,56€/Kg","2,89€",https://cdn.intermarche.pt/pt/Content/images/boitmal/produit/zoom/BF80E2BF1A95765256612BEC5A65D8DD.jpg,,/product/nestum-zero-espelta-ou-aveia/7613037040869
52163,Farinha Não Láctea à Base de Cereais,5604260326914,11596,11592,Embalagem de 750g,PorSi,,"4,92€/Kg","3,69€",https://cdn.intermarche.pt/pt/Content/images/boitmal/produit/zoom/6547995CE237538DFFE0A6BA1862EA52.jpg,,/product/farinha-nao-lactea-a-base-de-cereais/5604260326914
37444,Nestum zero mel,7613036955799,11596,11592,Embalagem de 250 g,Nestum,,"11,56€/Kg","2,89€",https://cdn.intermarche.pt/pt/Content/images/boitmal/produit/zoom/D832760CBFCD12A05671CAF2199EB4C4.jpg,,/product/nestum-zero-mel/7613036955799
37512,Nestum zero arroz,7613036923361,11596,11592,Embalagem de 250 g,Nestum,,"13,96€/Kg","3,49€",https://cdn.intermarche.pt/pt/Content/images/boitmal/produit/zoom/5FCDC0BF20B5D119C320D80DBF5AF100.jpg,,/product/nestum-zero-arroz/7613036923361
52835,"Papa Infantil Arroz Banana sem Glúten +4 meses, 225g",5900852066276,11596,11592,,Aptamil,,"17,73€/Kg","3,99€",https://cdn.intermarche.pt/pt/Content/images/boitmal/produit/zoom/D90C2F899C5579E0807FE949C456C389.jpg,,/product/papa-infantil-arroz-banana-sem-gluten-+4-meses-225g/5900852066276
52836,"Papa Infantil 4 Frutas +6 meses, 225g",5900852066283,11596,11592,,Aptamil,,"17,73€/Kg","3,99€",https://cdn.intermarche.pt/pt/Content/images/boitmal/produit/zoom/FA29CD4AA7A3791B808AFA4EAE891984.jpg,,/product/papa-infantil-4-frutas-+6-meses-225g/5900852066283
53212,"Papa Infantil Multicereais Maçã +6 meses, 225g",5900852066290,11596,11592,,Aptamil,,"17,73€/Kg","3,99€",https://cdn.intermarche.pt/pt/Content/images/boitmal/produit/zoom/6D56FD375591F2E8EA1EE1C2407C5C85.jpg,,/product/papa-infantil-multicereais-maca-+6-meses-225g/5900852066290
767,Nestle iogolino prep iog banana 100g,4005500030287,11597,11592,Embalagem de 400g,Yogolino,,"5,60€/Kg","2,24€",https://cdn.intermarche.pt/pt/Content/images/boitmal/produit/zoom/3D8E32B0B25B565E3618BD3D531AD8AC.jpg,,/product/nestle-iogolino-prep-iog-banana-100g/4005500030287
16728,Leite e cereais pijama +6 meses,7613034903204,11597,11592,Garrafa de 400 ml,Cerelac,,"7,48€/L","2,99€",https://cdn.intermarche.pt/pt/Content/images/boitmal/produit/zoom/239F9048DEABC81D470EA8ABD492AED8.jpg,,/product/leite-e-cereais-pijama-+6-meses/7613034903204
2524,Leite e cereais bolacha maria +6 meses,7613033865435,11597,11592,Garrafa de 400 ml,Cerelac,,"7,48€/L","2,99€",https://cdn.intermarche.pt/pt/Content/images/boitmal/produit/zoom/A1CDEF26262E9F0F53B9CDB400E24B7E.jpg,,/product/leite-e-cereais-bolacha-maria-+6-meses/7613033865435
2525,Leite e cereais 8 cereais e mel +6 meses,7613033865848,11597,11592,Garrafa de 400 ml,Cerelac,,"7,48€/L","2,99€",https://cdn.intermarche.pt/pt/Content/images/boitmal/produit/zoom/C36608AAE7AECA75942A9DED1741C1CD.jpg,,/product/leite-e-cereais-8-cereais-e-mel-+6-meses/7613033865848
30966,Iogurte para bebé frutas variadas,3155250213117,11597,11592,Embalagem de 4 x 100 g,Nestlé,,"8,23€/Kg","3,29€",https://cdn.intermarche.pt/pt/Content/images/boitmal/produit/zoom/6CA92F32E792BD541133EF778088EF27.jpg,,/product/iogurte-para-bebe-frutas-variadas/3155250213117
38330,Yogolino pêssego banana 0% açúcares adicionados 4x100g,7613036886994,11597,11592,Embalagem de 400g,Yogolino,,"6,35€/Kg","2,54€",https://cdn.intermarche.pt/pt/Content/images/boitmal/produit/zoom/49B9954C83771AA9EBC8A7C302D392D9.jpg,,/product/yogolino-pessego-banana-0%25-acucares-adicionados-4x100g/7613036886994
2456,Nestle iogolino prep iogurte pêra 100g,7613030924302,11597,11592,Embalagem de 400g,Yogolino,,"5,60€/Kg","2,24€",https://cdn.intermarche.pt/pt/Content/images/boitmal/produit/zoom/0257EFADCBBD666D5EC06A8661BCB1CB.jpg,,/product/nestle-iogolino-prep-iogurte-pera-100g/7613030924302
9915,Nestle iogolino prep iog baunilha 100g,7613034515667,11597,11592,Embalagem de 400g,Yogolino,,"6,35€/Kg","2,54€",https://cdn.intermarche.pt/pt/Content/images/boitmal/produit/zoom/6DFBF92BD5C54390DA283A2A6DCEF443.jpg,,/product/nestle-iogolino-prep-iog-baunilha-100g/7613034515667
768,Nestle iogolino prep iog morango 100g,4005500030300,11597,11592,Embalagem de 400g,Yogolino,,"5,60€/Kg","2,24€",https://cdn.intermarche.pt/pt/Content/images/boitmal/produit/zoom/74338F0422E4872B709E9AAF722C255D.jpg,,/product/nestle-iogolino-prep-iog-morango-100g/4005500030300
9914,Nestle iogolino prep iog bolacha 100g,7613034515643,11597,11592,Embalagem de 400g,Yogolino,,"6,35€/Kg","2,54€",https://cdn.intermarche.pt/pt/Content/images/boitmal/produit/zoom/63C83CFCB263E0E094FFB547D1F58C13.jpg,,/product/nestle-iogolino-prep-iog-bolacha-100g/7613034515643
48737,Nestle yogolino alimento lacteo banana +6m 90g,7613287785886,11597,11592,Embalagem de 100g,Yogolino,,"9,90€/Kg","0,99€",https://cdn.intermarche.pt/pt/Content/images/boitmal/produit/zoom/D34ACCA4A6B704E84864E42B8BE11568.jpg,,/product/nestle-yogolino-alimento-lacteo-banana-+6m-90g/7613287785886
766,Nestle iogolino prep iog alperce 100g,4005500030263,11597,11592,Embalagem de 400g,Yogolino,,"5,60€/Kg","2,24€",https://cdn.intermarche.pt/pt/Content/images/boitmal/produit/zoom/6D6E12ECE7BCBC227655E00D22A8E5B5.jpg,,/product/nestle-iogolino-prep-iog-alperce-100g/4005500030263
10858,Sobremesa banana/laranja/bolacha,3023290400111,11597,11592,Embalagem de 4 x 100 g,Nestlé,,"8,23€/Kg","3,29€",https://cdn.intermarche.pt/pt/Content/images/boitmal/produit/zoom/041AEAA15D5C254A10039C7CB21C8A11.jpg,,/product/sobremesa-banana-ou-laranja-ou-bolacha/3023290400111
35884,Yogolino morango banana 0% açúcares adicionados 4x100g,7613036886536,11597,11592,Embalagem de 400g,Yogolino,,"6,35€/Kg","2,54€",https://cdn.intermarche.pt/pt/Content/images/boitmal/produit/zoom/1DDE1756D894B8B13D4A52BB8BF1F1BE.jpg,,/product/yogolino-morango-banana-0%25-acucares-adicionados-4x100g/7613036886536
48738,Nestle yogolino alimento lact. maca morango +8m 90g,7613287785398,11597,11592,Embalagem de 100g,Yogolino,,"9,90€/Kg","0,99€",https://cdn.intermarche.pt/pt/Content/images/boitmal/produit/zoom/E5CC53E791508212ACFD687BE521603D.jpg,,/product/nestle-yogolino-alimento-lact.-maca-morango-+8m-90g/7613287785398
41716,Saqueta de puré de fruta | maçã + pêssego + banana + pera,5604260303809,11598,11592,90 g,PorSi,,"8,22€/Kg","0,74€",https://cdn.intermarche.pt/pt/Content/images/boitmal/produit/zoom/BA821088BC22D810D2198777A3EC5FCD.jpg,2024-10-04T22:59:59.999Z,/product/saqueta-de-pure-de-fruta-|-maca-+-pessego-+-banana-+-pera/5604260303809
41717,Saqueta de puré de fruta | maçã + pera,5604260303816,11598,11592,90 g,PorSi,,"8,22€/Kg","0,74€",https://cdn.intermarche.pt/pt/Content/images/boitmal/produit/zoom/BDC9DCB2575995ED71759BEA2C9A3172.jpg,2024-10-04T22:59:59.999Z,/product/saqueta-de-pure-de-fruta-|-maca-+-pera/5604260303816
41719,Saqueta de puré de fruta | maçã + banana,5604260303793,11598,11592,90 g,PorSi,,"8,22€/Kg","0,74€",https://cdn.intermarche.pt/pt/Content/images/boitmal/produit/zoom/917C5C6898063E49F7861F32B2346FD5.jpg,2024-10-04T22:59:59.999Z,/product/saqueta-de-pure-de-fruta-|-maca-+-banana/5604260303793
2518,Fruta para bebé 7 frutos +6 meses,7613033814693,11598,11592,Embalagem de 4 x 100 g,Nestlé,,"6,10€/Kg","2,44€",https://cdn.intermarche.pt/pt/Content/images/boitmal/produit/zoom/5C71B6B9B51E8496D30C8FC7F83397E6.jpg,2024-09-25T22:59:59.999Z,/product/fruta-para-bebe-7-frutos-+6-meses/7613033814693
41718,Saqueta de puré de fruta | maçã + manga + pêssego,5604260303823,11598,11592,90 g,PorSi,,"8,22€/Kg","0,74€",https://cdn.intermarche.pt/pt/Content/images/boitmal/produit/zoom/002C0AF35BCBB9E50AC34B89735CDC2C.jpg,2024-10-04T22:59:59.999Z,/product/saqueta-de-pure-de-fruta-|-maca-+-manga-+-pessego/5604260303823
41720,Saqueta de puré de fruta | maçã + banana + morango,5604260303786,11598,11592,90 g,PorSi,,"8,22€/Kg","0,74€",https://cdn.intermarche.pt/pt/Content/images/boitmal/produit/zoom/D8CF0CCEDABFBBF47BBC90A180FDA1C7.jpg,2024-10-04T22:59:59.999Z,/product/saqueta-de-pure-de-fruta-|-maca-+-banana-+-morango/5604260303786
49223,Saqueta puré de fruta e bolacha,5604260322633,11598,11592,Embalagem de 90g,PorSi,,"8,22€/Kg","0,74€",https://cdn.intermarche.pt/pt/Content/images/boitmal/produit/zoom/F218EA95CBA167422382632AB54B0FE0.jpg,2024-10-04T22:59:59.999Z,/product/saqueta-pure-de-fruta-e-bolacha/5604260322633
49225,Saqueta puré de fruta,5604260322657,11598,11592,Embalagem de 90g,PorSi,,"8,22€/Kg","0,74€",https://cdn.intermarche.pt/pt/Content/images/boitmal/produit/zoom/9AD870D1CAD79AE0716C1075F5C158F0.jpg,2024-10-04T22:59:59.999Z,/product/saqueta-pure-de-fruta/5604260322657
49221,Saqueta puré de fruta,5604260322602,11598,11592,Embalagem de 90g,PorSi,,"8,22€/Kg","0,74€",https://cdn.intermarche.pt/pt/Content/images/boitmal/produit/zoom/9893E2C7164F12F4E4974DE54879A4ED.jpg,2024-10-04T22:59:59.999Z,/product/saqueta-pure-de-fruta/5604260322602
49224,Saqueta puré de fruta e aveia,5604260322640,11598,11592,Embalagem de 90g,PorSi,,"8,22€/Kg","0,74€",https://cdn.intermarche.pt/pt/Content/images/boitmal/produit/zoom/59D0B4997F6BB91367D9F5B747F7D847.jpg,2024-10-04T22:59:59.999Z,/product/saqueta-pure-de-fruta-e-aveia/5604260322640
49222,Saqueta puré de fruta,5604260322619,11598,11592,Embalagem de 90g,PorSi,,"8,22€/Kg","0,74€",https://cdn.intermarche.pt/pt/Content/images/boitmal/produit/zoom/4251DEF026D5F1BF3A5A1F6CDA25AD90.jpg,2024-10-04T22:59:59.999Z,/product/saqueta-pure-de-fruta/5604260322619
49504,Saqueta puré de fruta pera,5604260322626,11598,11592,Embalagem de 90g,PorSi,,"8,22€/Kg","0,74€",https://cdn.intermarche.pt/pt/Content/images/boitmal/produit/zoom/EF34005718301CA3FAF65368F399B814.jpg,2024-10-04T22:59:59.999Z,/product/saqueta-pure-de-fruta-pera/5604260322626
2459,Fruta para bebé maçã pera +4 meses,7613031497096,11598,11592,Embalagem de 4 x 100 g,Nestlé,,"6,10€/Kg","2,44€",https://cdn.intermarche.pt/pt/Content/images/boitmal/produit/zoom/3650148F0B7099306F07D0EF8CBAB903.jpg,2024-09-25T22:59:59.999Z,/product/fruta-para-bebe-maca-pera-+4-meses/7613031497096
483,Fruta para bebé maçã manga +6 meses,3033710046645,11598,11592,Embalagem de 4 x 100 g,Nestlé,,"6,10€/Kg","2,44€",https://cdn.intermarche.pt/pt/Content/images/boitmal/produit/zoom/8AD438F18F11DF979185478037DDFD24.jpg,2024-09-25T22:59:59.999Z,/product/fruta-para-bebe-maca-manga-+6-meses/3033710046645
2460,Fruta para bebé maçã banana +4 meses,7613031501649,11598,11592,Embalagem de 4 x 100 g,Nestlé,,"6,10€/Kg","2,44€",https://cdn.intermarche.pt/pt/Content/images/boitmal/produit/zoom/2ED31B0C460E18911C0B603016079F2F.jpg,2024-09-25T22:59:59.999Z,/product/fruta-para-bebe-maca-banana-+4-meses/7613031501649
41328,"As minhas primeiras receitas - refeição batata, abóbora e peru",7613038918822,11598,11592,Embalagem de 190g,Nestlé,,"8,63€/Kg","1,64€",https://cdn.intermarche.pt/pt/Content/images/boitmal/produit/zoom/6EF16375837E657370EFF6A1DAF1C185.jpg,2024-09-25T22:59:59.999Z,/product/as-minhas-primeiras-receitas-refeicao-batata-abobora-e-peru/7613038918822
41330,As minhas primeiras receitas - refeição legumes com vitela,7613038917634,11598,11592,Embalagem de 190g,Nestlé,,"8,63€/Kg","1,64€",https://cdn.intermarche.pt/pt/Content/images/boitmal/produit/zoom/6D9D7FDC35F5B4D86668DB7DF23AB544.jpg,2024-09-25T22:59:59.999Z,/product/as-minhas-primeiras-receitas-refeicao-legumes-com-vitela/7613038917634
53049,"Puré de Legumes com Peixe +8 meses, 190g",8445290589316,11598,11592,,Nestlé,,"8,63€/Kg","1,64€",https://cdn.intermarche.pt/pt/Content/images/boitmal/produit/zoom/30CFCFD8DF6CB713C15D01E3C341E8E4.jpg,2024-09-25T22:59:59.999Z,/product/pure-de-legumes-com-peixe-+8-meses-190g/8445290589316
53229,"Refeição Arroz com Frango, 190g",8445290832917,11598,11592,,Nestlé,,"8,63€/Kg","1,64€",https://cdn.intermarche.pt/pt/Content/images/boitmal/produit/zoom/D4286BB737B7D12D5084656C003A1236.jpg,2024-09-25T22:59:59.999Z,/product/refeicao-arroz-com-frango-190g/8445290832917
14458,Fruta para bebé banana maçã +4 meses,7613034678607,11598,11592,Embalagem de 90g,Nestlé,,"11,00€/Kg","0,99€",https://cdn.intermarche.pt/pt/Content/images/boitmal/produit/zoom/61C36FFFF4D3AE906443F9876484DF6E.jpg,,/product/fruta-para-bebe-banana-maca-+4-meses/7613034678607
14698,Fruta para bebé 4 frutas +4 meses,7613034570512,11598,11592,Embalagem de 90g,Nestlé,,"11,00€/Kg","0,99€",https://cdn.intermarche.pt/pt/Content/images/boitmal/produit/zoom/0783A3CBD6B546AE24E09BF08DF0A429.jpg,,/product/fruta-para-bebe-4-frutas-+4-meses/7613034570512
21766,Fruta para bebé banana laranja bolacha +6 meses,7613035487840,11598,11592,Embalagem de 90g,Nestlé,,"11,00€/Kg","0,99€",https://cdn.intermarche.pt/pt/Content/images/boitmal/produit/zoom/97B5DC278815B47BCD7E38EEC0455DC8.jpg,,/product/fruta-para-bebe-banana-laranja-bolacha-+6-meses/7613035487840
21767,Fruta para bebé multifrutas +4 meses,7613035487871,11598,11592,Embalagem de 90g,Nestlé,,"11,00€/Kg","0,99€",https://cdn.intermarche.pt/pt/Content/images/boitmal/produit/zoom/59D3B6826D610DDEB0688A4041A5FB71.jpg,,/product/fruta-para-bebe-multifrutas-+4-meses/7613035487871
25214,Fruta para bebé maçã banana morango +8 meses,7613035930551,11598,11592,Embalagem de 90g,Nestlé,,"11,00€/Kg","0,99€",https://cdn.intermarche.pt/pt/Content/images/boitmal/produit/zoom/320AF02AD6CE8711C7912DB2FA781A00.jpg,,/product/fruta-para-bebe-maca-banana-morango-+8-meses/7613035930551
47109,Bolsitas de puré de 4 frutas,7613287218704,11598,11592,Embalagem de 110g,Nestlé,,"10,82€/Kg","1,19€",https://cdn.intermarche.pt/pt/Content/images/boitmal/produit/zoom/AAE972318DF3C7B29E7A2F9B4E66DEFB.jpg,,/product/bolsitas-de-pure-de-4-frutas/7613287218704
49503,Puré de maçã sem adição açúcar,5604260321285,11598,11592,700 g,PorSi,,"2,84€/Kg","1,99€",https://cdn.intermarche.pt/pt/Content/images/boitmal/produit/zoom/92CF5E6197F0AD5EA6669A923AC18357.jpg,,/product/pure-de-maca-sem-adicao-acucar/5604260321285
37510,Pacote maçã e pêssego,7613036841498,11598,11592,Embalagem de 90 g,Nestlé,,"11,00€/Kg","0,99€",https://cdn.intermarche.pt/pt/Content/images/boitmal/produit/zoom/B6EBF57BF6FEE625FEE4365FC32440DD.jpg,,/product/pacote-maca-e-pessego/7613036841498
47110,Bolsitas de puré de multifrutas,7613287218766,11598,11592,Embalagem de 110g,Nestlé,,"10,82€/Kg","1,19€",https://cdn.intermarche.pt/pt/Content/images/boitmal/produit/zoom/6D82A987C9C6908002E3D5AFC9ADDDBF.jpg,,/product/bolsitas-de-pure-de-multifrutas/7613287218766
25404,Pacote maçã e banana,8410175059611,11598,11592,Embalagem de 100g,Hero Baby,,"9,90€/Kg","0,99€",https://cdn.intermarche.pt/pt/Content/images/boitmal/produit/zoom/281BF99F56F43798BEA003F83F84C96C.jpg,,/product/pacote-maca-e-banana/8410175059611
45363,Frutapura pera,3041091718037,11598,11592,Embalagem de 4 x 95g,Blédina,,"7,87€/Kg","2,99€",https://cdn.intermarche.pt/pt/Content/images/boitmal/produit/zoom/E69090BBA2E04306566AF2334DDAFCD9.jpg,,/product/frutapura-pera/3041091718037
45362,Frutapura maçã e pera,3041091718020,11598,11592,Embalagem de 4 x 95g,Blédina,,"7,87€/Kg","2,99€",https://cdn.intermarche.pt/pt/Content/images/boitmal/produit/zoom/60F3F7131C5DB5AA444B3DA0E7BA07A2.jpg,,/product/frutapura-maca-e-pera/3041091718020
45364,"Frutapura Maçã, Laranja e Banana",3041091718068,11598,11592,Embalagem de 4 x 95g,Blédina,,"7,87€/Kg","2,99€",https://cdn.intermarche.pt/pt/Content/images/boitmal/produit/zoom/FDAC7B160DD613E98A6CDE7C097A8CC8.jpg,,/product/frutapura-maca-laranja-e-banana/3041091718068
46159,Frutapura frutos variados,3041091718051,11598,11592,4 x 95 g,Blédina,,"7,87€/Kg","2,99€",https://cdn.intermarche.pt/pt/Content/images/boitmal/produit/zoom/89D43CEC5925A104AAA4F6A512781989.jpg,,/product/frutapura-frutos-variados/3041091718051
494,"Refeição pronta boião de frango e arroz, 200g",3041090004247,11598,11592,,Blédina,,"11,20€/Kg","2,24€",https://cdn.intermarche.pt/pt/Content/images/boitmal/produit/zoom/D0B72E05F5FD420D5BA2B84079FC7986.jpg,,/product/refeicao-pronta-boiao-de-frango-e-arroz-200g/3041090004247
495,"Refeição pronta, boião de legumes e vitela",3041090004841,11598,11592,Embalagem de 200g,Blédina,,"11,20€/Kg","2,24€",https://cdn.intermarche.pt/pt/Content/images/boitmal/produit/zoom/14EA0EAA54200A8ADE680213EE789C0F.jpg,,/product/refeicao-pronta-boiao-de-legumes-e-vitela/3041090004841
25403,Pacote 3 frutas,8410175059628,11598,11592,Embalagem de 100g,Hero Baby,,"9,90€/Kg","0,99€",https://cdn.intermarche.pt/pt/Content/images/boitmal/produit/zoom/E262238712DEE1BB23B5091786DB4C8C.jpg,,/product/pacote-3-frutas/8410175059628
44857,Cenouras com peru +6 meses,3041094687286,11598,11592,Embalagem de 2 x 200g,Blédina,,"9,98€/Kg","3,99€",https://cdn.intermarche.pt/pt/Content/images/boitmal/produit/zoom/C13E78EE6F0D38F5D660EEE40799F3AE.jpg,,/product/cenouras-com-peru-+6-meses/3041094687286
45361,Frutapura 100% Ameixa/ Maçã,3041091718006,11598,11592,Embalagem de 4x95 g,Blédina,,"7,87€/Kg","2,99€",https://cdn.intermarche.pt/pt/Content/images/boitmal/produit/zoom/FFD79B2DADF439B374A618F25FEC20E2.jpg,,/product/frutapura-100%25-ameixa-ou-maca/3041091718006
47059,Frutapura maçã e banana,5900852054815,11598,11592,Embalagem de 85g,Blédina,,"11,65€/Kg","0,99€",https://cdn.intermarche.pt/pt/Content/images/boitmal/produit/zoom/6D8117062870E814646CA2B54B3BAF15.jpg,,/product/frutapura-maca-e-banana/5900852054815
47065,"Frutapura pera, banana e alperce",5900852054877,11598,11592,Embalagem de 85g,Blédina,,"11,65€/Kg","0,99€",https://cdn.intermarche.pt/pt/Content/images/boitmal/produit/zoom/348F92E6B35A4A5CB08A007FD14B90FE.jpg,,/product/frutapura-pera-banana-e-alperce/5900852054877
53258,"Snack Para Bebé Morango e Banana, 28g",8445290554499,11599,11592,,Nestlé,,"46,07€/Kg","1,29€",https://cdn.intermarche.pt/pt/Content/images/boitmal/produit/zoom/E5BFDA06611A95D88247C2CD3DDD8017.jpg,2024-09-25T22:59:59.999Z,/product/snack-para-bebe-morango-e-banana-28g/8445290554499
49779,"Refeição Bio Puré de Ervilhas com batata e frango, 190g",7613287805119,11284,10119,,Gerber,,"14,16€/Kg","2,69€",https://cdn.intermarche.pt/pt/Content/images/boitmal/produit/zoom/8115AF04DD1FE11036F6E66AF0A9E321.jpg,,/product/refeicao-bio-pure-de-ervilhas-com-batata-e-frango-190g/7613287805119
28507,Fralda Cueca Extra T6 | +14 kg,8006540618752,11601,11593,Embalagem c/ 48 un.,Dodot,,"13,49€/Unidade","13,49€",https://cdn.intermarche.pt/pt/Content/images/boitmal/produit/zoom/0E81716B09BE4333C336DFF322751365.jpg,2024-10-04T22:59:59.999Z,/product/fralda-cueca-extra-t6-|-+14-kg/8006540618752
42519,Fralda cueca T6 | +15 kg,8001841677231,11601,11593,Embalagem com 27 unidades,Dodot,,"7,98€/Unidade","7,98€",https://cdn.intermarche.pt/pt/Content/images/boitmal/produit/zoom/14DC2145C7F0EE74A22026D2FA4B4D06.jpg,2024-10-04T22:59:59.999Z,/product/fralda-cueca-t6-|-+15-kg/8001841677231
49505,Fraldas Bebé Seco Extra T3+ 7-11kg,8006540618578,11601,11593,Embalagem c/ 66 un.,Dodot,,"13,49€/Unidade","13,49€",https://cdn.intermarche.pt/pt/Content/images/boitmal/produit/zoom/BEEC46C8A19C711256F037B8E4254626.jpg,2024-10-04T22:59:59.999Z,/product/fraldas-bebe-seco-extra-t3+-7-11kg/8006540618578
42890,Fralda cueca T7 | +17 kg,8001841677279,11601,11593,Embalagem com 23 unidades,Dodot,,"7,98€/Unidade","7,98€",https://cdn.intermarche.pt/pt/Content/images/boitmal/produit/zoom/BD1B5C08FDBFA6C0333FD58AADF1496E.jpg,2024-10-04T22:59:59.999Z,/product/fralda-cueca-t7-|-+17-kg/8001841677279
42518,Fralda cueca T5 | 12 a 17 kg,8001841677194,11601,11593,Embalagem com 30 unidades,Dodot,,"7,98€/Unidade","7,98€",https://cdn.intermarche.pt/pt/Content/images/boitmal/produit/zoom/C651C3D83C903BFECFB80C7D96F998E5.jpg,2024-10-04T22:59:59.999Z,/product/fralda-cueca-t5-|-12-a-17-kg/8001841677194
42517,Fralda cueca T4 | 9 a 15 kg,8001841677156,11601,11593,Embalagem com 33 unidades,Dodot,,"7,98€/Unidade","7,98€",https://cdn.intermarche.pt/pt/Content/images/boitmal/produit/zoom/6BEB271390CFEC9C363E9C5637D6BA8D.jpg,2024-10-04T22:59:59.999Z,/product/fralda-cueca-t4-|-9-a-15-kg/8001841677156
49200,Fralda Cueca Extra T5 | 12 a 17 kg,8006540618691,11601,11593,Embalagem c/ 56 un.,Dodot,,"13,49€/Unidade","13,49€",https://cdn.intermarche.pt/pt/Content/images/boitmal/produit/zoom/CD8D7F49647F92E3CC1457459ED8DEC7.jpg,2024-10-04T22:59:59.999Z,/product/fralda-cueca-extra-t5-|-12-a-17-kg/8006540618691
48538,Fralda Activity T4 - 9 a 14 kg,8001841630977,11601,11593,58 unidades,Dodot,,"15,74€/Unidade","15,74€",https://cdn.intermarche.pt/pt/Content/images/boitmal/produit/zoom/0D3B2BCA5FFDE64EA3EDA73CB01406CD.jpg,2024-10-04T22:59:59.999Z,/product/fralda-activity-t4-9-a-14-kg/8001841630977
49506,Fralda Cueca Extra T4 | 10 a 15 Kg,8006540618639,11601,11593,Embalagem c/ 62 un.,Dodot,,"13,49€/Unidade","13,49€",https://cdn.intermarche.pt/pt/Content/images/boitmal/produit/zoom/64E5F794E2F531D28C7B2EDBB1AF77CE.jpg,2024-10-04T22:59:59.999Z,/product/fralda-cueca-extra-t4-|-10-a-15-kg/8006540618639
48539,Fralda Activity T5 - 11 a 16 kg,8001841630885,11601,11593,52 unidades,Dodot,,"15,74€/Unidade","15,74€",https://cdn.intermarche.pt/pt/Content/images/boitmal/produit/zoom/2D60DC2EFB9D5FD05A4C634EBADE90BC.jpg,2024-10-04T22:59:59.999Z,/product/fralda-activity-t5-11-a-16-kg/8001841630885
52592,Fralda Activity T6 +13 kg,8006540855768,11601,11593,36 unidades,Dodot,,"15,74€/Unidade","15,74€",https://cdn.intermarche.pt/pt/Content/images/boitmal/produit/zoom/5368FEA0B5C1DBD18103A6EBED9098FD.jpg,2024-10-04T22:59:59.999Z,/product/fralda-activity-t6-+13-kg/8006540855768
36910,Fraldas agility T6 para + de 17 kg,5604260326068,11601,11593,30 unidades,PorSi,,"5,69€/Unidade","5,69€",https://cdn.intermarche.pt/pt/Content/images/boitmal/produit/zoom/C8AE5AF97E01CC5E961749F64F41AB9A.jpg,,/product/fraldas-agility-t6-para-+-de-17-kg/5604260326068
37808,Fralda cueca T5 - 12 a 18 kg,5604260301102,11601,11593,20 unidades,PorSi,,"4,69€/Unidade","4,69€",https://cdn.intermarche.pt/pt/Content/images/boitmal/produit/zoom/69DCCDEA53F3C06E238F5E0D3FE58E5D.jpg,,/product/fralda-cueca-t5-12-a-18-kg/5604260301102
48280,Fraldas premium T6 - 17 a 28 kg,5604260323210,11601,11593,40 unidades,PorSi,,"8,49€/Unidade","8,49€",https://cdn.intermarche.pt/pt/Content/images/boitmal/produit/zoom/B950359F977599B745889D6912F1E08A.jpg,,/product/fraldas-premium-t6-17-a-28-kg/5604260323210
36909,Fraldas agility T5 de 13 a 18 kg,5604260326051,11601,11593,44 unidades,PorSi,,"5,99€/Unidade","5,99€",https://cdn.intermarche.pt/pt/Content/images/boitmal/produit/zoom/35F5347888749D5FF884CE0B00621B68.jpg,,/product/fraldas-agility-t5-de-13-a-18-kg/5604260326051
37814,Fraldas premium T5 - 13 a 18 kg,5604260301089,11601,11593,42 unidades,PorSi,,"8,10€/Unidade","8,10€",https://cdn.intermarche.pt/pt/Content/images/boitmal/produit/zoom/89B429811F2EE6A996D75A01C0E4B22C.jpg,,/product/fraldas-premium-t5-13-a-18-kg/5604260301089
37809,Fralda cueca T6 - 16 a 22 kg,5604260301119,11601,11593,18 unidades,PorSi,,"4,69€/Unidade","4,69€",https://cdn.intermarche.pt/pt/Content/images/boitmal/produit/zoom/E536EA3EA35E23C93A2058020884BA0B.jpg,,/product/fralda-cueca-t6-16-a-22-kg/5604260301119
51575,Fraldas para bebé agilidade T4 9-15kg,5604260326044,11601,11593,50 unidades,PorSi,,"5,99€/Unidade","5,99€",https://cdn.intermarche.pt/pt/Content/images/boitmal/produit/zoom/4A25E4A3651A040A2058DC5D78463847.jpg,,/product/fraldas-para-bebe-agilidade-t4-9-15kg/5604260326044
37811,Fraldas bebés recém-nascidos T2 - 3 a 6 kg,5604260299737,11601,11593,42 unidades,PorSi,,"4,49€/Unidade","4,49€",https://cdn.intermarche.pt/pt/Content/images/boitmal/produit/zoom/80D9EDB37D2E9B31219E35DC4AED1683.jpg,,/product/fraldas-bebes-recem-nascidos-t2-3-a-6-kg/5604260299737
37813,Fraldas premium T4 - 9 a 15 kg,5604260301072,11601,11593,50 unidades,PorSi,,"8,49€/Unidade","8,49€",https://cdn.intermarche.pt/pt/Content/images/boitmal/produit/zoom/808C9ED1B3A9B8C5B0FDA2887A809126.jpg,,/product/fraldas-premium-t4-9-a-15-kg/5604260301072
20845,Fraldas Recém Nascido Sensitive | Tamanho 2 - 4-8 kg,4015400846789,11601,11593,Embalagem c/ 58 unidades,Dodot,,"16,99€/Unidade","16,99€",https://cdn.intermarche.pt/pt/Content/images/boitmal/produit/zoom/1632CB2D48622ED6BCF679B07E74DB2E.jpg,,/product/fraldas-recem-nascido-sensitive-|-tamanho-2-4-8-kg/4015400846789
46886,Fraldas Activity Extra T6 |+14 kg,8006540286999,11601,11593,44 Unidades,Dodot,,"20,49€/Unidade","20,49€",https://cdn.intermarche.pt/pt/Content/images/boitmal/produit/zoom/B14216376CAACCF69EA04FEE6AC3E644.jpg,,/product/fraldas-activity-extra-t6-|+14-kg/8006540286999
25646,"Fralda Cueca de Banho 7 a 15 kg, 12 un.",0036000183399,11601,11593,,Huggies,,"7,99€/Unidade","7,99€",https://cdn.intermarche.pt/pt/Content/images/boitmal/produit/zoom/C76FC2B2BD252BC18DC8A140C5AA835C.jpg,,/product/fralda-cueca-de-banho-7-a-15-kg-12-un./0036000183399
37807,Fralda cueca T4 - 8 a 14 kg,5604260301096,11601,11593,22 unidades,PorSi,,"4,69€/Unidade","4,69€",https://cdn.intermarche.pt/pt/Content/images/boitmal/produit/zoom/8B2AC5D0D36DAA7853796128CC5C473D.jpg,,/product/fralda-cueca-t4-8-a-14-kg/5604260301096
37810,Fraldas bebés recém-nascidos T1 - 2 a 5 kg,5604260299720,11601,11593,24 unidades,PorSi,,"2,99€/Unidade","2,99€",https://cdn.intermarche.pt/pt/Content/images/boitmal/produit/zoom/9AA365CF0C2FBDBF0A0339C648DC9F63.jpg,,/product/fraldas-bebes-recem-nascidos-t1-2-a-5-kg/5604260299720
46504,Fraldas Sensitive | Tamanho 5 - 11 a 16 kg,8001841144900,11601,11593,Embalagem c/ 42 unidades,Dodot,,"18,99€/Unidade","18,99€",https://cdn.intermarche.pt/pt/Content/images/boitmal/produit/zoom/99885E8B86F9F7B612960551204F92C2.jpg,,/product/fraldas-sensitive-|-tamanho-5-11-a-16-kg/8001841144900
20086,Fraldas Activity Extra  T4 |9-15 kg,4015400930891,11601,11593,52 Unidade,Dodot,,"20,49€/Unidade","20,49€",https://cdn.intermarche.pt/pt/Content/images/boitmal/produit/zoom/85B5F496119317AAB81DB20A097DA7A6.jpg,,/product/fraldas-activity-extra-t4-|9-15-kg/4015400930891
35474,Fraldas Recém Nascido Sensitive | Tamanho 3 - 6 a 10 kg,8001841144849,11601,11593,Embalagem c/ 58 unidades,Dodot,,"18,49€/Unidade","18,49€",https://cdn.intermarche.pt/pt/Content/images/boitmal/produit/zoom/D34E5BB45F712604506D1EFDC9AFB375.jpg,,/product/fraldas-recem-nascido-sensitive-|-tamanho-3-6-a-10-kg/8001841144849
36907,Fraldas agility T3 de 4 a 10 kg,5604260326037,11601,11593,56 unidades,PorSi,,"5,99€/Unidade","5,99€",https://cdn.intermarche.pt/pt/Content/images/boitmal/produit/zoom/3197C4A7676B6A95A5D2715A4A917E8E.jpg,,/product/fraldas-agility-t3-de-4-a-10-kg/5604260326037
46502,Fraldas Recém Nascido Sensitive | Tamanho 1 - 2 a 5 kg,8006540170656,11601,11593,Embalagem c/ 44 unidades,Dodot,,"12,49€/Unidade","12,49€",https://cdn.intermarche.pt/pt/Content/images/boitmal/produit/zoom/E35B70A107153808143ECEBD9006B0F5.jpg,,/product/fraldas-recem-nascido-sensitive-|-tamanho-1-2-a-5-kg/8006540170656
48247,Fraldas Cuidado Total T4 9 a 14 kg,8006540374788,11601,11593,40 unidades,Dodot,,"19,99€/Unidade","19,99€",https://cdn.intermarche.pt/pt/Content/images/boitmal/produit/zoom/DDF5552F7947F3656BC02A446F53BA0B.jpg,,/product/fraldas-cuidado-total-t4-9-a-14-kg/8006540374788
49589,Fraldas Bebé Seco T5 11-16kg,8006540618882,11601,11593,Embalagem com 54 un.,Dodot,,"14,75€/Unidade","14,75€",https://cdn.intermarche.pt/pt/Content/images/boitmal/produit/zoom/318520D1AC7D4D48162F8FA2F6F27591.jpg,,/product/fraldas-bebe-seco-t5-11-16kg/8006540618882
49872,Fralda cueca banho 12 a 18 kg,5604260325009,11601,11593,11 unidades,PorSi,,"4,59€/Unidade","4,59€",https://cdn.intermarche.pt/pt/Content/images/boitmal/produit/zoom/D638E85131DF9D3EADC181EAF0D7F77F.jpg,,/product/fralda-cueca-banho-12-a-18-kg/5604260325009
50298,Fraldas Bebé Seco T4 9 a 14 kg,8006540618851,11601,11593,Embalagem com 58 un.,Dodot,,"14,75€/Unidade","14,75€",https://cdn.intermarche.pt/pt/Content/images/boitmal/produit/zoom/95DFB9F4EE3C46EF8BB2323C970BE4E6.jpg,,/product/fraldas-bebe-seco-t4-9-a-14-kg/8006540618851
53332,Fraldas Ninjamas Coração 4,8700216138833,11601,11593,Embalagem de 10 Un.,Dodot,,"9,99€/Unidade","9,99€",https://cdn.intermarche.pt/pt/Content/images/boitmal/produit/zoom/C633704E734772CD524DEC39A56E8DFC.jpg,,/product/fraldas-ninjamas-coracao-4/8700216138833
12460,Fraldas Bebé Seco T3 | 6-10 Kg,8006540618820,11601,11593,Embalagem com 62 un.,Dodot,,"14,75€/Unidade","14,75€",https://cdn.intermarche.pt/pt/Content/images/boitmal/produit/zoom/1A1869136A25B26D8C74B93ECC013B2A.jpg,,/product/fraldas-bebe-seco-t3-|-6-10-kg/8006540618820
20087,Fraldas Activity Extra T5 |13-19 kg,4015400884859,11601,11593,48 Unidade,Dodot,,"20,49€/Unidade","20,49€",https://cdn.intermarche.pt/pt/Content/images/boitmal/produit/zoom/1132DE7A24D0D94D284CF4C6EFCC405B.jpg,,/product/fraldas-activity-extra-t5-|13-19-kg/4015400884859
37812,Fraldas premium T3 - 4 a 10 kg,5604260301065,11601,11593,60 unidades,PorSi,,"9,10€/Unidade","9,10€",https://cdn.intermarche.pt/pt/Content/images/boitmal/produit/zoom/4EAC10020B9224D6442ABE842B034538.jpg,,/product/fraldas-premium-t3-4-a-10-kg/5604260301065
44174,"Fralda cueca Drynites para Menina 4 a 7 Anos, 10 unidades",5029053527581,11601,11593,,Huggies,,"8,99€/Unidade","8,99€",https://cdn.intermarche.pt/pt/Content/images/boitmal/produit/zoom/15E9F7837BAAEC3B9563C3E5C76AF89A.jpg,,/product/fralda-cueca-drynites-para-menina-4-a-7-anos-10-unidades/5029053527581
46503,Fraldas Sensitive | Tamanho 4 - 9 a 14 kg,8001841144870,11601,11593,Embalagem c/ 44 unidades,Dodot,,"18,99€/Unidade","18,99€",https://cdn.intermarche.pt/pt/Content/images/boitmal/produit/zoom/C29302C02E4EDD5019B7FE62D421A5A7.jpg,,/product/fraldas-sensitive-|-tamanho-4-9-a-14-kg/8001841144870
45212,Toalhitas Bebé Basic,5604260313440,11602,11593,Embalagem de 72 unidades,PorSi,,"0,90€/Unidade","0,90€",https://cdn.intermarche.pt/pt/Content/images/boitmal/produit/zoom/856ACD070E028237EAE2C96F31396D77.jpg,2024-10-04T22:59:59.999Z,/product/toalhitas-bebe-basic/5604260313440
49689,Toalhitas WC Sensitive,5025404007603,11602,11593,2 x 60 un.,Kandoo,,"4,44€/Unidade","4,44€",https://cdn.intermarche.pt/pt/Content/images/boitmal/produit/zoom/00AB99CD236F74B1FEA281B1B7040E67.jpg,2024-09-25T22:59:59.999Z,/product/toalhitas-wc-sensitive/5025404007603
53451,Toalhitas Infantis Wc Melão,5025404007443,11602,11593,Embalagem de 120 unidades,Kandoo,,"4,09€/Unidade","4,09€",https://cdn.intermarche.pt/pt/Content/images/boitmal/produit/zoom/C8935D5863D320E0F61769E6F97FD817.jpg,2024-09-25T22:59:59.999Z,/product/toalhitas-infantis-wc-melao/5025404007443
45213,Toalhitas Bebé Recarga,5604260313457,11602,11593,Embalagem de 72 unidades,PorSi,,"1,09€/Unidade","1,09€",https://cdn.intermarche.pt/pt/Content/images/boitmal/produit/zoom/28861C0DE96DF76960DF397C1DD8B10A.jpg,,/product/toalhitas-bebe-recarga/5604260313457
29126,Toalhitas,8001090134257,11602,11593,4 x 64 un.,Dodot,,"5,89€/Unidade","5,89€",https://cdn.intermarche.pt/pt/Content/images/boitmal/produit/zoom/44B6C590F496632C5F8CCC122D95EF42.jpg,,/product/toalhitas/8001090134257
31908,Toalhita Azul,8001090134226,11602,11593,Embalagem de 64 un.,Dodot,,"1,39€/Unidade","1,39€",https://cdn.intermarche.pt/pt/Content/images/boitmal/produit/zoom/A40107D24C6ED2C9535BA1C356D2F9D5.jpg,,/product/toalhita-azul/8001090134226
7490,"Toalhitas bebé, para rosto e mãos, 40 unidades",3250391276240,11602,11593,1 embalagem,Labell,,"1,29€/Unidade","1,29€",https://cdn.intermarche.pt/pt/Content/images/boitmal/produit/zoom/9BEB516C0155F38F2F70D27245E9664C.jpg,,/product/toalhitas-bebe-para-rosto-e-maos-40-unidades/3250391276240
12356,Toalhitas Sensitive |Recarga,8410108122535,11602,11593,Pack: 4 x54 unidades,Dodot,,"7,99€/Unidade","7,99€",https://cdn.intermarche.pt/pt/Content/images/boitmal/produit/zoom/25B89D0E4CFA95A39B00208C4F12F5D5.jpg,,/product/toalhitas-sensitive-|recarga/8410108122535
49554,Toalhitas Bebé Recarga,5604260323661,11602,11593,Embalagem de 4 x 72 unidades,PorSi,,"4,39€/Unidade","4,39€",https://cdn.intermarche.pt/pt/Content/images/boitmal/produit/zoom/16432E31C56080AB416227F0FEB4EF8D.jpg,,/product/toalhitas-bebe-recarga/5604260323661
36802,Toalhitas básico,8001090139504,11602,11593,embalagem com 54 unidades,Dodot,,"1,15€/Unidade","1,15€",https://cdn.intermarche.pt/pt/Content/images/boitmal/produit/zoom/12E79992B8514B2B82268A1F5A576830.jpg,,/product/toalhitas-basico/8001090139504
47873,Toalhitas Bebé Sensitive,5604260322961,11602,11593,64 unidades,PorSi,,"1,19€/Unidade","1,19€",https://cdn.intermarche.pt/pt/Content/images/boitmal/produit/zoom/CE2909CB8FC50CBFE83FBE95C5D4802F.jpg,,/product/toalhitas-bebe-sensitive/5604260322961
49361,Toalhitas Bebé Nature,5604260323777,11602,11593,64 unidades,PorSi,,"1,79€/Unidade","1,79€",https://cdn.intermarche.pt/pt/Content/images/boitmal/produit/zoom/B84FDCA5AF11C45CD077BD2704C1DC6C.jpg,,/product/toalhitas-bebe-nature/5604260323777
53561,"Toalhitas Bebé Aqua Pure 0% Plástico, 144 unidades",8006540836255,11602,11593,,Dodot,,"6,99€/Unidade","6,99€",https://cdn.intermarche.pt/pt/Content/images/boitmal/produit/zoom/136A2F36E0D1BE51DB72BAB798666061.jpg,,/product/toalhitas-bebe-aqua-pure-0%25-plastico-144-unidades/8006540836255
20612,"Toalhitas Bebé Natural Care, 3x56un.",5029053550176,11602,11593,,Huggies,,"5,99€/Unidade","5,99€",https://cdn.intermarche.pt/pt/Content/images/boitmal/produit/zoom/9472DF0F2B8BBF3E0F54D35D5C8A023D.jpg,,/product/toalhitas-bebe-natural-care-3x56un./5029053550176
45233,"Toalhitas de bebé pure, 56 un.",5029053550039,11602,11593,,Huggies,,"1,99€/Unidade","1,99€",https://cdn.intermarche.pt/pt/Content/images/boitmal/produit/zoom/DC4897FF6CAC1B0F4EEE2288D3996114.jpg,,/product/toalhitas-de-bebe-pure-56-un./5029053550039
49483,"Toalhitas Bebé Pure, 3 x 56un.",5029053550091,11602,11593,,Huggies,,"5,99€/Unidade","5,99€",https://cdn.intermarche.pt/pt/Content/images/boitmal/produit/zoom/21918B6A6635F4505F093E4466CC5A36.jpg,,/product/toalhitas-bebe-pure-3-x-56un./5029053550091
50290,Toalhitas Pure Extra Care,5029053568706,11602,11593,56 unidades,Huggies,,"2,29€/Unidade","2,29€",https://cdn.intermarche.pt/pt/Content/images/boitmal/produit/zoom/4932E420D85E15A463297F1C8DE18138.jpg,,/product/toalhitas-pure-extra-care/5029053568706
53458,"Toalhitas Bébe Mickey, 56 un.",5029053580371,11602,11593,,Huggies,,"2,99€/Unidade","2,99€",https://cdn.intermarche.pt/pt/Content/images/boitmal/produit/zoom/2C9E4774ED46F79BF07DB1DF4C669561.jpg,,/product/toalhitas-bebe-mickey-56-un./5029053580371
35756,Gel de banho para bebé cotton touch,3574661428024,11603,11593,Embalagem de 500 ml,Johnson's Baby,,"11,98€/L","5,99€",https://cdn.intermarche.pt/pt/Content/images/boitmal/produit/zoom/AC223BD11DE8D915C66F0375B06410DE.jpg,,/product/gel-de-banho-para-bebe-cotton-touch/3574661428024
44603,Champô 2 em 1 para bebé peles sensíveis,3468080082120,11603,11593,500 ml,Corine de Farme,,"13,98€/L","6,99€",https://cdn.intermarche.pt/pt/Content/images/boitmal/produit/zoom/2502C79B6AD738B330AE31CC780D6C92.jpg,,/product/champo-2-em-1-para-bebe-peles-sensiveis/3468080082120
35425,Champô júnior cereja/algodão,3250390760214,11603,11593,250 ml,Labell,,"6,76€/L","1,69€",https://cdn.intermarche.pt/pt/Content/images/boitmal/produit/zoom/1FB280A8B5B31DBBD9B8AF85DCAA2A87.jpg,,/product/champo-junior-cereja-ou-algodao/3250390760214
35760,Champô para criança penteia fácil,3574669909563,11603,11593,Embalagem de 500 ml,Johnson's Baby,,"11,98€/L","5,99€",https://cdn.intermarche.pt/pt/Content/images/boitmal/produit/zoom/6D29825BBBA716F70AF42815156AC475.jpg,,/product/champo-para-crianca-penteia-facil/3574669909563
41451,Champô gold,3574669907750,11603,11593,Embalagem de 500 ml,Johnson's Baby,,"11,98€/L","5,99€",https://cdn.intermarche.pt/pt/Content/images/boitmal/produit/zoom/D6193DD6B5F6088D81838B3C73786CFC.jpg,,/product/champo-gold/3574669907750
42901,Condicionador spray penteia fácil,3574669909860,11603,11593,Embalagem de 200 ml,Johnson's Baby,,"19,95€/L","3,99€",https://cdn.intermarche.pt/pt/Content/images/boitmal/produit/zoom/39AA9D3BF278FA178A337319F4F0E44F.jpg,,/product/condicionador-spray-penteia-facil/3574669909860
50939,Champô para Bebé Camomila,5604260324255,11603,11593,500 ml,PorSi,,"3,98€/L","1,99€",https://cdn.intermarche.pt/pt/Content/images/boitmal/produit/zoom/357FB9D6995C58F6D0F2B50894584D1A.jpg,,/product/champo-para-bebe-camomila/5604260324255
35081,Óleo bons sonhos,3574669909259,11603,11593,Embalagem de 300 ml,Johnson's Baby,,"9,97€/L","2,99€",https://cdn.intermarche.pt/pt/Content/images/boitmal/produit/zoom/096B0A16B0339A78A0CAE12A5896AE08.jpg,,/product/oleo-bons-sonhos/3574669909259
34998,Champô para criança gotas de brilho,3574669907194,11603,11593,Embalagem de 500 ml,Johnson's Baby,,"11,98€/L","5,99€",https://cdn.intermarche.pt/pt/Content/images/boitmal/produit/zoom/C3D73BB3054309DA2F5201D2D6A998FC.jpg,,/product/champo-para-crianca-gotas-de-brilho/3574669907194
35000,Condicionador spray para criança gotas de brilho,3574669909815,11603,11593,Embalagem de 200 ml,Johnson's Baby,,"19,95€/L","3,99€",https://cdn.intermarche.pt/pt/Content/images/boitmal/produit/zoom/C139756E6D531EDE25604C3B8DAB2978.jpg,,/product/condicionador-spray-para-crianca-gotas-de-brilho/3574669909815
35424,Champô júnior alperce/amêndoas,3250391151844,11603,11593,250 ml,Labell,,"6,76€/L","1,69€",https://cdn.intermarche.pt/pt/Content/images/boitmal/produit/zoom/F73B793EE859C5A022544AB75148D686.jpg,,/product/champo-junior-alperce-ou-amendoas/3250391151844
42925,Escova e pente,8058664050192,11603,11593,1 unidade,Neo Baby,,"5,99€/Unidade","5,99€",https://cdn.intermarche.pt/pt/Content/images/boitmal/produit/zoom/5E69D4829A6E23A762CBAA94202698D3.jpg,,/product/escova-e-pente/8058664050192
45610,Champô extra suave pele normal e sensível,3468080082168,11603,11593,500 ml,Corine de Farme,,"13,98€/L","6,99€",https://cdn.intermarche.pt/pt/Content/images/boitmal/produit/zoom/527D7692EA92F9F501EB189B7A861588.jpg,,/product/champo-extra-suave-pele-normal-e-sensivel/3468080082168
48833,Óleo aloé vera,3574661440408,11603,11593,Embalagem de 300 ml,Johnson's Baby,,"16,63€/L","4,99€",https://cdn.intermarche.pt/pt/Content/images/boitmal/produit/zoom/E83552D642A028AB5F50C53E4C89822C.jpg,,/product/oleo-aloe-vera/3574661440408
49691,Champô Bebé Camomila Eco Refil Pack,3574661660042,11603,11593,Embalagem de 1 litro,Johnson's Baby,,"8,49€/L","8,49€",https://cdn.intermarche.pt/pt/Content/images/boitmal/produit/zoom/E2E33CBD05BA04BBB4DD3E92F5DFCE35.jpg,,/product/champo-bebe-camomila-eco-refil-pack/3574661660042
25289,Champô Hidratante,8710908657979,11603,11593,Embalagem de 400 ml,Baby Dove,,"13,73€/L","5,49€",https://cdn.intermarche.pt/pt/Content/images/boitmal/produit/zoom/530FB36819DD763E30F141B28D624167.jpg,,/product/champo-hidratante/8710908657979
35080,Óleo regular,3574669909136,11603,11593,Embalagem de 300 ml,Johnson's Baby,,"13,30€/L","3,99€",https://cdn.intermarche.pt/pt/Content/images/boitmal/produit/zoom/0A0DF6921B8F076BE6F914B0C68A3A8A.jpg,,/product/oleo-regular/3574669909136
35758,Champô para criança camomila,3574669907743,11603,11593,Embalagem de 500 ml,Johnson's Baby,,"11,98€/L","5,99€",https://cdn.intermarche.pt/pt/Content/images/boitmal/produit/zoom/46628002EBFD4EA6E96E03C214FB8DC6.jpg,,/product/champo-para-crianca-camomila/3574669907743
45598,Óleo regular,3574669909099,11603,11593,Embalagem de 300 ml,Johnson's Baby,,"19,97€/L","5,99€",https://cdn.intermarche.pt/pt/Content/images/boitmal/produit/zoom/7AB0D8AD96BA46102980295823B6DB19.jpg,,/product/oleo-regular/3574669909099
46865,Gel de banho extra suave peles sensíveis,3468080082151,11603,11593,500 ml,Corine de Farme,,"11,98€/L","5,99€",https://cdn.intermarche.pt/pt/Content/images/boitmal/produit/zoom/0ACE4A09B8F089C14EC7340EF155F37D.jpg,,/product/gel-de-banho-extra-suave-peles-sensiveis/3468080082151
47900,Esponja banho natural,3250391974634,11603,11593,1 unidade,Pommette,,"3,99€/Unidade","3,99€",https://cdn.intermarche.pt/pt/Content/images/boitmal/produit/zoom/DD667212CA7D68C6FC486DF557EBE117.jpg,,/product/esponja-banho-natural/3250391974634
48794,Gel de banho corpo e cabelo,3468080082533,11284,10119,500 ml,Corine de Farme,,"14,98€/L","7,49€",https://cdn.intermarche.pt/pt/Content/images/boitmal/produit/zoom/B7B3C040557FB2C54AE2B96F9D057DBE.jpg,,/product/gel-de-banho-corpo-e-cabelo/3468080082533
48831,Champô e condicionador para bebé,3574661627021,11603,11593,Embalagem de 500 ml,Johnson's Baby,,"11,98€/L","5,99€",https://cdn.intermarche.pt/pt/Content/images/boitmal/produit/zoom/58BE24375DC7014406717E7D3D321362.jpg,,/product/champo-e-condicionador-para-bebe/3574661627021
51437,Gel de Banho Bebé Aloe Vera Bio,3574661709383,11603,11593,Embalagem de 395 ml,Johnson's Baby,,"11,37€/L","4,49€",https://cdn.intermarche.pt/pt/Content/images/boitmal/produit/zoom/E3B3E423A666D5262F12B851B717E261.jpg,,/product/gel-de-banho-bebe-aloe-vera-bio/3574661709383
53104,"Gel de Banho Night Time, 400 ml",8717163858226,11603,11593,,Baby Dove,,"13,73€/L","5,49€",https://cdn.intermarche.pt/pt/Content/images/boitmal/produit/zoom/6A657B6726E0BC3AD23BFF5461BF3C60.jpg,,/product/gel-de-banho-night-time-400-ml/8717163858226
53598,Champô Bons Sonhos,3574669907675,11603,11593,Embalagem de 300ml,Johnson's Baby,,"9,97€/L","2,99€",https://cdn.intermarche.pt/pt/Content/images/boitmal/produit/zoom/F095202B87E9631B2AEA639C930481C6.jpg,,/product/champo-bons-sonhos/3574669907675
53599,Champô Camomila,3574669907828,11603,11593,Embalagem de 300ml,Johnson's Baby,,"13,30€/L","3,99€",https://cdn.intermarche.pt/pt/Content/images/boitmal/produit/zoom/C8C5946C50CD1B4843892FB563A06161.jpg,,/product/champo-camomila/3574669907828
53600,Champô Bebé,3574669907880,11603,11593,Embalagem de 300ml,Johnson's Baby,,"13,30€/L","3,99€",https://cdn.intermarche.pt/pt/Content/images/boitmal/produit/zoom/D7E04E8BF4FE5FD17D4197B700F06D91.jpg,,/product/champo-bebe/3574669907880
9649,Champô Bebé Aloe Vera Bio,3574661709352,11603,11593,Embalagem de 395 ml,Johnson's Baby,,"11,37€/L","4,49€",https://cdn.intermarche.pt/pt/Content/images/boitmal/produit/zoom/160D2C179968DF421D38822FF418E50C.jpg,,/product/champo-bebe-aloe-vera-bio/3574661709352
25287,Gel de Banho Corpo e Cabelo Hidratante,8710908657467,11603,11593,Embalagem de 400 ml,Baby Dove,,"13,73€/L","5,49€",https://cdn.intermarche.pt/pt/Content/images/boitmal/produit/zoom/EC068137588BCD078E1EE3A3FFEED49F.jpg,,/product/gel-de-banho-corpo-e-cabelo-hidratante/8710908657467
25288,Gel de Banho Corpo e Cabelo Sensitive,8710908657535,11603,11593,Embalagem de 400 ml,Baby Dove,,"13,73€/L","5,49€",https://cdn.intermarche.pt/pt/Content/images/boitmal/produit/zoom/1D5B1A4EBC0F860BF1E8EB9315439D31.jpg,,/product/gel-de-banho-corpo-e-cabelo-sensitive/8710908657535
35001,Condicionador spray para criança gotas de força,3574661432823,11603,11593,Embalagem de 200 ml,Johnson's Baby,,"19,95€/L","3,99€",https://cdn.intermarche.pt/pt/Content/images/boitmal/produit/zoom/D1DBF961D0017FB76E89137B8C9C8500.jpg,,/product/condicionador-spray-para-crianca-gotas-de-forca/3574661432823
35754,Gel de banho para bebé cuidado completo,3574661435367,11603,11593,Embalagem de 500 ml,Johnson's Baby,,"11,98€/L","5,99€",https://cdn.intermarche.pt/pt/Content/images/boitmal/produit/zoom/6A94AFA801375F9764DB74204698DC8D.jpg,,/product/gel-de-banho-para-bebe-cuidado-completo/3574661435367
36869,Champô micelar bio,3468080081444,11603,11593,Embalagem de 500 ml,Corine de Farme,,"13,98€/L","6,99€",https://cdn.intermarche.pt/pt/Content/images/boitmal/produit/zoom/71D03F0FE7645F0C038769D483A169AB.jpg,,/product/champo-micelar-bio/3468080081444
49690,Champô Bebé Eco Refil Pack,3574661660011,11603,11593,Embalagem de 1 litro,Johnson's Baby,,"8,49€/L","8,49€",https://cdn.intermarche.pt/pt/Content/images/boitmal/produit/zoom/30B2C3DA6994FB63A3D8EA8A3A34E936.jpg,,/product/champo-bebe-eco-refil-pack/3574661660011
35280,Escova de dentes infantil 3 a 6 anos,3250391999781,11604,11593,1 un.,Labell,,"2,29€/Unidade","2,29€",https://cdn.intermarche.pt/pt/Content/images/boitmal/produit/zoom/D932016E8CED3D9A016E357D2549E12F.jpg,,/product/escova-de-dentes-infantil-3-a-6-anos/3250391999781
37828,Kit escovas de dentes,3159921200932,11604,11593,1 conjunto,Tigex,,"8,99€/Unidade","8,99€",https://cdn.intermarche.pt/pt/Content/images/boitmal/produit/zoom/E6EA2D1401FD889E0D9123A5BE17FD01.jpg,,/product/kit-escovas-de-dentes/3159921200932
49211,Pó de talco,5604260323593,11605,11593,Embalagem de 250g,PorSi,,"5,16€/Kg","1,29€",https://cdn.intermarche.pt/pt/Content/images/boitmal/produit/zoom/E40F16798034840819A25CAFF29958E1.jpg,,/product/po-de-talco/5604260323593
46795,Discos de algodão para bebé,5604260316526,11605,11593,60 unidades,PorSi,,"1,59€/Unidade","1,59€",https://cdn.intermarche.pt/pt/Content/images/boitmal/produit/zoom/2EEAC9E1885ACA25881240B0C7170873.jpg,,/product/discos-de-algodao-para-bebe/5604260316526
49226,Soro fisiológico,5604260319756,11605,11593,30x5 ml,PorSi,,"17,27€/L","2,59€",https://cdn.intermarche.pt/pt/Content/images/boitmal/produit/zoom/C39D3783B097DB858F69A0A24FADA75B.jpg,,/product/soro-fisiologico/5604260319756
47876,Óleo para bebé aloé vera,5604260323265,11605,11593,Embalagem de 500 ml,PorSi,,"5,30€/L","2,65€",https://cdn.intermarche.pt/pt/Content/images/boitmal/produit/zoom/B9F9FD607B55D8F1B0C68FBF9DE6E3F4.jpg,,/product/oleo-para-bebe-aloe-vera/5604260323265
44182,1ª água micelar peles sensíveis,3468080109896,11605,11593,Embalagem de 500 ml,Corine de Farme,,"59,90€/L","5,99€",https://cdn.intermarche.pt/pt/Content/images/boitmal/produit/zoom/60988DE5BA13DE4891143BB944FB8902.jpg,,/product/1ª-agua-micelar-peles-sensiveis/3468080109896
47784,Óleo de amêndoas doces,5604260321001,11605,11593,Garrafa de 100 ml,PorSi,,"13,50€/L","1,35€",https://cdn.intermarche.pt/pt/Content/images/boitmal/produit/zoom/5D9CEBF20619C9F81D5BCFF375019612.jpg,,/product/oleo-de-amendoas-doces/5604260321001
48375,Compressas bebé hipoalergénico,5604260319992,11605,11593,Embalagem de 100 unidades,PorSi,,"1,59€/Unidade","1,59€",https://cdn.intermarche.pt/pt/Content/images/boitmal/produit/zoom/E227FA23515A0D568F6FA59E15366D74.jpg,,/product/compressas-bebe-hipoalergenico/5604260319992
32123,Gel Intimo Suave,3468080408258,11605,11593,250 ml,Corine de Farme,,"21,16€/L","5,29€",https://cdn.intermarche.pt/pt/Content/images/boitmal/produit/zoom/C1A95522451D1263A705524622E4AC0A.jpg,,/product/gel-intimo-suave/3468080408258
44183,Leite hidratante pele sensível,3468080082137,11605,11593,Embalagem de 500 ml,Corine de Farme,,"59,90€/L","5,99€",https://cdn.intermarche.pt/pt/Content/images/boitmal/produit/zoom/20EF7EC0C6780389A6E8F25F13413AC9.jpg,,/product/leite-hidratante-pele-sensivel/3468080082137
47875,Óleo para bebé delicado,5604260323258,11605,11593,Embalagem de 500 ml,PorSi,,"5,30€/L","2,65€",https://cdn.intermarche.pt/pt/Content/images/boitmal/produit/zoom/913DBC0261DBAC2C646040EA198673D2.jpg,,/product/oleo-para-bebe-delicado/5604260323258
51778,Creme muda fraldas,5604260323364,11605,11593,Embalagem de 100 ml,PorSi,,"18,90€/L","1,89€",https://cdn.intermarche.pt/pt/Content/images/boitmal/produit/zoom/FB157C0ABC66A3F4CB060163FF3DA211.jpg,,/product/creme-muda-fraldas/5604260323364
24743,Loção hidratante,8710908658075,11605,11593,Embalagem de 200 ml,Baby Dove,,"39,95€/L","7,99€",https://cdn.intermarche.pt/pt/Content/images/boitmal/produit/zoom/EE4BA9DF4F95E9571225D6A4BFAC6409.jpg,,/product/locao-hidratante/8710908658075
33426,Loção Sensitive,8710908658006,11605,11593,Embalagem de 200 ml,Baby Dove,,"39,95€/L","7,99€",https://cdn.intermarche.pt/pt/Content/images/boitmal/produit/zoom/439B16F608E501B86BE2986902F7C50B.jpg,,/product/locao-sensitive/8710908658006
35757,Loção para bebé bons sonhos,3574669908146,11605,11593,500 ml,Johnson's Baby,,"8,98€/L","4,49€",https://cdn.intermarche.pt/pt/Content/images/boitmal/produit/zoom/C7144E1B0B29C0B550110D10B90899B8.jpg,,/product/locao-para-bebe-bons-sonhos/3574669908146
37944,Loção para bebé pink,3574661428079,11605,11593,500 ml,Johnson's Baby,,"9,98€/L","4,99€",https://cdn.intermarche.pt/pt/Content/images/boitmal/produit/zoom/81C9CF20A8E7D6CA5936A147AC9489C5.jpg,,/product/locao-para-bebe-pink/3574661428079
37945,Loção para bebé cotton touch,3574661428055,11605,11593,500 ml,Johnson's Baby,,"9,98€/L","4,99€",https://cdn.intermarche.pt/pt/Content/images/boitmal/produit/zoom/9031C19788783A95977ABE0DF961430D.jpg,,/product/locao-para-bebe-cotton-touch/3574661428055
37946,Banho do bebé bons sonhos,3574669908702,11605,11593,500 ml,Johnson's Baby,,"11,98€/L","5,99€",https://cdn.intermarche.pt/pt/Content/images/boitmal/produit/zoom/D20EF852447FC0BB21147DBC00793CE0.jpg,,/product/banho-do-bebe-bons-sonhos/3574669908702
45612,Creme hidratante pele sensível,3468080082236,11605,11593,Embalagem de 100 ml,Corine de Farme,,"49,90€/L","4,99€",https://cdn.intermarche.pt/pt/Content/images/boitmal/produit/zoom/C51D503EB7A9BFD90A3A585F49D52104.jpg,,/product/creme-hidratante-pele-sensivel/3468080082236
51435,Creme protetor,3574661660912,11605,11593,Embalagem de 100 ml,Johnson's Baby,,"49,90€/L","4,99€",https://cdn.intermarche.pt/pt/Content/images/boitmal/produit/zoom/6A52F5A93B457EE67919A5905E9A1ED3.jpg,,/product/creme-protetor/3574661660912
51436,Creme Corpo Bebé Aloe Vera Bio,3574661709604,11605,11593,Embalagem de 395 ml,Johnson's Baby,,"12,51€/L","4,94€",https://cdn.intermarche.pt/pt/Content/images/boitmal/produit/zoom/7A59DA6124384D9D66B8E4CA3D4D8BA9.jpg,,/product/creme-corpo-bebe-aloe-vera-bio/3574661709604
53105,"Loção Corporal Hidratante, 400 ml",8710447362945,11605,11593,,Baby Dove,,"19,98€/L","7,99€",https://cdn.intermarche.pt/pt/Content/images/boitmal/produit/zoom/B880FAAC529D97EA1F8E13F141032FDE.jpg,,/product/locao-corporal-hidratante-400-ml/8710447362945
53391,"Compresa Suave Baby 30Un, 30 un",3160928504534,11605,11593,,Mercurochrome,,"2,99€/Unidade","2,99€",https://cdn.intermarche.pt/pt/Content/images/boitmal/produit/zoom/F444962158456F588192A5DA28493581.jpg,,/product/compresa-suave-baby-30un-30-un/3160928504534
53595,Creme Hidratante Pele Sensível,3468080081963,11605,11593,Embalagem de 500ml,Corine de Farme,,"13,98€/L","6,99€",https://cdn.intermarche.pt/pt/Content/images/boitmal/produit/zoom/E1372A4B9A4412FFB9D6F4F90FC61BA7.jpg,,/product/creme-hidratante-pele-sensivel/3468080081963
53803,Pó Talco,3574661727523,11605,11593,Embalagem de 200g,Johnson's Baby,,"19,95€/Kg","3,99€",https://cdn.intermarche.pt/pt/Content/images/boitmal/produit/zoom/FE8189C2FDAF8BF81D1211168D45CDC9.jpg,,/product/po-talco/3574661727523
46866,Creme rosto e corpo extra suave,3468080081994,11605,11593,Embalagem de 500 ml,Corine de Farme,,"13,98€/L","6,99€",https://cdn.intermarche.pt/pt/Content/images/boitmal/produit/zoom/31B1F6D23CB4D3D260D317BF15B8C20B.jpg,,/product/creme-rosto-e-corpo-extra-suave/3468080081994
26085,Bacio Bebé Cinza,3250392500412,11606,11594,1 un.,Pommette,,"3,99€/Unidade","3,99€",https://cdn.intermarche.pt/pt/Content/images/boitmal/produit/zoom/6E96C1522D5E452E12D93204FC71447A.jpg,,/product/bacio-bebe-cinza/3250392500412
51483,Banheira com esvaziamento,3250392500573,11607,11594,1 unidade,Pommette,,"12,99€/Unidade","12,99€",https://cdn.intermarche.pt/pt/Content/images/boitmal/produit/zoom/074F27A145783985DF57611AA3F1E446.jpg,,/product/banheira-com-esvaziamento/3250392500573
21835,Anéis Empilháveis,8005125171033,11608,11594,1 unidade,Baby Clementoni,,"12,99€/Unidade","12,99€",https://cdn.intermarche.pt/pt/Content/images/boitmal/produit/zoom/E9DF4E94424184671120BAD70BC60C92.jpg,,/product/aneis-empilhaveis/8005125171033
42924,Anel dentição com pega,8058664050178,11608,11594,1 unidade,Neo Baby,,"3,99€/Unidade","3,99€",https://cdn.intermarche.pt/pt/Content/images/boitmal/produit/zoom/C6FE9981251961B9CD021524FA43E967.jpg,,/product/anel-denticao-com-pega/8058664050178
47160,Telefone educativo,5601849018161,11608,11594,1 unidade,Panda,,"19,99€/Unidade","19,99€",https://cdn.intermarche.pt/pt/Content/images/boitmal/produit/zoom/947FCA87E69A8C72E26F8921EE4A63CC.jpg,,/product/telefone-educativo/5601849018161
50680,Teclado musical,5601849018123,11608,11594,1 unidade,Panda,,"24,99€/Unidade","24,99€",https://cdn.intermarche.pt/pt/Content/images/boitmal/produit/zoom/9D674EA7C99A07819EEE6E3648C41DDB.jpg,,/product/teclado-musical/5601849018123
52732,Roca Gatinho Amoroso,8005125177844,11608,11594,1 Unidade,Baby Clementoni,,"14,99€/Unidade","14,99€",https://cdn.intermarche.pt/pt/Content/images/boitmal/produit/zoom/DE8845BAE114AE70242818911E716EB4.jpg,,/product/roca-gatinho-amoroso/8005125177844
52733,Roca Cãozinho Amoroso,8005125177851,11608,11594,1 Unidade,Baby Clementoni,,"14,99€/Unidade","14,99€",https://cdn.intermarche.pt/pt/Content/images/boitmal/produit/zoom/66D6D0B24890754F3C3CB1E7FEF679C1.jpg,,/product/roca-caozinho-amoroso/8005125177851
52735,Foguetão Sensorial,8005125178063,11608,11594,1 Unidade,Baby Clementoni,,"22,99€/Unidade","22,99€",https://cdn.intermarche.pt/pt/Content/images/boitmal/produit/zoom/6A02748FD36CB2E6FDB47BD4281D4BC5.jpg,,/product/foguetao-sensorial/8005125178063
52736,Urso de Atividades Baby Montessori,8005125178568,11608,11594,1 Unidade,Baby Clementoni,,"24,99€/Unidade","24,99€",https://cdn.intermarche.pt/pt/Content/images/boitmal/produit/zoom/2DFC7D49B5E326EB3A57C5A99EBCE2DD.jpg,,/product/urso-de-atividades-baby-montessori/8005125178568
21862,Escondidas,5601849000050,11608,11594,1 unidade,Panda,,"19,99€/Unidade","19,99€",https://cdn.intermarche.pt/pt/Content/images/boitmal/produit/zoom/7D77735A2B8275E763689AFA4F2F0225.jpg,,/product/escondidas/5601849000050
29006,Guitarra,5601849010165,11608,11594,1 un.,Panda,,"14,99€/Unidade","14,99€",https://cdn.intermarche.pt/pt/Content/images/boitmal/produit/zoom/4842701BF7378A8E1673A8F604462DB4.jpg,,/product/guitarra/5601849010165
32729,Balde Formas e Cores,8005125171064,11608,11594,unidade,Baby Clementoni,,"12,99€/Unidade","12,99€",https://cdn.intermarche.pt/pt/Content/images/boitmal/produit/zoom/A4DEF374FCB70F16085F24A01D916C85.jpg,,/product/balde-formas-e-cores/8005125171064
47153,Câmara,8005125174614,11608,11594,,Baby Clementoni,,"12,99€/Unidade","12,99€",https://cdn.intermarche.pt/pt/Content/images/boitmal/produit/zoom/DED48AFC60A4FEA252DE574728EDF531.jpg,,/product/camara/8005125174614
49509,Árvore divertida,8005125176878,11608,11594,1 unidade,Baby Clementoni,,"16,99€/Unidade","16,99€",https://cdn.intermarche.pt/pt/Content/images/boitmal/produit/zoom/A9195155A55E6F56E5EE21A017A320E6.jpg,,/product/arvore-divertida/8005125176878
50110,Telecomando mágico,5601849023622,11608,11594,1 unidade,Vtech Baby,,"24,99€/Unidade","24,99€",https://cdn.intermarche.pt/pt/Content/images/boitmal/produit/zoom/91D96FEA0199FE50C787BCC8C4CB43EC.jpg,,/product/telecomando-magico/5601849023622
50113,Camião das cores,5601849022076,11608,11594,1 unidade,Vtech Baby,,"36,99€/Unidade","36,99€",https://cdn.intermarche.pt/pt/Content/images/boitmal/produit/zoom/4EB388A5BB79350503327B06E77A0D0C.jpg,,/product/camiao-das-cores/5601849022076
50696,Baby Cubo Atividades,8005125176724,11608,11594,1 unidade,Baby Clementoni,,"21,99€/Unidade","21,99€",https://cdn.intermarche.pt/pt/Content/images/boitmal/produit/zoom/C9B5B8948BAFBB495492577D4CAC2979.jpg,,/product/baby-cubo-atividades/8005125176724
52344,Teddy Gatinha Comigo,5601849014255,11608,11594,,Vtech Baby,,"42,99€/Unidade","42,99€",https://cdn.intermarche.pt/pt/Content/images/boitmal/produit/zoom/3F19D17C88115037D3F57A70D1B69577.jpg,,/product/teddy-gatinha-comigo/5601849014255
52691,Peluche Panda Pinta-me,5601849027262,11608,11594,1 unidade,Concentra,,"23,99€/Unidade","23,99€",https://cdn.intermarche.pt/pt/Content/images/boitmal/produit/zoom/5276EFA519BA3F35FB7A07FBDBB1A25B.jpg,,/product/peluche-panda-pinta-me/5601849027262
46794,Discos de amamentação,5604260316519,11609,11594,30 unidades,PorSi,,"3,99€/Unidade","3,99€",https://cdn.intermarche.pt/pt/Content/images/boitmal/produit/zoom/D171701B26B341AF15E19F28CF8447A1.jpg,,/product/discos-de-amamentacao/5604260316519
51461,Tetinas Latex Tamanho 1,3250391974498,11609,11594,3 unidades,Pommette,,"1,99€/Unidade","1,99€",https://cdn.intermarche.pt/pt/Content/images/boitmal/produit/zoom/AD1AED2DE15AE9FE66C5F16724DF613A.jpg,,/product/tetinas-latex-tamanho-1/3250391974498
29322,Colher em Silicone,8058664049530,11609,11594,1 unidade,Neo Baby,,"3,99€/Unidade","3,99€",https://cdn.intermarche.pt/pt/Content/images/boitmal/produit/zoom/2D8F9C5C5731ECC941800857EA0AD364.jpg,,/product/colher-em-silicone/8058664049530
37824,Caixas doseadoras,3250391975082,11609,11594,2 unidades,Pommette,,"4,99€/Unidade","4,99€",https://cdn.intermarche.pt/pt/Content/images/boitmal/produit/zoom/F6B61BB3810E4BF444E139E6CC75F932.jpg,,/product/caixas-doseadoras/3250391975082
42914,Chupeta latex suave + 4 meses,8058664117864,11609,11594,Embalagem com 2 unidades,Neo Baby,,"6,49€/Unidade","6,49€",https://cdn.intermarche.pt/pt/Content/images/boitmal/produit/zoom/B9853BC7D28FF6D98B2FB820E7379F84.jpg,,/product/chupeta-latex-suave-+-4-meses/8058664117864
42920,Chupeta anatómico +6 meses,8058664098385,11609,11594,Embalagem com 2 unidades,Neo Baby,,"5,99€/Unidade","5,99€",https://cdn.intermarche.pt/pt/Content/images/boitmal/produit/zoom/C4349D33D27798170E06A3361115F2EB.jpg,,/product/chupeta-anatomico-+6-meses/8058664098385
51462,Tetinas Latex Variável,3250391974450,11609,11594,3 unidades,Pommette,,"1,99€/Unidade","1,99€",https://cdn.intermarche.pt/pt/Content/images/boitmal/produit/zoom/A98B171BDC26889E40D7C171CF0B2A27.jpg,,/product/tetinas-latex-variavel/3250391974450
51463,Tetinas Silicone Tamanho 1,3250391974535,11609,11594,2 unidades,Pommette,,"2,89€/Unidade","2,89€",https://cdn.intermarche.pt/pt/Content/images/boitmal/produit/zoom/957ED5F02708F950FF7FEF0DF13DE284.jpg,,/product/tetinas-silicone-tamanho-1/3250391974535
51464,Tetinas Silicone Tamanho 2,3250391974399,11609,11594,2 unidades,Pommette,,"2,89€/Unidade","2,89€",https://cdn.intermarche.pt/pt/Content/images/boitmal/produit/zoom/7836ED53A0020C683E5A5271791C7D7B.jpg,,/product/tetinas-silicone-tamanho-2/3250391974399
51458,Biberão inquebrável,3250393107382,11609,11594,cap.: 120 ml,Pommette,,"3,89€/Unidade","3,89€",https://cdn.intermarche.pt/pt/Content/images/boitmal/produit/zoom/CF589F95B5102A6DB02FBD09F61C1CE5.jpg,,/product/biberao-inquebravel/3250393107382
42919,Chupeta anatómico +6 meses,8058664096114,11609,11594,Embalagem com 2 unidades,Neo Baby,,"5,99€/Unidade","5,99€",https://cdn.intermarche.pt/pt/Content/images/boitmal/produit/zoom/AF6C5B42BD5459354818F8A36DB3B3A5.jpg,,/product/chupeta-anatomico-+6-meses/8058664096114
51484,Almofada de amamentação,5604260326518,11609,11594,,PorSi,,"37,99€/Unidade","37,99€",https://cdn.intermarche.pt/pt/Content/images/boitmal/produit/zoom/B9FADDB70D19D2C20D4C5A7DA3CBDAC1.jpg,,/product/almofada-de-amamentacao/5604260326518
36005,Resguardo para bebé,5604260291458,11613,11594,Dim.: 60 x 60 cm,PorSi,,"5,49€/Unidade","5,49€",https://cdn.intermarche.pt/pt/Content/images/boitmal/produit/zoom/B79D13EA82156EA77F3FC7FA04C93AEA.jpg,,/product/resguardo-para-bebe/5604260291458
48371,Lençol ajustável 60x120 cm,5604260322022,11613,11594,1 unidade,PorSi,,"6,99€/Unidade","6,99€",https://cdn.intermarche.pt/pt/Content/images/boitmal/produit/zoom/4EE8BB81F0B8AFDCD310E594569EF668.jpg,,/product/lencol-ajustavel-60x120-cm/5604260322022
48373,"Resguardo de colchão impermeável, dim.: 60 x 120 cm",5604260322046,11613,11594,,PorSi,,"8,49€/Unidade","8,49€",https://cdn.intermarche.pt/pt/Content/images/boitmal/produit/zoom/BEC242E9B249A7F7235FA282FE7CBEC8.jpg,,/product/resguardo-de-colchao-impermeavel-dim.:-60-x-120-cm/5604260322046
49236,Jogo de cama bebé,5604260321957,10647,10099,Dim.: 60 x 120 cm,PorSi,,"16,99€/Unidade","16,99€",https://cdn.intermarche.pt/pt/Content/images/boitmal/produit/zoom/AE74EC6E815D0D0C7AC2D5DEEFAE2686.jpg,,/product/jogo-de-cama-bebe/5604260321957
42244,Ração seca para cão adulto atividade normal,5604260308828,10659,10103,Embalagem de 4 kg,PorSi,,"1,25€/Kg","4,99€",https://cdn.intermarche.pt/pt/Content/images/boitmal/produit/zoom/7FCF75062802A5E94BD43D0BD28C29A4.jpg,2024-10-04T22:59:59.999Z,/product/racao-seca-para-cao-adulto-atividade-normal/5604260308828
6133,Ração para cão mini adulto menu vitafit com frango,7613033796401,10659,10103,"Embalagem de 1,5 kg",Friskies,,"3,49€/Kg","5,24€",https://cdn.intermarche.pt/pt/Content/images/boitmal/produit/zoom/3C79E4BAC4DF6BFE7D3353E2A964A4A0.jpg,2024-10-04T22:59:59.999Z,/product/racao-para-cao-mini-adulto-menu-vitafit-com-frango/7613033796401
2166,Trinca de arroz,5604260260140,10659,10103,Embalagem de 5 kg,PorSi,,"0,89€/Kg","4,44€",https://cdn.intermarche.pt/pt/Content/images/boitmal/produit/zoom/008EDD05AA3EDEDD5CAC2CA1B618F453.jpg,2024-10-04T22:59:59.999Z,/product/trinca-de-arroz/5604260260140
21687,"Alimento seco para cão, croquetes pro adulto",5604260281619,10659,10103,Embalagem de 4 Kg,PorSi Select,,"2,50€/Kg","9,99€",https://cdn.intermarche.pt/pt/Content/images/boitmal/produit/zoom/03AAA973843B37E27C67633A82FA6AD6.jpg,,/product/alimento-seco-para-cao-croquetes-pro-adulto/5604260281619
23106,Ração seca para cão croquetes pro júnior,5604260281459,10659,10103,Embalagem de 3 Kg,PorSi Select,,"3,00€/Kg","8,99€",https://cdn.intermarche.pt/pt/Content/images/boitmal/produit/zoom/31604BF3403212C462F5FD150B05CE73.jpg,,/product/racao-seca-para-cao-croquetes-pro-junior/5604260281459
2517,Ração para cão mini adulto menu vitafit com vaca,7613033796357,10659,10103,"Embalagem de 1,5 kg",Friskies,,"3,49€/Kg","5,24€",https://cdn.intermarche.pt/pt/Content/images/boitmal/produit/zoom/4881D456BD0A39D1A67A90451E209E48.jpg,2024-10-04T22:59:59.999Z,/product/racao-para-cao-mini-adulto-menu-vitafit-com-vaca/7613033796357
36582,Alimento seco para cão esterilizado medium/maxi >10 kg,7613036514576,10659,10103,"Embalagem de 2,5 kg",Purina One,,"4,64€/Kg","11,59€",https://cdn.intermarche.pt/pt/Content/images/boitmal/produit/zoom/C2F55CF4FF4042A1DFC79D3D7DDCCB27.jpg,2024-09-25T22:59:59.999Z,/product/alimento-seco-para-cao-esterilizado-medium-ou-maxi->10-kg/7613036514576
37472,Ração seca para cão adulto mais de 10 kg frango,7613036307390,10659,10103,"Embalagem de 2,5 kg",Purina One,,"4,64€/Kg","11,59€",https://cdn.intermarche.pt/pt/Content/images/boitmal/produit/zoom/87DD437455A5058DD4523C939CFC9D8C.jpg,2024-09-25T22:59:59.999Z,/product/racao-seca-para-cao-adulto-mais-de-10-kg-frango/7613036307390
43075,Ração seca para cão raças pequenas com carne fresca,5604260308798,10659,10103,Embalagem de 3 kg,PorSi Select,,"2,66€/Kg","7,99€",https://cdn.intermarche.pt/pt/Content/images/boitmal/produit/zoom/0E18593964A338FA2CCCE912F166EDCD.jpg,,/product/racao-seca-para-cao-racas-pequenas-com-carne-fresca/5604260308798
43076,Ração seca para cão adulto com carne fresca,5604260308781,10659,10103,Embalagem de 3 kg,PorSi Select,,"2,50€/Kg","7,49€",https://cdn.intermarche.pt/pt/Content/images/boitmal/produit/zoom/F23A534065D4BD813F5F6572E143A0E5.jpg,,/product/racao-seca-para-cao-adulto-com-carne-fresca/5604260308781
43077,Ração seca para cachorro com carne fresca,5604260308774,10659,10103,Embalagem de 3 kg,PorSi Select,,"3,00€/Kg","8,99€",https://cdn.intermarche.pt/pt/Content/images/boitmal/produit/zoom/8678FE2885572662770A3FBECDA35E3C.jpg,,/product/racao-seca-para-cachorro-com-carne-fresca/5604260308774
44415,"Alimento seco para cão, croquetes pro adulto",5604260313297,10659,10103,Embalagem de 15 Kg,PorSi Select,,"6,75€/Kg","26,99€",https://cdn.intermarche.pt/pt/Content/images/boitmal/produit/zoom/FBA1AE18C8BA83EA7BBF3741300FBB5F.jpg,,/product/alimento-seco-para-cao-croquetes-pro-adulto/5604260313297
474,Ração para cão júnior vitafit com frango e leite,3010470154575,10659,10103,"Embalagem de 1,5 kg",Friskies,,"3,49€/Kg","5,24€",https://cdn.intermarche.pt/pt/Content/images/boitmal/produit/zoom/3C713CBBA7061164500A4F945CA50441.jpg,2024-10-04T22:59:59.999Z,/product/racao-para-cao-junior-vitafit-com-frango-e-leite/3010470154575
48042,Ração Cão Médio Delicado +10 Kg Salmão/Arroz,7613036514309,10659,10103,"Embalagem de 2,5 kg",Purina One,,"4,64€/Kg","11,59€",https://cdn.intermarche.pt/pt/Content/images/boitmal/produit/zoom/3F1729EA475452F1C00751DD136F2F54.jpg,2024-09-25T22:59:59.999Z,/product/racao-cao-medio-delicado-+10-kg-salmao-ou-arroz/7613036514309
43072,Ração seca para cão júnior,5604260310456,10659,10103,Embalagem de 2 kg,PorSi,,"1,75€/Kg","3,49€",https://cdn.intermarche.pt/pt/Content/images/boitmal/produit/zoom/58216BDD4D000432B1ABF2896A51F99C.jpg,,/product/racao-seca-para-cao-junior/5604260310456
38111,Alimento seco para cão adulto,5601035401081,10659,10103,Embalagem de 20 kg,Mecodog,,"0,75€/Kg","14,99€",https://cdn.intermarche.pt/pt/Content/images/boitmal/produit/zoom/4F73811840D51CECB886D2473F7D9EDE.jpg,,/product/alimento-seco-para-cao-adulto/5601035401081
46771,"Ração para Cão Mini Júnior, 800 g",7613035027022,10659,10103,,Purina One,,"7,99€/Kg","6,39€",https://cdn.intermarche.pt/pt/Content/images/boitmal/produit/zoom/03D1B33C25D214E2BEDD75DD743BA96E.jpg,,/product/racao-para-cao-mini-junior-800-g/7613035027022
34114,Alimento seco mix para cão adulto,5604260285235,10659,10103,Embalagem de 10 kg,PorSi,,"1,40€/Kg","13,99€",https://cdn.intermarche.pt/pt/Content/images/boitmal/produit/zoom/F4E076DC6F772A559D10EB606496D8F3.jpg,,/product/alimento-seco-mix-para-cao-adulto/5604260285235
34901,Ração seca mix para cão adulto,5604260285242,10659,10103,Embalagem de 20 kg,PorSi,,"1,15€/Kg","22,99€",https://cdn.intermarche.pt/pt/Content/images/boitmal/produit/zoom/3BFE3A7A798EDC77E4A6CEA5FBDC5B59.jpg,,/product/racao-seca-mix-para-cao-adulto/5604260285242
43071,Alimento seco raça pequena,5604260310449,10659,10103,Embalagem de 1.5 kg,PorSi,,"1,99€/Kg","2,99€",https://cdn.intermarche.pt/pt/Content/images/boitmal/produit/zoom/5245AA1B9278B42C6136041AE68B2086.jpg,,/product/alimento-seco-raca-pequena/5604260310449
2167,Trinca de arroz,5604260260157,10659,10103,Embalagem de 1 kg,PorSi,,"0,89€/Kg","0,89€",https://cdn.intermarche.pt/pt/Content/images/boitmal/produit/zoom/362176E463C009D0E14216C396468204.jpg,,/product/trinca-de-arroz/5604260260157
2777,Ração para cão júnior vitafit com frango e leite,8410168399823,10659,10103,Embalagem de 3 kg,Friskies,,"4,33€/Kg","12,99€",https://cdn.intermarche.pt/pt/Content/images/boitmal/produit/zoom/0DFCA8E5439FA8FC7457AA59F9A611A6.jpg,,/product/racao-para-cao-junior-vitafit-com-frango-e-leite/8410168399823
43074,Ração seca para cão sénior,5604260310432,10659,10103,Embalagem de 3 kg,PorSi,,"1,76€/Kg","5,29€",https://cdn.intermarche.pt/pt/Content/images/boitmal/produit/zoom/44DAF56FDE719802AD6FFA3BD2C83F9B.jpg,,/product/racao-seca-para-cao-senior/5604260310432
15951,Ração para cão mini adulto nutri soft com frango,7613033995620,10659,10103,"Embalagem de 1,4 kg",Friskies,,"4,99€/Kg","6,99€",https://cdn.intermarche.pt/pt/Content/images/boitmal/produit/zoom/9C24CD5BA02B65C21DA67C3A95230B33.jpg,,/product/racao-para-cao-mini-adulto-nutri-soft-com-frango/7613033995620
43073,Ração seca para cão júnior,5604260310463,10659,10103,Embalagem de 10 kg,PorSi,,"1,50€/Kg","14,99€",https://cdn.intermarche.pt/pt/Content/images/boitmal/produit/zoom/CB183C5FAD790F7B7305B35DDFAC1A4B.jpg,,/product/racao-seca-para-cao-junior/5604260310463
9907,"Ração para Cão Adulto Rico em Vaca, 800 g",7613034146823,10659,10103,,Purina One,,"7,99€/Kg","6,39€",https://cdn.intermarche.pt/pt/Content/images/boitmal/produit/zoom/2D069D9A111DADCD00CC4CBE292F352F.jpg,,/product/racao-para-cao-adulto-rico-em-vaca-800-g/7613034146823
15948,Ração para cão com frango,3010470154483,10659,10103,Embalagem de 4kg,Friskies,,"3,25€/Kg","12,99€",https://cdn.intermarche.pt/pt/Content/images/boitmal/produit/zoom/3FA4DB939C285CC6097E0FC075270434.jpg,,/product/racao-para-cao-com-frango/3010470154483
20966,Alimento seco p/ cão actividade intensa,5604260281091,10659,10103,Embalagem de 4kg,PorSi,,"2,00€/Kg","7,99€",https://cdn.intermarche.pt/pt/Content/images/boitmal/produit/zoom/0C79F105E7EEBCECE3C9549E663A5E48.jpg,,/product/alimento-seco-p-ou-cao-actividade-intensa/5604260281091
21035,Alimento seco para cão alta energia,5604260281107,10659,10103,Embalagem de 10kg,PorSi,,"1,90€/Kg","18,99€",https://cdn.intermarche.pt/pt/Content/images/boitmal/produit/zoom/F23C2A62BC772CEC40AE26D0922AB996.jpg,,/product/alimento-seco-para-cao-alta-energia/5604260281107
23167,Alimento seco p/ cão croquetes vaca,5998749109809,10659,10103,Embalagem de 3 kg,Pedigree,,"8,33€/Kg","24,99€",https://cdn.intermarche.pt/pt/Content/images/boitmal/produit/zoom/36ECF52F8DF57648C8D6CFAEDDE4532D.jpg,,/product/alimento-seco-p-ou-cao-croquetes-vaca/5998749109809
2516,Ração para cão adulto vitafit light com frango,7613033772627,10659,10103,Embalagem de 3 kg,Friskies,,"4,33€/Kg","12,99€",https://cdn.intermarche.pt/pt/Content/images/boitmal/produit/zoom/9EE43B0F82E9233FE77D7BCFB604829F.jpg,,/product/racao-para-cao-adulto-vitafit-light-com-frango/7613033772627
2533,Alimento seco para cão active,7613034146533,10659,10103,"Embalagem de 1,5kg",Purina One,,"6,66€/Kg","9,99€",https://cdn.intermarche.pt/pt/Content/images/boitmal/produit/zoom/BBC38B46D5859E2729113F7994DE9EFB.jpg,,/product/alimento-seco-para-cao-active/7613034146533
25749,Alimento seco p/ cão galinha e legumes,5998749109786,10659,10103,Embalagem de 3 kg,Pedigree,,"8,55€/Kg","25,65€",https://cdn.intermarche.pt/pt/Content/images/boitmal/produit/zoom/37789753CE8B8F4E278AE981D06AC67C.jpg,,/product/alimento-seco-p-ou-cao-galinha-e-legumes/5998749109786
25750,Ração para cão mini menu com vaca,7613034596437,10659,10103,Embalagem de 3 kg,Friskies,,"4,33€/Kg","12,99€",https://cdn.intermarche.pt/pt/Content/images/boitmal/produit/zoom/439E45F7F8F979A6ABDDB3C992C15259.jpg,,/product/racao-para-cao-mini-menu-com-vaca/7613034596437
30079,Alimento sec cão mini galinha/vegetais 1.4k,5998749136218,10659,10103,"Embalagem de 1,4 kg",Pedigree,,"9,99€/Kg","13,99€",https://cdn.intermarche.pt/pt/Content/images/boitmal/produit/zoom/CA002344E5A19F90BB89D84C39B267D0.jpg,,/product/alimento-sec-cao-mini-galinha-ou-vegetais-1.4k/5998749136218
42248,Ração seca frango arroz cão médio/grande júnior + 10 Kg,7613038111803,10659,10103,Embalagem de 7 kg,Purina One,,"5,71€/Kg","39,99€",https://cdn.intermarche.pt/pt/Content/images/boitmal/produit/zoom/92D0FA00435E47D970840F86F2531876.jpg,,/product/racao-seca-frango-arroz-cao-medio-ou-grande-junior-+-10-kg/7613038111803
473,Ração para cão active,3010470154490,10659,10103,Embalagem de 4kg,Friskies,,"3,25€/Kg","12,99€",https://cdn.intermarche.pt/pt/Content/images/boitmal/produit/zoom/33A5FD3D03DDCD0CB2D52DA3598866C2.jpg,,/product/racao-para-cao-active/3010470154490
48197,Ração seca para cão Yorkshire,8410650171005,10659,10103,Embalagem de 1.5 kg,Ultima,,"6,65€/Kg","9,98€",https://cdn.intermarche.pt/pt/Content/images/boitmal/produit/zoom/10C05FF683886ECE7836C339BA5C0070.jpg,,/product/racao-seca-para-cao-yorkshire/8410650171005
48468,Alimento seco gato esterilizado trato urinário,8410650271095,10659,10103,750 g,Ultima,,"9,32€/Kg","6,99€",https://cdn.intermarche.pt/pt/Content/images/boitmal/produit/zoom/4EB0575FC5A2DB1DA8F5664EAE3FB992.jpg,,/product/alimento-seco-gato-esterilizado-trato-urinario/8410650271095
51665,Ração Seca Gato com Frango,8445290103284,10659,10103,1.5 kg,Purina One,,"8,66€/Kg","12,99€",https://cdn.intermarche.pt/pt/Content/images/boitmal/produit/zoom/870ECAF70E98528ABA34AE49BCB8BCD9.jpg,,/product/racao-seca-gato-com-frango/8445290103284
40769,Comida húmida para cão,5604260301942,10658,10103,Embalagem de 300 g,PorSi,,"2,50€/Kg","0,75€",https://cdn.intermarche.pt/pt/Content/images/boitmal/produit/zoom/D90B7AD78A8FE4F93D83927A0C609BE3.jpg,2024-10-04T22:59:59.999Z,/product/comida-humida-para-cao/5604260301942
43009,Comida húmida para cão de borrego,5604260307180,10658,10103,Embalagem de 300 g,PorSi,,"2,50€/Kg","0,75€",https://cdn.intermarche.pt/pt/Content/images/boitmal/produit/zoom/8873D77963E4D34906CA2FC5E881C248.jpg,2024-10-04T22:59:59.999Z,/product/comida-humida-para-cao-de-borrego/5604260307180
43011,Comida húmida para cão de peru,5604260307210,10658,10103,Embalagem de 300 g,PorSi,,"2,50€/Kg","0,75€",https://cdn.intermarche.pt/pt/Content/images/boitmal/produit/zoom/0A4DC002663775585CA403A7A4E290B2.jpg,2024-10-04T22:59:59.999Z,/product/comida-humida-para-cao-de-peru/5604260307210
43012,Comida húmida para cão de frango,5604260307197,10658,10103,Embalagem de 300 g,PorSi,,"2,50€/Kg","0,75€",https://cdn.intermarche.pt/pt/Content/images/boitmal/produit/zoom/E18D56D7EBECE5FA4FFC211D3EDBE796.jpg,2024-10-04T22:59:59.999Z,/product/comida-humida-para-cao-de-frango/5604260307197
43013,Comida húmida para cão de vaca e fígado,5604260307234,10658,10103,Embalagem de 150 g,PorSi,,"3,67€/Kg","0,55€",https://cdn.intermarche.pt/pt/Content/images/boitmal/produit/zoom/B209C30D57796BF0D387236422168313.jpg,,/product/comida-humida-para-cao-de-vaca-e-figado/5604260307234
43015,Comida húmida para cão de frango e peru,5604260307272,10658,10103,Embalagem de 150 g,PorSi,,"3,67€/Kg","0,55€",https://cdn.intermarche.pt/pt/Content/images/boitmal/produit/zoom/EAEB85368DC9DFA85FACC079BE7312A7.jpg,,/product/comida-humida-para-cao-de-frango-e-peru/5604260307272
21417,"Alimento húmido para cão, galinha e cordeiro",8410136003486,10658,10103,Embalagem de 400g,Pedigree,,"6,13€/Kg","2,45€",https://cdn.intermarche.pt/pt/Content/images/boitmal/produit/zoom/3591685DF3CE8F70C5DF9853F3C50774.jpg,2024-10-04T22:59:59.999Z,/product/alimento-humido-para-cao-galinha-e-cordeiro/8410136003486
43010,Comida húmida para cão de pato,5604260307203,10658,10103,Embalagem de 300 g,PorSi,,"2,50€/Kg","0,75€",https://cdn.intermarche.pt/pt/Content/images/boitmal/produit/zoom/5E1C3741C6F1C995755C2383F4502A9B.jpg,2024-10-04T22:59:59.999Z,/product/comida-humida-para-cao-de-pato/5604260307203
43014,Comida húmida para cão de vaca e peru,5604260307265,10658,10103,Embalagem de 150 g,PorSi,,"3,67€/Kg","0,55€",https://cdn.intermarche.pt/pt/Content/images/boitmal/produit/zoom/64870FF5E08BA4832C59FFB62BD40F56.jpg,,/product/comida-humida-para-cao-de-vaca-e-peru/5604260307265
46501,"Alimento húmido cão galinha, vaca e cenoura",8410136023293,10658,10103,Embalagem de 400g,Pedigree,,"6,13€/Kg","2,45€",https://cdn.intermarche.pt/pt/Content/images/boitmal/produit/zoom/9267D4A54752B3186D7E09A2500B9DDB.jpg,2024-10-04T22:59:59.999Z,/product/alimento-humido-cao-galinha-vaca-e-cenoura/8410136023293
15533,Alimento húmido para cão vaca,3065896410002,10658,10103,Embalagem de 300g,Pedigree,,"7,97€/Kg","2,39€",https://cdn.intermarche.pt/pt/Content/images/boitmal/produit/zoom/5F9EF0AF7A5F03BCF554481567FE5F66.jpg,2024-10-04T22:59:59.999Z,/product/alimento-humido-para-cao-vaca/3065896410002
15535,Alimento húmido para cão borrego,3065895970002,10658,10103,Embalagem de 300g,Pedigree,,"7,97€/Kg","2,39€",https://cdn.intermarche.pt/pt/Content/images/boitmal/produit/zoom/EEF7B280757AE693EB9CCE5FB5557C60.jpg,2024-10-04T22:59:59.999Z,/product/alimento-humido-para-cao-borrego/3065895970002
18840,Alimento húmido para cão saquetas,8410136003448,10658,10103,Embalagem de 400g,Pedigree,,"6,13€/Kg","2,45€",https://cdn.intermarche.pt/pt/Content/images/boitmal/produit/zoom/B26860A3B1E648280449E3C0E85C039C.jpg,2024-10-04T22:59:59.999Z,/product/alimento-humido-para-cao-saquetas/8410136003448
30074,Alimento húmido cão gelatina júnior,8410136012280,10658,10103,Embalagem de 400g,Pedigree,,"6,13€/Kg","2,45€",https://cdn.intermarche.pt/pt/Content/images/boitmal/produit/zoom/5993777C986B8D9AC3FA8AA26A9AFCE1.jpg,2024-10-04T22:59:59.999Z,/product/alimento-humido-cao-gelatina-junior/8410136012280
46475,Comida húmida para cão almôndegas,5604260315536,10658,10103,Embalagem de 1200 g,PorSi,,"1,40€/Kg","1,68€",https://cdn.intermarche.pt/pt/Content/images/boitmal/produit/zoom/27B33BF63015BBB9F1D620405CAC82DE.jpg,,/product/comida-humida-para-cao-almondegas/5604260315536
46848,"Comida húmida p/ cão frango, massa e cenoura",5604260316496,10658,10103,Lata de 1.2 kg,PorSi,,"1,96€/Kg","2,35€",https://cdn.intermarche.pt/pt/Content/images/boitmal/produit/zoom/E6BF900BA1C98206A0B355A46E14C021.jpg,,/product/comida-humida-p-ou-cao-frango-massa-e-cenoura/5604260316496
36697,Comida húmida para cão de frango e legumes,5604260296828,10658,10103,Lata de 400 g,PorSi,,"2,48€/Kg","0,99€",https://cdn.intermarche.pt/pt/Content/images/boitmal/produit/zoom/2C3222BA25D34EE06A1A618B0D42F871.jpg,,/product/comida-humida-para-cao-de-frango-e-legumes/5604260296828
46849,"Comida húmida p/ cão vaca, arroz e ervilhas",5604260316502,10658,10103,Lata de 1.2 kg,PorSi,,"1,96€/Kg","2,35€",https://cdn.intermarche.pt/pt/Content/images/boitmal/produit/zoom/EDB60C499834E10585A782F49B2D1D3B.jpg,,/product/comida-humida-p-ou-cao-vaca-arroz-e-ervilhas/5604260316502
36695,Comida húmida para cão de vaca e frango,5604260296835,10658,10103,Lata de 400 g,PorSi,,"2,48€/Kg","0,99€",https://cdn.intermarche.pt/pt/Content/images/boitmal/produit/zoom/15773437F43917ED97D236A21F7143FB.jpg,,/product/comida-humida-para-cao-de-vaca-e-frango/5604260296835
36696,Comida húmida para cão de frango e arroz,5604260296811,10658,10103,Lata de 400 g,PorSi,,"2,48€/Kg","0,99€",https://cdn.intermarche.pt/pt/Content/images/boitmal/produit/zoom/D739902F82A1C319F72C735A8DBD02A4.jpg,,/product/comida-humida-para-cao-de-frango-e-arroz/5604260296811
52964,"Comida Húmida para Cão Mini Delicate, 4 x 85g",8445290299031,10658,10103,,Purina One,,"8,79€/Kg","2,99€",https://cdn.intermarche.pt/pt/Content/images/boitmal/produit/zoom/6A392DF8943E973AA60D6BB9B4C6DC31.jpg,,/product/comida-humida-para-cao-mini-delicate-4-x-85g/8445290299031
53228,"Comida Húmida para Cães com Salmão e Arenque, 400g",5060184240451,10658,10103,,Lilys k.,,"7,48€/Kg","2,99€",https://cdn.intermarche.pt/pt/Content/images/boitmal/produit/zoom/3CC422A00E74132195B608EEAEA5C132.jpg,,/product/comida-humida-para-caes-com-salmao-e-arenque-400g/5060184240451
53237,"Comida Húmida para Cão Mini Controlo Peso, 4 x 85g",8445290299215,10658,10103,,Purina One,,"8,79€/Kg","2,99€",https://cdn.intermarche.pt/pt/Content/images/boitmal/produit/zoom/CD7B0A6133C3CF7B623E70D0845EF351.jpg,,/product/comida-humida-para-cao-mini-controlo-peso-4-x-85g/8445290299215
52931,"Comida Húmida para Cães com Vaca, 400g",5060184240024,10658,10103,,Lilys k.,,"7,48€/Kg","2,99€",https://cdn.intermarche.pt/pt/Content/images/boitmal/produit/zoom/CF6D5DBAF3F8E83B8ED33938D25CA03F.jpg,,/product/comida-humida-para-caes-com-vaca-400g/5060184240024
854,Guloseima para cão biscrok,5010394133852,10660,10103,Embalagem de 500 g,Pedigree,,"9,38€/Kg","4,69€",https://cdn.intermarche.pt/pt/Content/images/boitmal/produit/zoom/C3696C3844F67065BEA83C1D5D8C7EB1.jpg,,/product/guloseima-para-cao-biscrok/5010394133852
861,Guloseima para cão markies,5010394996587,10660,10103,Embalagem de 500g,Pedigree,,"9,58€/Kg","4,79€",https://cdn.intermarche.pt/pt/Content/images/boitmal/produit/zoom/2E51376683F2E119D24E279A86CC3F4B.jpg,,/product/guloseima-para-cao-markies/5010394996587
48048,Snack cao up multitiras 12x10g,5604260316250,10660,10103,Embalagem de 120g,PorSi,,"8,25€/Kg","0,99€",https://cdn.intermarche.pt/pt/Content/images/boitmal/produit/zoom/A46620EBF0C0EB208E29EEEA2D650620.jpg,,/product/snack-cao-up-multitiras-12x10g/5604260316250
2445,Snack dentastix grande,5998749109113,10660,10103,Embalagem de 270 g,Pedigree,,"17,00€/Kg","4,59€",https://cdn.intermarche.pt/pt/Content/images/boitmal/produit/zoom/35241472DE7F17B0C520CB43E029E0A7.jpg,,/product/snack-dentastix-grande/5998749109113
48047,Snack cao up vaca 20x10g,5604260316274,10660,10103,Embalagem de 200g,PorSi,,"6,45€/Kg","1,29€",https://cdn.intermarche.pt/pt/Content/images/boitmal/produit/zoom/E19C8AC7DA2B3E58B6E153974C70BBAC.jpg,,/product/snack-cao-up-vaca-20x10g/5604260316274
48052,Snack Cão Guloseima Fumada,5604260316281,10660,10103,Embalagem 110 g,PorSi,,"10,82€/Kg","1,19€",https://cdn.intermarche.pt/pt/Content/images/boitmal/produit/zoom/31213AB774F9E3979A546753CC9B191D.jpg,,/product/snack-cao-guloseima-fumada/5604260316281
44370,Snack para cão dentastix fresh grande,5010394001939,10660,10103,Embalagem de 270 g,Pedigree,,"17,00€/Kg","4,59€",https://cdn.intermarche.pt/pt/Content/images/boitmal/produit/zoom/B073453CC07E667D996E0A3A2573D383.jpg,,/product/snack-para-cao-dentastix-fresh-grande/5010394001939
48050,Snack Cão Prodental,5604260316236,10660,10103,Embalagem 180 g,PorSi,,"7,72€/Kg","1,39€",https://cdn.intermarche.pt/pt/Content/images/boitmal/produit/zoom/E0D3732224ED23BCC3608938E9CB8D03.jpg,,/product/snack-cao-prodental/5604260316236
20503,Snacks para Cão Markies Mini,5010394002066,10660,10103,Embalagem de 500 g,Pedigree,,"9,58€/Kg","4,79€",https://cdn.intermarche.pt/pt/Content/images/boitmal/produit/zoom/C915F44923781F48273C12717E21C4B5.jpg,,/product/snacks-para-cao-markies-mini/5010394002066
20624,Biscoito para cão nuggets,7613034998040,10660,10103,Embalagem de 90g,Purina One,,"22,11€/Kg","1,99€",https://cdn.intermarche.pt/pt/Content/images/boitmal/produit/zoom/B63C6D0FF56B0F757981D3CE08436EAC.jpg,,/product/biscoito-para-cao-nuggets/7613034998040
20626,Biscoito para Cão Mini Sticks,7613034994721,10660,10103,Embalagem de 90 g,Purina One,,"22,11€/Kg","1,99€",https://cdn.intermarche.pt/pt/Content/images/boitmal/produit/zoom/0072C7DDEE99FD683B0F22224E89FB02.jpg,,/product/biscoito-para-cao-mini-sticks/7613034994721
2441,Snack dentastix médio,5998749107898,10660,10103,Embalagem de 720 g,Pedigree,,"17,49€/Kg","12,59€",https://cdn.intermarche.pt/pt/Content/images/boitmal/produit/zoom/CE7E08251A6723C8CAC86E9215088ECD.jpg,,/product/snack-dentastix-medio/5998749107898
35993,Salsicha para cão de raça pequena,5604260296927,10660,10103,Embalagem de 500 g,PorSi,,"3,58€/Kg","1,79€",https://cdn.intermarche.pt/pt/Content/images/boitmal/produit/zoom/4789CAE26708BFAD7774210837348752.jpg,,/product/salsicha-para-cao-de-raca-pequena/5604260296927
47840,Salsicha para cão de frango e fígado de vaca,5604260320639,10660,10103,1 kg,PorSi,,"2,79€/Kg","2,79€",https://cdn.intermarche.pt/pt/Content/images/boitmal/produit/zoom/416B631DBAF3F015C16FDEB22FB030F6.jpg,,/product/salsicha-para-cao-de-frango-e-figado-de-vaca/5604260320639
47841,Salsicha para cão frango e porco,5604260320646,10660,10103,1 kg,PorSi,,"2,79€/Kg","2,79€",https://cdn.intermarche.pt/pt/Content/images/boitmal/produit/zoom/3AD76A2FC3F2E2F8981E3BD77022AFD3.jpg,,/product/salsicha-para-cao-frango-e-porco/5604260320646
48049,Snack Cão Sticks Tenros Vaca,5604260316243,10660,10103,Embalagem 3 x 11 g,PorSi,,"30,00€/Kg","0,99€",https://cdn.intermarche.pt/pt/Content/images/boitmal/produit/zoom/C6B1BB6CBC20FD83F141C0656937C9BB.jpg,,/product/snack-cao-sticks-tenros-vaca/5604260316243
48051,Snack Cão Prodental Raças Pequenas,5604260316267,10660,10103,Embalagem 110 g,PorSi,,"9,00€/Kg","0,99€",https://cdn.intermarche.pt/pt/Content/images/boitmal/produit/zoom/A74DF5A40FC2139410AEBB7F4CA166D3.jpg,,/product/snack-cao-prodental-racas-pequenas/5604260316267
52009,Snacks Para Cão Picnic Variety,4000487199811,10660,10103,Embalagem de 126g (15 un.),Friskies,,"17,38€/Kg","2,19€",https://cdn.intermarche.pt/pt/Content/images/boitmal/produit/zoom/9F702E48E16604DBB8C9D9453A58F421.jpg,,/product/snacks-para-cao-picnic-variety/4000487199811
862,Guloseima para cão rodeo,5010394997461,10660,10103,Embalagem de 70g,Pedigree,,"31,29€/Kg","2,19€",https://cdn.intermarche.pt/pt/Content/images/boitmal/produit/zoom/6009D231E426C6E17B47FD860C0D3864.jpg,,/product/guloseima-para-cao-rodeo/5010394997461
15949,Snack para cão adulto com frango,7613033191565,10660,10103,Embalagem de 200g,Friskies,,"14,95€/Kg","2,99€",https://cdn.intermarche.pt/pt/Content/images/boitmal/produit/zoom/1681FBC5E8E52D412968CEDAF57F2735.jpg,,/product/snack-para-cao-adulto-com-frango/7613033191565
2446,Snack para cão dentastix grande,5998749110027,10660,10103,"Embalagem de 1,17 kg",Pedigree,,"13,67€/Kg","15,99€",https://cdn.intermarche.pt/pt/Content/images/boitmal/produit/zoom/2E3518D9B0484B32129F22EC8E5E205A.jpg,,/product/snack-para-cao-dentastix-grande/5998749110027
24864,Snack cão tasty bites chewy,5998749126943,10660,10103,Embalagem de 130 g,Pedigree,,"22,23€/Kg","2,89€",https://cdn.intermarche.pt/pt/Content/images/boitmal/produit/zoom/AFD4C0033EF4055A099299FBF5E20B63.jpg,,/product/snack-cao-tasty-bites-chewy/5998749126943
25218,Snack cão tasty bites cheesy,5998749127049,10660,10103,Embalagem com 140 g,Pedigree,,"20,64€/Kg","2,89€",https://cdn.intermarche.pt/pt/Content/images/boitmal/produit/zoom/702869C8C6CAD9B3AB8CC4223C08C777.jpg,,/product/snack-cao-tasty-bites-cheesy/5998749127049
25540,Snack de higiene oral diária para cão grande,7613035378636,10660,10103,Embalagem de 142 g,Purina One,,"17,54€/Kg","2,49€",https://cdn.intermarche.pt/pt/Content/images/boitmal/produit/zoom/837FEAEA701801EB10D5438DE14A0CB8.jpg,,/product/snack-de-higiene-oral-diaria-para-cao-grande/7613035378636
2656,Snack para cão biscuit original,8002205010060,10660,10103,Embalagem de 650 g,Friskies,,"7,52€/Kg","4,89€",https://cdn.intermarche.pt/pt/Content/images/boitmal/produit/zoom/CC32BAF09FF78142973A94FB1A8D15C0.jpg,,/product/snack-para-cao-biscuit-original/8002205010060
32994,Snack de higiene oral diária para cão mini,7613036342230,10660,10103,Embalagem de 69 g,Purina One,,"34,64€/Kg","2,39€",https://cdn.intermarche.pt/pt/Content/images/boitmal/produit/zoom/98C09A50920AF27ECE588C2915035ABF.jpg,,/product/snack-de-higiene-oral-diaria-para-cao-mini/7613036342230
35146,Snacks de vaca para cão tasty bites,5998749138359,10660,10103,Embalagem de 150 g,Pedigree,,"18,65€/Kg","2,89€",https://cdn.intermarche.pt/pt/Content/images/boitmal/produit/zoom/1626970F646511D994D289CA471FE19A.jpg,,/product/snacks-de-vaca-para-cao-tasty-bites/5998749138359
37474,Snack salmão de higiene oral diária para cão,7613036724111,10660,10103,Embalagem de 40 g,Purina One,,"54,75€/Kg","2,19€",https://cdn.intermarche.pt/pt/Content/images/boitmal/produit/zoom/06D57A2EA344CB737818514D2B8D767C.jpg,,/product/snack-salmao-de-higiene-oral-diaria-para-cao/7613036724111
37475,Snack frango de higiene oral diária para cão,7613036724135,10660,10103,Embalagem de 40 g,Purina One,,"54,75€/Kg","2,19€",https://cdn.intermarche.pt/pt/Content/images/boitmal/produit/zoom/FE7CA345919E0386E07B2394D74C3088.jpg,,/product/snack-frango-de-higiene-oral-diaria-para-cao/7613036724135
43007,Snacks para cão rodeo galinha,5998749140536,10660,10103,Embalagem de 123 g,Pedigree,,"23,50€/Kg","2,89€",https://cdn.intermarche.pt/pt/Content/images/boitmal/produit/zoom/D0AB251B590157F26BAF75563068E3CE.jpg,,/product/snacks-para-cao-rodeo-galinha/5998749140536
43008,Snacks para cão rodeo vaca,5998749140376,10660,10103,Embalagem de 123 g,Pedigree,,"23,50€/Kg","2,89€",https://cdn.intermarche.pt/pt/Content/images/boitmal/produit/zoom/12A492FC9BFF2398A597ED776EE2B137.jpg,,/product/snacks-para-cao-rodeo-vaca/5998749140376
47119,Snack para Cão Júnior Dentastix Galinha,5998749138335,10660,10103,Embalagem de 125g,Pedigree,,"23,12€/Kg","2,89€",https://cdn.intermarche.pt/pt/Content/images/boitmal/produit/zoom/7BFB535663435A85C699237A2E9EB7E2.jpg,,/product/snack-para-cao-junior-dentastix-galinha/5998749138335
51661,Snack Cão Delibon Frango,8008180843464,10660,10103,Embalagem de 130 g,Friskies,,"23,00€/Kg","2,99€",https://cdn.intermarche.pt/pt/Content/images/boitmal/produit/zoom/AD304944922CECED527CEA2C1426703F.jpg,,/product/snack-cao-delibon-frango/8008180843464
51672,Snacks para Cão Dental M,8410374614703,10660,10103,Embalagem de 30 g,Bon Brush,,"43,00€/Kg","1,29€",https://cdn.intermarche.pt/pt/Content/images/boitmal/produit/zoom/AF2FA7885311BACBEBCC18E313DD1B15.jpg,,/product/snacks-para-cao-dental-m/8410374614703
52068,Friskies picnic vaca 32x,4000487138605,10660,10103,Embalagem de 42g,Friskies,,"30,71€/Kg","1,29€",https://cdn.intermarche.pt/pt/Content/images/boitmal/produit/zoom/9A0798A60DD03B6D88DE360C9CC519B5.jpg,,/product/friskies-picnic-vaca-32x/4000487138605
6087,Snack dentastix small,5998749110720,10660,10103,Embalagem de 440 g,Pedigree,,"22,70€/Kg","9,99€",https://cdn.intermarche.pt/pt/Content/images/boitmal/produit/zoom/EB3FC1490357C9C6D78F1322396D0D39.jpg,,/product/snack-dentastix-small/5998749110720
856,Snack dentastix pequeno,5010394984577,10660,10103,Embalagem de 110 g,Pedigree,,"23,55€/Kg","2,59€",https://cdn.intermarche.pt/pt/Content/images/boitmal/produit/zoom/291BF015469CBCFA0EDD198A4145D1C7.jpg,,/product/snack-dentastix-pequeno/5010394984577
857,Snacks Cão Dentastix Pedigree,5010394984584,10660,10103,Embalagem de 180 g,Pedigree,,"19,17€/Kg","3,45€",https://cdn.intermarche.pt/pt/Content/images/boitmal/produit/zoom/77139CE32A7F5B8153D3D20C1CE397FE.jpg,,/product/snacks-cao-dentastix-pedigree/5010394984584
25542,Snack de higiene oral diária para cão médio,7613035378681,10660,10103,Embalagem de 115 g,Purina One,,"21,65€/Kg","2,49€",https://cdn.intermarche.pt/pt/Content/images/boitmal/produit/zoom/320E3BE97CDC96E85A6CFDC335D0C6E0.jpg,,/product/snack-de-higiene-oral-diaria-para-cao-medio/7613035378681
20625,Biscoito para cão strips,7613034995414,10660,10103,Embalagem de 90g,Purina One,,"22,11€/Kg","1,99€",https://cdn.intermarche.pt/pt/Content/images/boitmal/produit/zoom/3B0EC828EC4B2C1F711A442B5646D828.jpg,,/product/biscoito-para-cao-strips/7613034995414
51678,Tapetes educativos para animais,5604260323395,10657,10103,20 unidades | 60 x 60 cm,PorSi,,"5,99€/Unidade","5,99€",https://cdn.intermarche.pt/pt/Content/images/boitmal/produit/zoom/CBE0F46D6D27E50B887FC178CAC623BE.jpg,,/product/tapetes-educativos-para-animais/5604260323395
23175,Coleira em nylon p/ cão  repelente 75cm,3420900116729,10657,10103,Embalagem de 1 unidades,Repul'7,,"10,48€/Unidade","10,48€",https://cdn.intermarche.pt/pt/Content/images/boitmal/produit/zoom/17749901530515EDCD0714EC2A088659.jpg,,/product/coleira-em-nylon-p-ou-cao-repelente-75cm/3420900116729
33814,Brinquedo corda para cão,3250391428816,10657,10103,Embalagem de 1 unidades,Canaillou,,"2,98€/Unidade","2,98€",https://cdn.intermarche.pt/pt/Content/images/boitmal/produit/zoom/326E4A19EC32EAB93449B73B8CA908A5.jpg,,/product/brinquedo-corda-para-cao/3250391428816
3967,Coleira de nylon para cão,3250391428892,10657,10103,1 unidade,Canaillou,,"2,99€/Unidade","2,99€",https://cdn.intermarche.pt/pt/Content/images/boitmal/produit/zoom/8FE064F98594381C416662768971142D.jpg,,/product/coleira-de-nylon-para-cao/3250391428892
32326,Ração para gato adulto com salmão e legumes,8002205352009,10663,10104,Embalagem de 2 kg,Friskies,,"3,37€/Kg","6,74€",https://cdn.intermarche.pt/pt/Content/images/boitmal/produit/zoom/5A66DCF50E18EB50FA1AC8028C8508C6.jpg,2024-10-04T22:59:59.999Z,/product/racao-para-gato-adulto-com-salmao-e-legumes/8002205352009
36732,Ração seca de carne para gato adulto,5604260286454,10663,10104,Embalagem de 2 kg,PorSi,,"2,00€/Kg","3,99€",https://cdn.intermarche.pt/pt/Content/images/boitmal/produit/zoom/9EDD98958C9E50520083DF31D4824073.jpg,2024-10-04T22:59:59.999Z,/product/racao-seca-de-carne-para-gato-adulto/5604260286454
477,"Ração para gato adulto com coelho, frango e legumes",3010470159051,10663,10104,Embalagem de 2kg,Friskies,,"3,37€/Kg","6,74€",https://cdn.intermarche.pt/pt/Content/images/boitmal/produit/zoom/2B3FF876EA273999E91E87B3A45EA82A.jpg,2024-10-04T22:59:59.999Z,/product/racao-para-gato-adulto-com-coelho-frango-e-legumes/3010470159051
36690,Ração seca para gato adulto de peixe,5604260286461,10663,10104,Embalagem 2 kg,PorSi,,"2,00€/Kg","3,99€",https://cdn.intermarche.pt/pt/Content/images/boitmal/produit/zoom/62FABC3556B61D42E798E682190116C4.jpg,2024-10-04T22:59:59.999Z,/product/racao-seca-para-gato-adulto-de-peixe/5604260286461
478,"Ração para gato adulto com vaca, frango",3010470159068,10663,10104,Embalagem de 2000 g,Friskies,,"3,37€/Kg","6,74€",https://cdn.intermarche.pt/pt/Content/images/boitmal/produit/zoom/8CBBD29D38867FF759840945E76E088C.jpg,2024-10-04T22:59:59.999Z,/product/racao-para-gato-adulto-com-vaca-frango/3010470159068
2508,Ração para gato adulto com atum e legumes selecionados,7613033279430,10663,10104,Embalagem de 2 kg,Friskies,,"3,37€/Kg","6,74€",https://cdn.intermarche.pt/pt/Content/images/boitmal/produit/zoom/9ECB1AE4DF1EE59C9104A4A423144922.jpg,2024-10-04T22:59:59.999Z,/product/racao-para-gato-adulto-com-atum-e-legumes-selecionados/7613033279430
40516,Ração seca cocktail para gato adulto,5604260286478,10663,10104,Embalagem de 2 kg,PorSi,,"2,00€/Kg","3,99€",https://cdn.intermarche.pt/pt/Content/images/boitmal/produit/zoom/9A2BE3F2215A113791B062F6D92F0D4F.jpg,2024-10-04T22:59:59.999Z,/product/racao-seca-cocktail-para-gato-adulto/5604260286478
36189,Ração seca de carne para gato adulto,5604260286485,10663,10104,Embalagem de 4 kg,PorSi,,"1,25€/Kg","4,99€",https://cdn.intermarche.pt/pt/Content/images/boitmal/produit/zoom/45AFD294585EE14289E36B34758F626C.jpg,,/product/racao-seca-de-carne-para-gato-adulto/5604260286485
2506,Ração para gato adulto com atum e legumes selecionados,7613033269707,10663,10104,Embalagem de 400g,Friskies,,"6,23€/Kg","2,49€",https://cdn.intermarche.pt/pt/Content/images/boitmal/produit/zoom/312085192EC38A0CD177D73C362AF824.jpg,,/product/racao-para-gato-adulto-com-atum-e-legumes-selecionados/7613033269707
36527,Ração seca de peixe para gato adulto,5604260286492,10663,10104,Embalagem de 4 kg,PorSi,,"1,25€/Kg","4,99€",https://cdn.intermarche.pt/pt/Content/images/boitmal/produit/zoom/88356AD51D92524DFF3B08AA84A48F7D.jpg,,/product/racao-seca-de-peixe-para-gato-adulto/5604260286492
40547,Alimento seco p/gato adulto cocktail,5604260286508,10663,10104,Embalagem de 4Kg,PorSi,,"1,50€/Kg","5,99€",https://cdn.intermarche.pt/pt/Content/images/boitmal/produit/zoom/D8D9F59BA10D3A6190F65B1ACC0BA0BC.jpg,,/product/alimento-seco-p-ou-gato-adulto-cocktail/5604260286508
40768,Ração seca para gatinhos croquetes,5604260303656,10663,10104,Embalagem de 400 g,PorSi,,"2,48€/Kg","0,99€",https://cdn.intermarche.pt/pt/Content/images/boitmal/produit/zoom/BB4BC010299D0F2C0F071F5EB8216ACE.jpg,,/product/racao-seca-para-gatinhos-croquetes/5604260303656
15489,"Ração para gato adulto com vaca, frango",7613031884247,10663,10104,Embalagem de 4kg,Friskies,,"3,75€/Kg","14,99€",https://cdn.intermarche.pt/pt/Content/images/boitmal/produit/zoom/3758935B87F55535F41EEF08B41E8342.jpg,,/product/racao-para-gato-adulto-com-vaca-frango/7613031884247
25538,Ração para gato esterilizado com peru,7613035800281,10663,10104,"Embalagem de 1,5 kg",Friskies,,"5,19€/Kg","7,79€",https://cdn.intermarche.pt/pt/Content/images/boitmal/produit/zoom/F7CBFFFF3C5FDA5053462496D72FDD69.jpg,,/product/racao-para-gato-esterilizado-com-peru/7613035800281
476,"Ração para gato adulto com coelho, frango e legumes",3010470159020,10663,10104,Embalagem de 400g,Friskies,,"6,23€/Kg","2,49€",https://cdn.intermarche.pt/pt/Content/images/boitmal/produit/zoom/910C940E517160C08ABDD9D62AF704F9.jpg,,/product/racao-para-gato-adulto-com-coelho-frango-e-legumes/3010470159020
15952,Ração para gato adulto de interior,7613032918729,10663,10104,Embalagem de 3 kg,Friskies,,"4,86€/Kg","14,59€",https://cdn.intermarche.pt/pt/Content/images/boitmal/produit/zoom/7CA805A2F980FE0091D14971E5B8D99F.jpg,,/product/racao-para-gato-adulto-de-interior/7613032918729
41098,Ração seca para gatinhos frango e legumes,5604260303649,10663,10104,Embalagem de 2 kg,PorSi,,"2,50€/Kg","4,99€",https://cdn.intermarche.pt/pt/Content/images/boitmal/produit/zoom/5BC4595BFC022AD84967DDF1CE417B7B.jpg,,/product/racao-seca-para-gatinhos-frango-e-legumes/5604260303649
15741,Ração para gato bolas de pelo com frango,7613034945808,10663,10104,"Embalagem de 1,5kg",Friskies,,"3,99€/Kg","5,99€",https://cdn.intermarche.pt/pt/Content/images/boitmal/produit/zoom/07080EB115E04D4F8CE83D62B5121029.jpg,,/product/racao-para-gato-bolas-de-pelo-com-frango/7613034945808
42023,Ração seca para gato pro júnior,5604260304349,10663,10104,Embalagem de 450 g,PorSi Select,,"4,42€/Kg","1,99€",https://cdn.intermarche.pt/pt/Content/images/boitmal/produit/zoom/ABB498ACA2C7437456883B3627482160.jpg,,/product/racao-seca-para-gato-pro-junior/5604260304349
51625,Ração seca para gato indoor peru,8445290109613,10663,10104,Embalagem de 800g,Purina One,,"9,36€/Kg","7,49€",https://cdn.intermarche.pt/pt/Content/images/boitmal/produit/zoom/3E44930D3A8B0E84609878732EA65E2F.jpg,,/product/racao-seca-para-gato-indoor-peru/8445290109613
540,Ração para gato adulto de interior,3222270158428,10663,10104,"Embalagem de 1,5 kg",Friskies,,"5,23€/Kg","7,85€",https://cdn.intermarche.pt/pt/Content/images/boitmal/produit/zoom/BCDF727E4D46513EC6ED2A079BED67ED.jpg,,/product/racao-para-gato-adulto-de-interior/3222270158428
7183,"Ração para gato júnior com frango, cenoura e leite",3010470158047,10663,10104,Embalagem de 400g,Friskies,,"6,23€/Kg","2,49€",https://cdn.intermarche.pt/pt/Content/images/boitmal/produit/zoom/AEFE9F8B2C2F7544510CA11893278F9E.jpg,,/product/racao-para-gato-junior-com-frango-cenoura-e-leite/3010470158047
41069,Ração seca gato esterilizado com salmão,8410650171425,10663,10104,Embalagem de 1.5 kg,Ultima,,"8,66€/Kg","12,99€",https://cdn.intermarche.pt/pt/Content/images/boitmal/produit/zoom/2B9A6251EDBCD84AB63C9F8D62ABB689.jpg,,/product/racao-seca-gato-esterilizado-com-salmao/8410650171425
2778,Ração para gato adulto com coelho,8410168399939,10663,10104,Embalagem de 4 kg,Friskies,,"3,75€/Kg","14,99€",https://cdn.intermarche.pt/pt/Content/images/boitmal/produit/zoom/D77E234EEC231A513DCFB3E4E6B53BA0.jpg,,/product/racao-para-gato-adulto-com-coelho/8410168399939
15490,Ração para gato adulto com bacalhau e legumes,3010470181953,10663,10104,Embalagem de 4 kg,Friskies,,"3,75€/Kg","14,99€",https://cdn.intermarche.pt/pt/Content/images/boitmal/produit/zoom/76FDC61C7085BEC1E731F67650C92425.jpg,,/product/racao-para-gato-adulto-com-bacalhau-e-legumes/3010470181953
41388,Ração seca para gato pro esterilizado,5604260304356,10663,10104,Embalagem de 2 kg,PorSi Select,,"3,00€/Kg","5,99€",https://cdn.intermarche.pt/pt/Content/images/boitmal/produit/zoom/414693767CE18170FD5779989FBAB53F.jpg,,/product/racao-seca-para-gato-pro-esterilizado/5604260304356
42146,Alimento seco p/ gato interior,5604260304363,10663,10104,Embalagem de 2Kg,PorSi Select,,"3,00€/Kg","5,99€",https://cdn.intermarche.pt/pt/Content/images/boitmal/produit/zoom/5C1E77C66BE03B927EC3C6A958E696BC.jpg,,/product/alimento-seco-p-ou-gato-interior/5604260304363
25539,Ração para gato esterilizado com peru,7613035799837,10663,10104,Embalagem de 3 kg,Friskies,,"4,86€/Kg","14,59€",https://cdn.intermarche.pt/pt/Content/images/boitmal/produit/zoom/E82B69BA777EE2BE9204C639DD18E36B.jpg,,/product/racao-para-gato-esterilizado-com-peru/7613035799837
42122,Alimento seco p/ gato pro adulto,5604260304332,10663,10104,Embalagem de 2Kg,PorSi Select,,"3,00€/Kg","5,99€",https://cdn.intermarche.pt/pt/Content/images/boitmal/produit/zoom/1725DF1947632B2040F6C820DB94983A.jpg,,/product/alimento-seco-p-ou-gato-pro-adulto/5604260304332
51734,Ração seca para gato esterilizado salmão,8445290071934,10663,10104,Embalagem de 800g,Purina One,,"8,74€/Kg","6,99€",https://cdn.intermarche.pt/pt/Content/images/boitmal/produit/zoom/3FC78BD0F901F82DA3D85B4C5087E2E6.jpg,,/product/racao-seca-para-gato-esterilizado-salmao/8445290071934
25217,Ração para gato adulto esterilizado com peru,7613035799806,10663,10104,Embalagem de 380g,Friskies,,"6,64€/Kg","2,49€",https://cdn.intermarche.pt/pt/Content/images/boitmal/produit/zoom/9E495A9E48D2DE27C42E947D95E90A47.jpg,,/product/racao-para-gato-adulto-esterilizado-com-peru/7613035799806
2775,Ração para gato júnior com frango,8410168195562,10663,10104,"Embalagem de 1,5 kg",Friskies,,"5,19€/Kg","7,79€",https://cdn.intermarche.pt/pt/Content/images/boitmal/produit/zoom/0BFD70BB029D043699941600F3EAB43A.jpg,,/product/racao-para-gato-junior-com-frango/8410168195562
51518,Ração para gato júnior frango,8445290071996,10663,10104,Embalagem de 800 g,Purina One,,"9,36€/Kg","7,49€",https://cdn.intermarche.pt/pt/Content/images/boitmal/produit/zoom/6A94FB0765F3A09D507E3E9C1F23A79A.jpg,,/product/racao-para-gato-junior-frango/8445290071996
51623,Ração seca para gato esterilizado vaca,8445290099426,10663,10104,Embalagem de 800g,Purina One,,"8,74€/Kg","6,99€",https://cdn.intermarche.pt/pt/Content/images/boitmal/produit/zoom/899891DC2272CB4D2F7B1FAD0C492F87.jpg,,/product/racao-seca-para-gato-esterilizado-vaca/8445290099426
51624,Ração seca para gato frango,8445290071842,10663,10104,Embalagem de 800g,Purina One,,"8,74€/Kg","6,99€",https://cdn.intermarche.pt/pt/Content/images/boitmal/produit/zoom/92D0ABED1B038DDA5986C7D740E65DB5.jpg,,/product/racao-seca-para-gato-frango/8445290071842
35886,Ração para gato - indoor,7613035511811,10663,10104,Embalagem de 1.5 kg,Purina One,,"8,66€/Kg","12,99€",https://cdn.intermarche.pt/pt/Content/images/boitmal/produit/zoom/CE7871BA6F37C39DF00C6E355723AEFD.jpg,,/product/racao-para-gato-indoor/7613035511811
37620,Ração seca gato frango,8410650818719,10663,10104,Embalagem de 1.5 kg,Ultima,,"7,99€/Kg","11,99€",https://cdn.intermarche.pt/pt/Content/images/boitmal/produit/zoom/2604529C5F331462C6BCDF8185EBD576.jpg,,/product/racao-seca-gato-frango/8410650818719
43078,Ração seca para gato croquetes rico em salmão e arroz com cevada,5604260308811,10663,10104,Embalagem de 1.5 kg,PorSi Select,,"3,33€/Kg","4,99€",https://cdn.intermarche.pt/pt/Content/images/boitmal/produit/zoom/00A1AB272247C471A6D24D4AD0AC305B.jpg,,/product/racao-seca-para-gato-croquetes-rico-em-salmao-e-arroz-com-cevada/5604260308811
43079,Ração seca para gato croquetes rico em frango e arroz com cevada,5604260308804,10663,10104,Embalagem de 1.5 kg,PorSi Select,,"3,33€/Kg","4,99€",https://cdn.intermarche.pt/pt/Content/images/boitmal/produit/zoom/089B3C6117B1C3ECBC45DF718C20637F.jpg,,/product/racao-seca-para-gato-croquetes-rico-em-frango-e-arroz-com-cevada/5604260308804
51875,"Ração para Gato Adulto Esterilizado com Salmão, Atum e Legumes",7613287136527,10663,10104,Embalagem de 3 kg,Friskies,,"4,86€/Kg","14,59€",https://cdn.intermarche.pt/pt/Content/images/boitmal/produit/zoom/558BCF7059680B7B7EDC72D0721502B4.jpg,,/product/racao-para-gato-adulto-esterilizado-com-salmao-atum-e-legumes/7613287136527
51963,Comida Húmida Gatos Senior Sel. Aves,8410136026058,10662,10104,Embalagem de 340g,Whiskas,,"6,59€/Kg","2,24€",https://cdn.intermarche.pt/pt/Content/images/boitmal/produit/zoom/9E5FAAFC57FEC9D446F11D90FEA86205.jpg,2024-10-04T22:59:59.999Z,/product/comida-humida-gatos-senior-sel.-aves/8410136026058
36156,Comida húmida para gato - frango e coelho,5604260296903,10662,10104,Embalagem de 400 g,PorSi,,"2,48€/Kg","0,99€",https://cdn.intermarche.pt/pt/Content/images/boitmal/produit/zoom/76C8C10CB9460401502B28245C3865FD.jpg,,/product/comida-humida-para-gato-frango-e-coelho/5604260296903
36161,Comida húmida para gato - fígado de vaca,5604260296897,10662,10104,Embalagem de 400 g,PorSi,,"2,48€/Kg","0,99€",https://cdn.intermarche.pt/pt/Content/images/boitmal/produit/zoom/AC50E1FE89120C8CECFACC1E3A47A9A4.jpg,,/product/comida-humida-para-gato-figado-de-vaca/5604260296897
45709,Comida húmida gato almondegas com aves,5604260315543,10662,10104,Embalagem de 400g,PorSi,,"2,13€/Kg","0,85€",https://cdn.intermarche.pt/pt/Content/images/boitmal/produit/zoom/A001EE46E784B4CDB8EA51A20BADEAB4.jpg,,/product/comida-humida-gato-almondegas-com-aves/5604260315543
2474,Comida húmida para gato duplo prazer com vaca e frango,7613032408602,10662,10104,Embalagem de 90g,Purina Gourmet,,"9,67€/Kg","0,87€",https://cdn.intermarche.pt/pt/Content/images/boitmal/produit/zoom/96D993E9EEE0A797DBA50ACE06B2467D.jpg,,/product/comida-humida-para-gato-duplo-prazer-com-vaca-e-frango/7613032408602
282,Comida húmida para gato pedacinhos em molho com salmão,0000080361497,10662,10104,Embalagem de 90g,Purina Gourmet,,"9,67€/Kg","0,87€",https://cdn.intermarche.pt/pt/Content/images/boitmal/produit/zoom/1D36D1D26CE1E6B956E8DD30F4956BCC.jpg,,/product/comida-humida-para-gato-pedacinhos-em-molho-com-salmao/0000080361497
28601,Comida húmida para gato finos pedaços em molho,7613034196453,10662,10104,Embalagem de 680g,Purina Gourmet,,"9,69€/Kg","6,59€",https://cdn.intermarche.pt/pt/Content/images/boitmal/produit/zoom/913F2A9EEBC89BDE539CE130E00F4167.jpg,,/product/comida-humida-para-gato-finos-pedacos-em-molho/7613034196453
36157,Comida húmida para gato - frango e porco,5604260296842,10662,10104,Embalagem de 400 g,PorSi,,"2,48€/Kg","0,99€",https://cdn.intermarche.pt/pt/Content/images/boitmal/produit/zoom/8499785D180B46FD3ADF523382FD771D.jpg,,/product/comida-humida-para-gato-frango-e-porco/5604260296842
36158,Comida húmida para gato - vaca e frango,5604260296866,10662,10104,Embalagem de 400 g,PorSi,,"2,48€/Kg","0,99€",https://cdn.intermarche.pt/pt/Content/images/boitmal/produit/zoom/C907B076B7BABD115F8BDC484CB6DA57.jpg,,/product/comida-humida-para-gato-vaca-e-frango/5604260296866
36160,Comida húmida para gato - atum,5604260296873,10662,10104,Embalagem de 400 g,PorSi,,"2,48€/Kg","0,99€",https://cdn.intermarche.pt/pt/Content/images/boitmal/produit/zoom/25D3C490BEF05B8D33BA8BE32A898A16.jpg,,/product/comida-humida-para-gato-atum/5604260296873
40720,Comida húmida para gato de salmão,5604260302932,10662,10104,Embalagem de 100 g,PorSi,,"3,90€/Kg","0,39€",https://cdn.intermarche.pt/pt/Content/images/boitmal/produit/zoom/88EA7A67DAFF9DCC6E4F972325624EE8.jpg,,/product/comida-humida-para-gato-de-salmao/5604260302932
42033,Comida húmida para gato carnes e legumes com molho,5604260302949,10662,10104,Embalagem de 4 x 100 g,PorSi,,"4,48€/Kg","1,79€",https://cdn.intermarche.pt/pt/Content/images/boitmal/produit/zoom/353EE210D321A7AA344C85EDE8913077.jpg,,/product/comida-humida-para-gato-carnes-e-legumes-com-molho/5604260302949
42700,Alimento húmido para gato rico em vaca,5604260307258,10662,10104,Embalagem de 100g,PorSi,,"3,90€/Kg","0,39€",https://cdn.intermarche.pt/pt/Content/images/boitmal/produit/zoom/86C5215ABEA4EECD5FC00FA709991B35.jpg,,/product/alimento-humido-para-gato-rico-em-vaca/5604260307258
48092,Comida húmida gato adulto c/ frango,5604260322435,10662,10104,Embalagem de 85g,PorSi Select,,"6,94€/Kg","0,59€",https://cdn.intermarche.pt/pt/Content/images/boitmal/produit/zoom/E590670BC863F23F67B117215815F296.jpg,,/product/comida-humida-gato-adulto-c-ou-frango/5604260322435
48093,Comida húmida gato adulto c/ peixe,5604260322459,10662,10104,Embalagem de 85g,PorSi Select,,"6,94€/Kg","0,59€",https://cdn.intermarche.pt/pt/Content/images/boitmal/produit/zoom/4AA6ADFFF1475CB1AF3BAE3736401E0B.jpg,,/product/comida-humida-gato-adulto-c-ou-peixe/5604260322459
48139,Comida húmida para gato carnes e legumes com molho,5604260319275,10662,10104,Embalagem de 1.2 kg,PorSi,,"3,08€/Kg","3,69€",https://cdn.intermarche.pt/pt/Content/images/boitmal/produit/zoom/16ADAEB8422A06B1F42473A212BB34A0.jpg,,/product/comida-humida-para-gato-carnes-e-legumes-com-molho/5604260319275
48264,Comida húmida para gato carnes e legumes com geleia,5604260319268,10662,10104,Embalagem de 1.2 kg,PorSi,,"3,08€/Kg","3,69€",https://cdn.intermarche.pt/pt/Content/images/boitmal/produit/zoom/08F681546B146014FCE14653AD9FB5D4.jpg,,/product/comida-humida-para-gato-carnes-e-legumes-com-geleia/5604260319268
48476,Comida húmida para gato júnior,5604260323012,10662,10104,Embalagem de 4 x 100 g,PorSi,,"4,73€/Kg","1,89€",https://cdn.intermarche.pt/pt/Content/images/boitmal/produit/zoom/3EB37CF5427EE525571306F63F450B32.jpg,,/product/comida-humida-para-gato-junior/5604260323012
41118,Comida húmida para gato truta e espinafres,5604260301935,10662,10104,Embalagem de 100 g,PorSi,,"3,90€/Kg","0,39€",https://cdn.intermarche.pt/pt/Content/images/boitmal/produit/zoom/CA40CFAB4BDD4A7F8FCD1943C6843AE7.jpg,,/product/comida-humida-para-gato-truta-e-espinafres/5604260301935
41783,Alimento húmido para gato pato e coelho,5604260303014,10662,10104,Embalagem de 100g,PorSi,,"3,90€/Kg","0,39€",https://cdn.intermarche.pt/pt/Content/images/boitmal/produit/zoom/D72ECF1FB41AC14D938C261F4C55B98C.jpg,,/product/alimento-humido-para-gato-pato-e-coelho/5604260303014
15955,Comida húmida para gato duplo prazer com peixe do oceano,7613032408794,10662,10104,Embalagem de 90g,Purina Gourmet,,"9,67€/Kg","0,87€",https://cdn.intermarche.pt/pt/Content/images/boitmal/produit/zoom/DBE7166FBADAD4BECDB0C2B9DB9A4BC4.jpg,,/product/comida-humida-para-gato-duplo-prazer-com-peixe-do-oceano/7613032408794
42699,Alimento húmido para gato rico em atum,5604260307241,10662,10104,Embalagem de 100g,PorSi,,"3,90€/Kg","0,39€",https://cdn.intermarche.pt/pt/Content/images/boitmal/produit/zoom/3A5442FEB8C5F21336C9C1AAC836D32E.jpg,,/product/alimento-humido-para-gato-rico-em-atum/5604260307241
48030,Fantastic Seleção de Peixes em Gelatina,7613287495259,10662,10104,Embalagem de 12x100g,Felix,,"6,66€/Kg","7,99€",https://cdn.intermarche.pt/pt/Content/images/boitmal/produit/zoom/6D8479CC6C659A75FA2F079AE890F80C.jpg,,/product/fantastic-selecao-de-peixes-em-gelatina/7613287495259
48094,Comida húmida gato júnior c/ frango,5604260322442,10662,10104,Embalagem de 85g,PorSi Select,,"6,94€/Kg","0,59€",https://cdn.intermarche.pt/pt/Content/images/boitmal/produit/zoom/279462757EAF9822921790C3FAA94851.jpg,,/product/comida-humida-gato-junior-c-ou-frango/5604260322442
2503,Comida húmida para gato mousse com salmão,7613033156212,10662,10104,Embalagem de 90g,Purina Gourmet,,"9,67€/Kg","0,87€",https://cdn.intermarche.pt/pt/Content/images/boitmal/produit/zoom/E6110F0DFBC3666EF2D6AC557FBB5E9E.jpg,,/product/comida-humida-para-gato-mousse-com-salmao/7613033156212
283,Comida húmida para gato mousse com peixe do oceano,0000080393313,10662,10104,Embalagem de 90g,Purina Gourmet,,"9,67€/Kg","0,87€",https://cdn.intermarche.pt/pt/Content/images/boitmal/produit/zoom/FC45D2E0082FFF04927048592B060917.jpg,,/product/comida-humida-para-gato-mousse-com-peixe-do-oceano/0000080393313
2492,Comida húmida para gato terrine com frango,7613032881399,10662,10104,85g,Purina Gourmet,,"10,24€/Kg","0,87€",https://cdn.intermarche.pt/pt/Content/images/boitmal/produit/zoom/14E577C5F356B2FBDEF4652CB3C737D7.jpg,,/product/comida-humida-para-gato-terrine-com-frango/7613032881399
284,Comida húmida para gato mousse com vaca,0000080393320,10662,10104,Embalagem de 90g,Purina Gourmet,,"9,67€/Kg","0,87€",https://cdn.intermarche.pt/pt/Content/images/boitmal/produit/zoom/54B570855CB66B7E796CB50213AF1CA5.jpg,,/product/comida-humida-para-gato-mousse-com-vaca/0000080393320
41099,Comida húmida para gatinhos com frango e leite,5604260303885,10662,10104,100 g,PorSi,,"3,90€/Kg","0,39€",https://cdn.intermarche.pt/pt/Content/images/boitmal/produit/zoom/0B836298950BCC26EEEA5D0E7E57CDCF.jpg,,/product/comida-humida-para-gatinhos-com-frango-e-leite/5604260303885
42034,Comida húmida para gato carnes e legumes com geleia,5604260302956,10662,10104,Embalagem de 4 x 100 g,PorSi,,"4,48€/Kg","1,79€",https://cdn.intermarche.pt/pt/Content/images/boitmal/produit/zoom/245FE24045DD3A95FC7B372B42170F31.jpg,,/product/comida-humida-para-gato-carnes-e-legumes-com-geleia/5604260302956
48018,Comida Húmida Gato Seleção do Campo Gelatina,7613287492111,10662,10104,Embalagem de 4 x 85 g,Felix,,"8,79€/Kg","2,99€",https://cdn.intermarche.pt/pt/Content/images/boitmal/produit/zoom/673B4AFBE23B5A0B5D56BC331B8F5451.jpg,,/product/comida-humida-gato-selecao-do-campo-gelatina/7613287492111
48475,Comida húmida para gato esterilizado,5604260323005,10662,10104,Embalagem de 4 x 100 g,PorSi,,"4,98€/Kg","1,99€",https://cdn.intermarche.pt/pt/Content/images/boitmal/produit/zoom/4B800D9FC39E4BAB279E9803618F743B.jpg,,/product/comida-humida-para-gato-esterilizado/5604260323005
2457,Comida húmida para gato delícias do oceano,7613031213849,10662,10104,Embalagem de 340 g,Purina Gourmet,,"10,26€/Kg","3,49€",https://cdn.intermarche.pt/pt/Content/images/boitmal/produit/zoom/90214A1CC7722C4D4AD893DF54F8105D.jpg,,/product/comida-humida-para-gato-delicias-do-oceano/7613031213849
2776,Comida húmida para gato mousse com frango,8410168195586,10662,10104,Embalagem de 90g,Purina Gourmet,,"9,67€/Kg","0,87€",https://cdn.intermarche.pt/pt/Content/images/boitmal/produit/zoom/7CA2C5EFA0ED49116148D7BCF29D812C.jpg,,/product/comida-humida-para-gato-mousse-com-frango/8410168195586
48472,Comida húmida gato tartelette com carne de frango/cenoura,7613035442535,10662,10104,85g,Purina Gourmet,,"10,24€/Kg","0,87€",https://cdn.intermarche.pt/pt/Content/images/boitmal/produit/zoom/567F413053706BE5A58B9D490761384B.jpg,,/product/comida-humida-gato-tartelette-com-carne-de-frango-ou-cenoura/7613035442535
35972,Comida húmida para gato - salmão,5604260296859,10662,10104,Embalagem de 400 g,PorSi,,"2,48€/Kg","0,99€",https://cdn.intermarche.pt/pt/Content/images/boitmal/produit/zoom/7E9B8D26290F25E1ABB0209594F53672.jpg,,/product/comida-humida-para-gato-salmao/5604260296859
48474,Comida húmida gato fondant atum,7613036227124,10662,10104,85g,Purina Gourmet,,"10,24€/Kg","0,87€",https://cdn.intermarche.pt/pt/Content/images/boitmal/produit/zoom/3978459F376879B4F64119A1FEE50B62.jpg,,/product/comida-humida-gato-fondant-atum/7613036227124
49280,Comida Húmida Gato Fantastic Seleção,7613287494191,10662,10104,Embalagem de 4 x 85 g,Felix,,"8,79€/Kg","2,99€",https://cdn.intermarche.pt/pt/Content/images/boitmal/produit/zoom/69F3E38A39C3DEFAC9912D7EF91E5B71.jpg,,/product/comida-humida-gato-fantastic-selecao/7613287494191
30575,Comida Húmida para Gato em Molho com Peixe,7613036142588,10662,10104,Embalagem de 4 x 85 g,Purina Gourmet,,"10,26€/Kg","3,49€",https://cdn.intermarche.pt/pt/Content/images/boitmal/produit/zoom/CB0F68B10AE020A17E15D61A491A844D.jpg,,/product/comida-humida-para-gato-em-molho-com-peixe/7613036142588
36159,Comida húmida para gato - frango,5604260296880,10662,10104,Embalagem de 400 g,PorSi,,"2,98€/Kg","1,19€",https://cdn.intermarche.pt/pt/Content/images/boitmal/produit/zoom/9A8C1B5CC5F1FD2B911F007EB9224A7F.jpg,,/product/comida-humida-para-gato-frango/5604260296880
48046,Snack gato salmao,5604260316328,10664,10104,Embalagem de 60g,PorSi,,"16,50€/Kg","0,99€",https://cdn.intermarche.pt/pt/Content/images/boitmal/produit/zoom/B021023B1D77D2E34018174D86A4366E.jpg,,/product/snack-gato-salmao/5604260316328
48044,Snack Gato Anti Bolas de Pelo,5604260316304,10664,10104,Embalagem 60 g,PorSi,,"14,83€/Kg","0,89€",https://cdn.intermarche.pt/pt/Content/images/boitmal/produit/zoom/54EEAF956B3748A7AD962EE9B5A02CA9.jpg,,/product/snack-gato-anti-bolas-de-pelo/5604260316304
48043,Snack gato sticks salmao 6x5g,5604260316311,10664,10104,Embalagem de 30g,PorSi,,"29,67€/Kg","0,89€",https://cdn.intermarche.pt/pt/Content/images/boitmal/produit/zoom/C6113C062C8F5AE2448736430DAAC33B.jpg,,/product/snack-gato-sticks-salmao-6x5g/5604260316311
48061,Snack gato sticks carne 6x5g porsi,5604260319442,10664,10104,Embalagem de 30g,PorSi,,"29,67€/Kg","0,89€",https://cdn.intermarche.pt/pt/Content/images/boitmal/produit/zoom/E14A2D3A0D4FA420CCA4DEF4B026E954.jpg,,/product/snack-gato-sticks-carne-6x5g-porsi/5604260319442
6130,Snack para gato seaside,7613033738432,10664,10104,Embalagem de 60g,Felix,,"33,17€/Kg","1,99€",https://cdn.intermarche.pt/pt/Content/images/boitmal/produit/zoom/960F5652782A801F10BD5B20A81EC8AF.jpg,,/product/snack-para-gato-seaside/7613033738432
9859,Snack para gato de salmão,5998749117750,10664,10104,Embalagem de 60g,Catisfactions,,"38,17€/Kg","2,29€",https://cdn.intermarche.pt/pt/Content/images/boitmal/produit/zoom/ECD901B60A4EF872E45444E2143B7E09.jpg,,/product/snack-para-gato-de-salmao/5998749117750
9860,Snack para gato,5998749117774,10664,10104,Embalagem de 60g,Catisfactions,,"38,17€/Kg","2,29€",https://cdn.intermarche.pt/pt/Content/images/boitmal/produit/zoom/7959C16D36E6FB98E4D26D4979458461.jpg,,/product/snack-para-gato/5998749117774
15944,Snack para gato crispies salmão e truta,7613034290533,10664,10104,Embalagem de 50g,Felix,,"39,80€/Kg","1,99€",https://cdn.intermarche.pt/pt/Content/images/boitmal/produit/zoom/3C8D92EEF4DBDDD40C2991BA5A82C7FB.jpg,,/product/snack-para-gato-crispies-salmao-e-truta/7613034290533
15945,Snack para gato crispies vaca e frango,7613034291127,10664,10104,Embalagem de 50g,Felix,,"39,80€/Kg","1,99€",https://cdn.intermarche.pt/pt/Content/images/boitmal/produit/zoom/47AFD93CF043E44311937C13BC2B10EE.jpg,,/product/snack-para-gato-crispies-vaca-e-frango/7613034291127
19702,Snack para gato de galinha e pato,4008429059278,10664,10104,Embalagem de 60g,Catisfactions,,"38,17€/Kg","2,29€",https://cdn.intermarche.pt/pt/Content/images/boitmal/produit/zoom/BC2423DF3D64F92045C4DA5AF065B1CE.jpg,,/product/snack-para-gato-de-galinha-e-pato/4008429059278
19931,Snack para gato mixed grill,7613033737046,10664,10104,Embalagem de 60 g,Felix,,"33,17€/Kg","1,99€",https://cdn.intermarche.pt/pt/Content/images/boitmal/produit/zoom/2A9BC13E9BD671052F86F428965FBA3D.jpg,,/product/snack-para-gato-mixed-grill/7613033737046
2444,Snack para gato anti-hairball,5998749108598,10664,10104,Embalagem de 60g,Whiskas,,"43,17€/Kg","2,59€",https://cdn.intermarche.pt/pt/Content/images/boitmal/produit/zoom/78A3F0C7B7306ADCBA4F1255D1A847AE.jpg,,/product/snack-para-gato-anti-hairball/5998749108598
15299,Snack dentabits 40g,0000050159475,10664,10104,Embalagem de 40g,Whiskas,,"64,75€/Kg","2,59€",https://cdn.intermarche.pt/pt/Content/images/boitmal/produit/zoom/336F62EF548DAF95F7CDD2C58FE99C29.jpg,,/product/snack-dentabits-40g/0000050159475
15943,Snack para gato chezzy,7613034096593,10664,10104,Embalagem de 60g,Felix,,"33,17€/Kg","1,99€",https://cdn.intermarche.pt/pt/Content/images/boitmal/produit/zoom/386F6D1E4CDE106331E8BF19D341B43B.jpg,,/product/snack-para-gato-chezzy/7613034096593
19703,Snack para gato de salmão e queijo,4008429059292,10664,10104,Embalagem de 60g,Catisfactions,,"38,17€/Kg","2,29€",https://cdn.intermarche.pt/pt/Content/images/boitmal/produit/zoom/09DBE6428E5C383C4FF6FA956E55EFC6.jpg,,/product/snack-para-gato-de-salmao-e-queijo/4008429059292
9861,Snack para gato de queijo,5998749117798,10664,10104,Embalagem de 60g,Catisfactions,,"38,17€/Kg","2,29€",https://cdn.intermarche.pt/pt/Content/images/boitmal/produit/zoom/E76D54B1E9A2969AFD569194CDA45FA0.jpg,,/product/snack-para-gato-de-queijo/5998749117798
48045,Snack gato frango/queijo,5604260316298,10664,10104,Embalagem de 60g,PorSi,,"16,50€/Kg","0,99€",https://cdn.intermarche.pt/pt/Content/images/boitmal/produit/zoom/BFC3AD192E00546C4C04963902715080.jpg,,/product/snack-gato-frango-ou-queijo/5604260316298
6129,Snack para gato original,7613033736926,10664,10104,Embalagem de 60g,Felix,,"33,17€/Kg","1,99€",https://cdn.intermarche.pt/pt/Content/images/boitmal/produit/zoom/96B2BAA531AAC9B8A296204BF798FAE8.jpg,,/product/snack-para-gato-original/7613033736926
41621,Areia para gatos 100% natural,5604260303625,10666,10104,Embalagem de 5 kg,PorSi,,"0,26€/Kg","1,29€",https://cdn.intermarche.pt/pt/Content/images/boitmal/produit/zoom/D31760E94B21E9196509712F2DC20BF5.jpg,2024-10-04T22:59:59.999Z,/product/areia-para-gatos-100%25-natural/5604260303625
41981,Areia para gato aglomerante,5604260303618,10666,10104,Embalagem de 5 litros,PorSi,,"0,80€/L","3,99€",https://cdn.intermarche.pt/pt/Content/images/boitmal/produit/zoom/C3485DE064F7E6215B28E90DC9F6F8A8.jpg,,/product/areia-para-gato-aglomerante/5604260303618
41622,Areia para gatos mineral perfumada,5604260304585,10666,10104,Embalagem de 5 kg,PorSi,,"0,40€/Kg","1,99€",https://cdn.intermarche.pt/pt/Content/images/boitmal/produit/zoom/A22F3FF72D9C5B78E2D24E4C52DC8F4E.jpg,,/product/areia-para-gatos-mineral-perfumada/5604260304585
41623,Areia para gatos aglomerante compacta perfumada,5604260303588,10666,10104,Embalagem de 4 kg,PorSi,,"1,00€/Kg","3,99€",https://cdn.intermarche.pt/pt/Content/images/boitmal/produit/zoom/9B5D4A964ADE14BEF7E6BE0D15E92654.jpg,,/product/areia-para-gatos-aglomerante-compacta-perfumada/5604260303588
41624,Areia para gatos biodegradável vegetal,5604260303595,10666,10104,Embalagem de 8 litros,PorSi,,"0,69€/L","5,49€",https://cdn.intermarche.pt/pt/Content/images/boitmal/produit/zoom/5C267BAAED1DB27D1DF1AB9A6447E4B5.jpg,,/product/areia-para-gatos-biodegradavel-vegetal/5604260303595
41757,Dispensador com sacos higiénicos para animal,5604260303304,10666,10104,2 x 20 unidades,Canaillou,,"1,99€/Unidade","1,99€",https://cdn.intermarche.pt/pt/Content/images/boitmal/produit/zoom/1BE867CB0CE60BCA4D8D92092D890CD8.jpg,,/product/dispensador-com-sacos-higienicos-para-animal/5604260303304
42644,Areia para gato sílica-gel,5604260303571,10666,10104,Embalagem de 1.5 kg,PorSi,,"2,46€/Kg","3,69€",https://cdn.intermarche.pt/pt/Content/images/boitmal/produit/zoom/04794377D831E4011B9090ECF195A196.jpg,,/product/areia-para-gato-silica-gel/5604260303571
2448,Silica Gel,5603680901718,10666,10104,"Embalagem de 3,8 L",Pepeted,,"1,02€/L","3,89€",https://cdn.intermarche.pt/pt/Content/images/boitmal/produit/zoom/B6752677A3503795B5114ABE0D32161D.jpg,,/product/silica-gel/5603680901718
41068,Areia para gato,4008429122866,10666,10104,Embalagem com 10 litros,Catsan,,"1,40€/L","13,99€",https://cdn.intermarche.pt/pt/Content/images/boitmal/produit/zoom/E3CE726400F4DE42A22B3F8E01115B08.jpg,,/product/areia-para-gato/4008429122866
915,Milho partido,5600393360092,11263,11262,Embalagem de 5 kg,Rações Zêzere,,"0,80€/Kg","3,99€",https://cdn.intermarche.pt/pt/Content/images/boitmal/produit/zoom/3F6E076E016E82FB1E22E357CF041C13.jpg,,/product/milho-partido/5600393360092
912,Mistura para aves,5600393360047,11263,11262,Embalagem de 5 kg,Rações Zêzere,,"0,90€/Kg","4,49€",https://cdn.intermarche.pt/pt/Content/images/boitmal/produit/zoom/E0C3CE67C6A57419ED2399099EB6A356.jpg,,/product/mistura-para-aves/5600393360047
3976,Areia para fundo de gaiola,3250391429011,11263,11262,Embalagem de 2 kg,Canaillou,,"0,90€/Kg","1,79€",https://cdn.intermarche.pt/pt/Content/images/boitmal/produit/zoom/551F5D8EA9087B16EDC8640FDCBEC9E8.jpg,,/product/areia-para-fundo-de-gaiola/3250391429011
914,Milho inteiro,5600393360085,11263,11262,Embalagem de 5 kg,Rações Zêzere,,"0,60€/Kg","2,99€",https://cdn.intermarche.pt/pt/Content/images/boitmal/produit/zoom/7D04E8FFD1DAFEB3699AC7A3BF32E3A8.jpg,,/product/milho-inteiro/5600393360085
8259,Mistura pombos domésticos,5600393360108,11263,11262,Embalagem de 5 kg,Rações Zêzere,,"0,80€/Kg","3,99€",https://cdn.intermarche.pt/pt/Content/images/boitmal/produit/zoom/9506180FFA673A0E3FBF59D6C66C03E7.jpg,,/product/mistura-pombos-domesticos/5600393360108
913,Mistura para coelhos,5600393360054,11266,11262,Embalagem de 5 kg,Rações Zêzere,,"0,80€/Kg","3,99€",https://cdn.intermarche.pt/pt/Content/images/boitmal/produit/zoom/BA0606FC9CDBA50719573C9B7B871A4E.jpg,,/product/mistura-para-coelhos/5600393360054
43629,Ervilhas,5604260312405,11280,10119,Embalagem de 600 g,PorSi Bio,,"3,25€/Kg","1,95€",https://cdn.intermarche.pt/pt/Content/images/boitmal/produit/zoom/974155839047F356A59A5D233071C208.jpg,,/product/ervilhas/5604260312405
44982,Ervilhas bio,5604260310883,11280,10119,Frasco com 290 g,PorSi Bio,,"9,94€/Kg","1,79€",https://cdn.intermarche.pt/pt/Content/images/boitmal/produit/zoom/5A7F78D251286393D68837DA62F62FC3.jpg,,/product/ervilhas-bio/5604260310883
46285,Bio feijao verde,5604260312429,11280,10119,Embalagem de 600g,PorSi Bio,,"3,32€/Kg","1,99€",https://cdn.intermarche.pt/pt/Content/images/boitmal/produit/zoom/B9ABD3DA04479FA0A54684CE9EE035E2.jpg,,/product/bio-feijao-verde/5604260312429
46280,Brócolos bio,5604260312412,11280,10119,Embalagem de 600 g,PorSi Bio,,"3,82€/Kg","2,29€",https://cdn.intermarche.pt/pt/Content/images/boitmal/produit/zoom/D08B1DC46B5127924A7BB4F99A13C8FB.jpg,,/product/brocolos-bio/5604260312412
39559,Quinoa tricolor,5604321035403,10454,10120,Embalagem de 250g,Cemporcento,,"7,16€/Kg","1,79€",https://cdn.intermarche.pt/pt/Content/images/boitmal/produit/zoom/BDE944E9A2D48F09C6DB72337556245E.jpg,,/product/quinoa-tricolor/5604321035403
39549,Sementes chia bio,5604321035625,11281,10119,Embalagem de 150g,Cemporcento,,"14,60€/Kg","2,19€",https://cdn.intermarche.pt/pt/Content/images/boitmal/produit/zoom/BAF2C27A3C57BA40DFDEA833E9406545.jpg,,/product/sementes-chia-bio/5604321035625
39568,Sementes linhaça dourada bio,5604321035649,11281,10119,Embalagem de 150g,Cemporcento,,"9,93€/Kg","1,49€",https://cdn.intermarche.pt/pt/Content/images/boitmal/produit/zoom/DA5B261327A1B46D2ADCF4A8877F9AAE.jpg,,/product/sementes-linhaca-dourada-bio/5604321035649
39426,Bagas de goji bio,5604321034819,11281,10119,Embalagem de 100g,Cemporcento,,"29,90€/Kg","2,99€",https://cdn.intermarche.pt/pt/Content/images/boitmal/produit/zoom/AF9ED4C654142666DF76806B9D07A301.jpg,,/product/bagas-de-goji-bio/5604321034819
39491,Sementes sésamo naturais bio,5604321035656,11281,10119,Embalagem de 150g,Cemporcento,,"9,93€/Kg","1,49€",https://cdn.intermarche.pt/pt/Content/images/boitmal/produit/zoom/2149305F2917E5F8FAAC2CED6D9D47E7.jpg,,/product/sementes-sesamo-naturais-bio/5604321035656
39548,Sementes abóbora bio,5604321035618,11281,10119,Embalagem de 150g,Cemporcento,,"16,60€/Kg","2,49€",https://cdn.intermarche.pt/pt/Content/images/boitmal/produit/zoom/9F73BBF42904D83339979392B502579A.jpg,,/product/sementes-abobora-bio/5604321035618
39567,Sementes girassol bio,5604321035632,11281,10119,Embalagem de 150g,Cemporcento,,"9,27€/Kg","1,39€",https://cdn.intermarche.pt/pt/Content/images/boitmal/produit/zoom/B93D8888EB2F8300F1ADCF77BD9F162B.jpg,,/product/sementes-girassol-bio/5604321035632
38148,Leite de Pastagem Biológico Meio Gordo,5603722519123,11282,10119,1 litro,Milhafre,,"1,14€/L","1,14€",https://cdn.intermarche.pt/pt/Content/images/boitmal/produit/zoom/2257B1DDB3999CD244A662F9C30070FE.jpg,2024-09-25T22:59:59.999Z,/product/leite-de-pastagem-biologico-meio-gordo/5603722519123
52804,"Creme Vegetal Leite Coco, 200 ml",5603722523014,11282,10119,,Mimosa,,"6,45€/L","1,29€",https://cdn.intermarche.pt/pt/Content/images/boitmal/produit/zoom/015C744C98820B7831E32EFBFFA827A7.jpg,2024-09-25T22:59:59.999Z,/product/creme-vegetal-leite-coco-200-ml/5603722523014
51948,"Planteiga sem Sal Vegan, 200g",8719200253056,11282,10119,,Planta,,"7,45€/Kg","1,49€",https://cdn.intermarche.pt/pt/Content/images/boitmal/produit/zoom/6B07C8375772AE175A841170A028D654.jpg,2024-10-04T22:59:59.999Z,/product/planteiga-sem-sal-vegan-200g/8719200253056
53112,"Creme Vegetal para Barrar Magro Sabor a Manteiga, 225g",8719200261396,11282,10119,,Planta,,"7,96€/Kg","1,79€",https://cdn.intermarche.pt/pt/Content/images/boitmal/produit/zoom/8A26170B245BCD16D7302351FE82D3EB.jpg,2024-09-25T22:59:59.999Z,/product/creme-vegetal-para-barrar-magro-sabor-a-manteiga-225g/8719200261396
50020,Creme Vegetal para Barrar,8719200231832,11282,10119,Embalagem de 225g,Pro-activ,,"17,73€/Kg","3,99€",https://cdn.intermarche.pt/pt/Content/images/boitmal/produit/zoom/E48C02A75483F77620852FF97B5C7EEB.jpg,,/product/creme-vegetal-para-barrar/8719200231832
52935,"Manteiga Magra Sem Lactose, 200g",5603722522628,11282,10119,,Matinal,,"10,95€/Kg","2,19€",https://cdn.intermarche.pt/pt/Content/images/boitmal/produit/zoom/2A7DC81F20D438007A5500C63648E75B.jpg,,/product/manteiga-magra-sem-lactose-200g/5603722522628
42846,Bebida arroz bio,5604260307982,11282,10119,Embalagem de 1 litro,PorSi Bio,,"1,39€/L","1,39€",https://cdn.intermarche.pt/pt/Content/images/boitmal/produit/zoom/4FACE36A38D999FCBC8D44A08432ACEE.jpg,,/product/bebida-arroz-bio/5604260307982
42847,Bio bebida aveia,5604260307999,11282,10119,embalagem de 1 litro,PorSi Bio,,"1,19€/L","1,19€",https://cdn.intermarche.pt/pt/Content/images/boitmal/produit/zoom/EE1011AC8234EBF394A7425459D8D02B.jpg,,/product/bio-bebida-aveia/5604260307999
43119,Creme Soja Culinária,5411188121374,10711,10022,250 ml,Alpro,,"7,16€/L","1,79€",https://cdn.intermarche.pt/pt/Content/images/boitmal/produit/zoom/D15B7B38D91CC175C182EC3CD6256940.jpg,,/product/creme-soja-culinaria/5411188121374
21339,Nata uht 0% lactose,5603089007134,11282,10119,Embalagem de 200 ml,Parmalat,,"6,95€/L","1,39€",https://cdn.intermarche.pt/pt/Content/images/boitmal/produit/zoom/5C987CE9D5560AC8B2365E7C27451819.jpg,,/product/nata-uht-0%25-lactose/5603089007134
22428,Creme culinário de soja,5600798960286,11282,10119,Garrafa de 200 ml,Shoyce,,"5,95€/L","1,19€",https://cdn.intermarche.pt/pt/Content/images/boitmal/produit/zoom/34C0562B5361D465B3611C358589D5AC.jpg,,/product/creme-culinario-de-soja/5600798960286
30709,Bechamel sem glúten,5603089007738,11282,10119,500 ml,Parmalat,,"5,18€/L","2,59€",https://cdn.intermarche.pt/pt/Content/images/boitmal/produit/zoom/A45D4AD7BDD866FA75167D46D503ED8D.jpg,,/product/bechamel-sem-gluten/5603089007738
50019,Creme Vegetal para Barrar,8719200231740,11282,10119,Embalagem de 450g,Pro-activ,,"15,53€/Kg","6,99€",https://cdn.intermarche.pt/pt/Content/images/boitmal/produit/zoom/90C9C700340C8347F870851C9F7882DE.jpg,,/product/creme-vegetal-para-barrar/8719200231740
28646,Nata uht p/ bater 0% lactose,5603089007424,11282,10119,Embalagem de 200 ml,Parmalat,,"6,45€/L","1,29€",https://cdn.intermarche.pt/pt/Content/images/boitmal/produit/zoom/75B763EC3A4C9118C66217B925A7A9C2.jpg,,/product/nata-uht-p-ou-bater-0%25-lactose/5603089007424
50021,Creme Vegetal para Barrar,8719200231801,11282,10119,Embalagem de 450g,Pro-activ,,"15,53€/Kg","6,99€",https://cdn.intermarche.pt/pt/Content/images/boitmal/produit/zoom/5CA17D83A4B1158ED2380D3A9135F55E.jpg,,/product/creme-vegetal-para-barrar/8719200231801
2426,"Bebidas leite, caramelo machiatto",5760466997027,11282,10119,Embalagem de 220 ml,Starbucks,,"9,05€/L","1,99€",https://cdn.intermarche.pt/pt/Content/images/boitmal/produit/zoom/6766ABC3C3D5AB587D47C7873DA5EA96.jpg,,/product/bebidas-leite-caramelo-machiatto/5760466997027
28063,Manteiga s/ lactose,5603722516726,11282,10119,Embalagem de 130g,Primor,,"15,23€/Kg","1,98€",https://cdn.intermarche.pt/pt/Content/images/boitmal/produit/zoom/34F1B20CE191519273B27FBF452F5B33.jpg,,/product/manteiga-s-ou-lactose/5603722516726
49716,"Frappuccino café starbucks, garrafa de 250 ml",5711953008221,11282,10119,,Starbucks,,"9,56€/L","2,39€",https://cdn.intermarche.pt/pt/Content/images/boitmal/produit/zoom/B07E0773C94F7FB56A8DFEA58E326BC7.jpg,,/product/frappuccino-cafe-starbucks-garrafa-de-250-ml/5711953008221
50018,Creme Vegetal para Barrar,8719200230989,11282,10119,Embalagem de 225g,Pro-activ,,"17,73€/Kg","3,99€",https://cdn.intermarche.pt/pt/Content/images/boitmal/produit/zoom/E746CC522FE7D3D32F90D213B8EC16BB.jpg,,/product/creme-vegetal-para-barrar/8719200230989
38415,Creme fresco à base de soja p/bater,5411188121435,10906,10120,Garrafa de 250 ml,Alpro,,"7,96€/L","1,99€",https://cdn.intermarche.pt/pt/Content/images/boitmal/produit/zoom/A3672CB3B8E04BBB04D9192411A523D8.jpg,,/product/creme-fresco-a-base-de-soja-p-ou-bater/5411188121435
40105,"Bebida de aveia bio, 1 l",8436019097168,11282,10119,,Frias bio,,"1,89€/L","1,89€",https://cdn.intermarche.pt/pt/Content/images/boitmal/produit/zoom/B3E50B223FDC40363A784705CBE29B6E.jpg,,/product/bebida-de-aveia-bio-1-l/8436019097168
40273,Bebida de arroz e coco bio,8001860251085,11282,10119,Garrafa de 1 l,Scot.bio,,"2,75€/L","2,75€",https://cdn.intermarche.pt/pt/Content/images/boitmal/produit/zoom/BDC46CBD19A4F1BB321C4EC99ABB72C6.jpg,,/product/bebida-de-arroz-e-coco-bio/8001860251085
46651,Creme vegetal p/ barrar reduz colesterol,5604260307791,11282,10119,250 g,PorSi Viva Bem,,"7,96€/Kg","1,99€",https://cdn.intermarche.pt/pt/Content/images/boitmal/produit/zoom/47C7E4C446A032EBC415A33185B60E11.jpg,,/product/creme-vegetal-p-ou-barrar-reduz-colesterol/5604260307791
9839,Bebida doubleshot expresso,5760466997188,11282,10119,Embalagem de 200 ml,Starbucks,,"9,95€/L","1,99€",https://cdn.intermarche.pt/pt/Content/images/boitmal/produit/zoom/DAA133B7A06ECB5E3C256D2CFB48C170.jpg,,/product/bebida-doubleshot-expresso/5760466997188
26580,Creme culinário soja light,5600798960163,11282,10119,Garrafa de 200 ml,Shoyce,,"6,45€/L","1,29€",https://cdn.intermarche.pt/pt/Content/images/boitmal/produit/zoom/CC263813DE6A8BEF285425FD77A9AB4E.jpg,,/product/creme-culinario-soja-light/5600798960163
42849,Bio bebida soja natural,5604260308019,10711,10022,embalagem de 1 litro,PorSi Bio,,"0,94€/L","0,94€",https://cdn.intermarche.pt/pt/Content/images/boitmal/produit/zoom/50113C609AD009D3B2D0CF48196D2F7D.jpg,,/product/bio-bebida-soja-natural/5604260308019
51884,"Ovos Classe M/L Biológicos, 6 unidades",5601897600219,11282,10119,,Matinados,,"2,99€/Unidade","2,99€",https://cdn.intermarche.pt/pt/Content/images/boitmal/produit/zoom/70CCF73ECFB31B0B4C8F8B66E111D60B.jpg,,/product/ovos-classe-m-ou-l-biologicos-6-unidades/5601897600219
48150,Tofu biológico,5604260322466,11283,10119,Embalagem de 300g,PorSi Bio,,"6,63€/Kg","1,99€",https://cdn.intermarche.pt/pt/Content/images/boitmal/produit/zoom/3F6FD5124E18DBA6ED90BF27E5BA978F.jpg,,/product/tofu-biologico/5604260322466
39714,Tofu natural bio,5604321032853,10906,10120,Embalagem de 300g,Cemporcento,,"8,30€/Kg","2,49€",https://cdn.intermarche.pt/pt/Content/images/boitmal/produit/zoom/A185B517DD0EB61EA8CDED11581EDD00.jpg,,/product/tofu-natural-bio/5604321032853
39973,Tofu firme bio,5604321022489,11283,10119,Embalagem de 350g,Cemporcento,,"8,54€/Kg","2,99€",https://cdn.intermarche.pt/pt/Content/images/boitmal/produit/zoom/A6F2259025161C43BDE4DD879A5F4D1C.jpg,,/product/tofu-firme-bio/5604321022489
38950,Hambúrguer biológico de tofu e cogumelos salutem r,5601557042922,11283,10119,Embalagem de 150g,Salutem,,"19,93€/Kg","2,99€",https://cdn.intermarche.pt/pt/Content/images/boitmal/produit/zoom/D814C86824B5BF3C397F90B81726EC65.jpg,,/product/hamburguer-biologico-de-tofu-e-cogumelos-salutem-r/5601557042922
39396,Hambúrguer biológico de tofu e espinafres salutem r,5601557042953,11283,10119,Embalagem de 150g,Salutem,,"21,27€/Kg","3,19€",https://cdn.intermarche.pt/pt/Content/images/boitmal/produit/zoom/9AA210E44357A2605347733CE879184F.jpg,,/product/hamburguer-biologico-de-tofu-e-espinafres-salutem-r/5601557042953
42202,Bio pure fruta maca/banana,5604260308545,11284,10119,Embalagem de 90g,PorSi Bio,,"9,44€/Kg","0,85€",https://cdn.intermarche.pt/pt/Content/images/boitmal/produit/zoom/E365F5C1DB1EAE536B220D12C8495923.jpg,,/product/bio-pure-fruta-maca-ou-banana/5604260308545
42200,Bio pure fruta multi fruta,5604260308552,11284,10119,Embalagem de 90g,PorSi Bio,,"9,44€/Kg","0,85€",https://cdn.intermarche.pt/pt/Content/images/boitmal/produit/zoom/7AAB487D79DD1BFBA1E231B65CA745F4.jpg,,/product/bio-pure-fruta-multi-fruta/5604260308552
49776,"Nutrição infantil bio de maçã, alperce e pêssego, boião de 125g",7613287342805,11284,10119,,Gerber,,"13,52€/Kg","1,69€",https://cdn.intermarche.pt/pt/Content/images/boitmal/produit/zoom/6AEEE00B1EFBE0BD1DEB529ED8C22A1B.jpg,,/product/nutricao-infantil-bio-de-maca-alperce-e-pessego-boiao-de-125g/7613287342805
46661,"Snack tubinhos de grão de bico, 20g",5601172231442,10251,10041,,Blédina,,"74,50€/Kg","1,49€",https://cdn.intermarche.pt/pt/Content/images/boitmal/produit/zoom/BF3AD1272297D52F5D446A627FE5168A.jpg,,/product/snack-tubinhos-de-grao-de-bico-20g/5601172231442
49772,Fruta Pera e Banana Bio,8445290308825,11284,10119,Boião de 125g,Gerber,,"13,52€/Kg","1,69€",https://cdn.intermarche.pt/pt/Content/images/boitmal/produit/zoom/A1D1A95B9E35B2DB8904120326F52426.jpg,,/product/fruta-pera-e-banana-bio/8445290308825
49774,"Nutrição Infantil Bio Pera, Maçã e Banana, 90g",8445290218018,11284,10119,,Gerber,,"14,33€/Kg","1,29€",https://cdn.intermarche.pt/pt/Content/images/boitmal/produit/zoom/8FC52A9453BDA7385115562A41D390CF.jpg,,/product/nutricao-infantil-bio-pera-maca-e-banana-90g/8445290218018
49779,"Refeição Bio Puré de Ervilhas com batata e frango, 190g",7613287805119,11284,10119,,Gerber,,"14,16€/Kg","2,69€",https://cdn.intermarche.pt/pt/Content/images/boitmal/produit/zoom/8115AF04DD1FE11036F6E66AF0A9E321.jpg,,/product/refeicao-bio-pure-de-ervilhas-com-batata-e-frango-190g/7613287805119
42201,Bio pure fruta pera/maçã,5604260308538,11284,10119,Embalagem de 90g,PorSi Bio,,"9,44€/Kg","0,85€",https://cdn.intermarche.pt/pt/Content/images/boitmal/produit/zoom/074EAAA8406CAD58F90BE862E75D19A9.jpg,,/product/bio-pure-fruta-pera-ou-maca/5604260308538
48794,Gel de banho corpo e cabelo,3468080082533,11284,10119,500 ml,Corine de Farme,,"14,98€/L","7,49€",https://cdn.intermarche.pt/pt/Content/images/boitmal/produit/zoom/B7B3C040557FB2C54AE2B96F9D057DBE.jpg,,/product/gel-de-banho-corpo-e-cabelo/3468080082533
49771,"Saqueta pera bio nutrição infantil, 90g",8445290217981,11284,10119,,Gerber,,"14,33€/Kg","1,29€",https://cdn.intermarche.pt/pt/Content/images/boitmal/produit/zoom/D6DEB6DFC76B29414196B0E9F95D50B4.jpg,,/product/saqueta-pera-bio-nutricao-infantil-90g/8445290217981
49829,"Nutrição Infantil Bio Cenoura e Tomate com Peru, boião de 190g",7613287800497,11284,10119,,Naturnes,,"14,16€/Kg","2,69€",https://cdn.intermarche.pt/pt/Content/images/boitmal/produit/zoom/A61912D3F89982E55FAF9DA992DC8EB1.jpg,,/product/nutricao-infantil-bio-cenoura-e-tomate-com-peru-boiao-de-190g/7613287800497
46664,"Snack bolachas de arroz, 30g",5601172231473,10251,10041,,Blédina,,"49,67€/Kg","1,49€",https://cdn.intermarche.pt/pt/Content/images/boitmal/produit/zoom/40AB85C646509B74ECE2F6DEE8BF8C5E.jpg,,/product/snack-bolachas-de-arroz-30g/5601172231473
39431,Xarope de agave bio,5604321029051,11286,10119,Embalagem de 370g,Cemporcento,,"11,86€/Kg","4,39€",https://cdn.intermarche.pt/pt/Content/images/boitmal/produit/zoom/5E0447F53BB4F3CB55007A26BE564DD1.jpg,,/product/xarope-de-agave-bio/5604321029051
41192,Açúcar de coco bio,5604260307142,10292,10047,Embalagem de 250 g,PorSi Bio,,"7,96€/Kg","1,99€",https://cdn.intermarche.pt/pt/Content/images/boitmal/produit/zoom/FECE2E2C7CDFA8B72CE8416E710CD79D.jpg,,/product/acucar-de-coco-bio/5604260307142
41215,Farinha de coco bio,5604260306442,11286,10119,Embalagem de 200 g,PorSi Bio,,"7,00€/Kg","1,40€",https://cdn.intermarche.pt/pt/Content/images/boitmal/produit/zoom/43A983760BFF1528885D67FFDE95D2BB.jpg,,/product/farinha-de-coco-bio/5604260306442
39229,Açúcar de coco biológico salutem,5601557057421,10292,10047,Embalagem de 250g,Salutem,,"9,96€/Kg","2,49€",https://cdn.intermarche.pt/pt/Content/images/boitmal/produit/zoom/A7645A799B24E4387EDC326B8E262E8E.jpg,,/product/acucar-de-coco-biologico-salutem/5601557057421
41211,Farinha de arroz bio,5604260306428,11286,10119,Embalagem de 200 g,PorSi Bio,,"7,75€/Kg","1,55€",https://cdn.intermarche.pt/pt/Content/images/boitmal/produit/zoom/793BD6B79A2C9CD559C2486FDDF6215E.jpg,,/product/farinha-de-arroz-bio/5604260306428
48760,"Farinha de coco bio, 200g",5601557061510,11286,10119,,Salutem,,"6,95€/Kg","1,39€",https://cdn.intermarche.pt/pt/Content/images/boitmal/produit/zoom/BF1F823DC7CB693CE4B5C8F3C0AA21B9.jpg,,/product/farinha-de-coco-bio-200g/5601557061510
39526,Farinha de coco bio - cozinha pura,5604321034475,11286,10119,Embalagem de 200g,Cemporcento,,"7,45€/Kg","1,49€",https://cdn.intermarche.pt/pt/Content/images/boitmal/produit/zoom/FDF8C51B604E9BF11CD459D067A135A9.jpg,,/product/farinha-de-coco-bio-cozinha-pura/5604321034475
39560,Açúcar coco bio,5604321035427,10292,10047,Embalagem de 250g,Cemporcento,,"12,76€/Kg","3,19€",https://cdn.intermarche.pt/pt/Content/images/boitmal/produit/zoom/60AEA127FBD4CAA3361D0A74B0372CB7.jpg,,/product/acucar-coco-bio/5604321035427
39671,Farinha de espelta integral bio,5604321031528,11286,10119,Embalagem de 500g,Cemporcento,,"4,18€/Kg","2,09€",https://cdn.intermarche.pt/pt/Content/images/boitmal/produit/zoom/168FD4C38C6334F3C8F45B5D2942CE14.jpg,,/product/farinha-de-espelta-integral-bio/5604321031528
39995,Alga agar agar bio,5604321024193,11286,10119,Embalagem de 50g,Cemporcento,,"115,80€/Kg","5,79€",https://cdn.intermarche.pt/pt/Content/images/boitmal/produit/zoom/3035DA4D35E6AD00364764F08A10C184.jpg,,/product/alga-agar-agar-bio/5604321024193
51883,"Bebida Probiótica Biológica, garrafa de 400 ml",5600787049046,11109,10009,,Kombucha,,"4,48€/L","1,79€",https://cdn.intermarche.pt/pt/Content/images/boitmal/produit/zoom/46DCE6BB7E01C0D8FB3EA6DA3C822896.jpg,2024-09-25T22:59:59.999Z,/product/bebida-probiotica-biologica-garrafa-de-400-ml/5600787049046
51882,"Bebida Probiótica de Framboesa Biológica, garrafa de 400 ml",5600787049022,11109,10009,,Kombucha,,"4,48€/L","1,79€",https://cdn.intermarche.pt/pt/Content/images/boitmal/produit/zoom/16F9BD8425EFE288C7E9E6073015B789.jpg,2024-09-25T22:59:59.999Z,/product/bebida-probiotica-de-framboesa-biologica-garrafa-de-400-ml/5600787049022
51881,"Bebida Probiótica de Coco Biológica, garrafa de 400 ml",5600787049084,11109,10009,,Kombucha,,"2,48€/L","0,99€",https://cdn.intermarche.pt/pt/Content/images/boitmal/produit/zoom/CA08C5B46F83539DF0FC7028C0A65793.jpg,2024-09-25T22:59:59.999Z,/product/bebida-probiotica-de-coco-biologica-garrafa-de-400-ml/5600787049084
11032,Néctar biológico de maçã,3250391855896,11287,10119,"Embalagem de 1,5 l",Paquito,,"1,33€/L","1,99€",https://cdn.intermarche.pt/pt/Content/images/boitmal/produit/zoom/08182B45847D4B12FD51FB73A806BABD.jpg,,/product/nectar-biologico-de-maca/3250391855896
52878,"Kombucha Chá Verde, garrafa de 330 ml",5603722522482,11109,10009,,Pleno,,"6,64€/L","2,19€",https://cdn.intermarche.pt/pt/Content/images/boitmal/produit/zoom/A6A928B2E75640A1A7002F9999FE2282.jpg,,/product/kombucha-cha-verde-garrafa-de-330-ml/5603722522482
11033,Néctar bio multifrutos,3250391855926,11287,10119,"Embalagem 1,5 l",Paquito,,"1,59€/L","2,39€",https://cdn.intermarche.pt/pt/Content/images/boitmal/produit/zoom/6573F87998657C826CA4BDD7F84B2178.jpg,,/product/nectar-bio-multifrutos/3250391855926
24031,Sumo natural de uva preta bio,5604321027781,10915,10120,Garrafa de 1 l,Cemporcento,,"3,09€/L","3,09€",https://cdn.intermarche.pt/pt/Content/images/boitmal/produit/zoom/A86457B157A86E3DD843B979B3D1836F.jpg,,/product/sumo-natural-de-uva-preta-bio/5604321027781
39466,"Sumo natural de betarraba bio, garrafa de 750 ml",5604321037025,11287,10119,,Cemporcento,,"4,52€/L","3,39€",https://cdn.intermarche.pt/pt/Content/images/boitmal/produit/zoom/9C36B8CECBF52711B984C296D00A2F9A.jpg,,/product/sumo-natural-de-betarraba-bio-garrafa-de-750-ml/5604321037025
39468,"Sumo natural de mirtilo bio, garrafa de 200 ml",5604321037056,11287,10119,,Cemporcento,,"12,45€/L","2,49€",https://cdn.intermarche.pt/pt/Content/images/boitmal/produit/zoom/C06F24F7BCEDADD88CC3CF2EAC0FF4D3.jpg,,/product/sumo-natural-de-mirtilo-bio-garrafa-de-200-ml/5604321037056
39579,"Sumo natural de alperce bio, garrafa de 200 ml",5604321037032,11287,10119,,Cemporcento,,"5,45€/L","1,09€",https://cdn.intermarche.pt/pt/Content/images/boitmal/produit/zoom/3C81C375BA38CA7BDB6F2A3C722AD5D2.jpg,,/product/sumo-natural-de-alperce-bio-garrafa-de-200-ml/5604321037032
39580,"Sumo natural de cranberry bio, garrafa de 200 ml",5604321037063,11287,10119,,Cemporcento,,"12,45€/L","2,49€",https://cdn.intermarche.pt/pt/Content/images/boitmal/produit/zoom/9B5651AFE74A0AB2E729B31235AC6CB0.jpg,,/product/sumo-natural-de-cranberry-bio-garrafa-de-200-ml/5604321037063
39581,"Sumo natural de romã bio, garrafa de 200 ml",5604321037087,11287,10119,,Cemporcento,,"12,45€/L","2,49€",https://cdn.intermarche.pt/pt/Content/images/boitmal/produit/zoom/0044F5CDED95C8714B49C0A91299015E.jpg,,/product/sumo-natural-de-roma-bio-garrafa-de-200-ml/5604321037087
39590,"Sumo natural de pêssego bio, garrafa de 200 ml",5604321037797,11287,10119,,Cemporcento,,"5,45€/L","1,09€",https://cdn.intermarche.pt/pt/Content/images/boitmal/produit/zoom/AF08BF83E5400FD2674EFEA2357BF47E.jpg,,/product/sumo-natural-de-pessego-bio-garrafa-de-200-ml/5604321037797
40054,Sumo natural de cenoura bio,5604321027743,10915,10120,Garrafa de 200 ml,Cemporcento,,"4,95€/L","0,99€",https://cdn.intermarche.pt/pt/Content/images/boitmal/produit/zoom/6C4139D28E3DBB139BAAFEE0CC8D2AA5.jpg,,/product/sumo-natural-de-cenoura-bio/5604321027743
40055,Sumo natural de uva preta bio,5604321027750,10915,10120,Garrafa de 200 ml,Cemporcento,,"3,95€/L","0,79€",https://cdn.intermarche.pt/pt/Content/images/boitmal/produit/zoom/1E75E60FA5078F527121F20EF4DD8C5A.jpg,,/product/sumo-natural-de-uva-preta-bio/5604321027750
40056,Sumo natural de maçã bio,5604321027767,10915,10120,Garrafa de 200 ml,Cemporcento,,"4,95€/L","0,99€",https://cdn.intermarche.pt/pt/Content/images/boitmal/produit/zoom/FCC19AAD85A8412CFA77C1691266B674.jpg,,/product/sumo-natural-de-maca-bio/5604321027767
40057,Sumo natural de ananás bio,5604321027774,10915,10120,Garrafa de 200 ml,Cemporcento,,"5,45€/L","1,09€",https://cdn.intermarche.pt/pt/Content/images/boitmal/produit/zoom/AC63D828989A7A41A5557B8C1EB2CFF2.jpg,,/product/sumo-natural-de-ananas-bio/5604321027774
40058,Sumo natural de maçã bio,5604321027798,10915,10120,Garrafa de 1 l,Cemporcento,,"2,88€/L","2,88€",https://cdn.intermarche.pt/pt/Content/images/boitmal/produit/zoom/AA73F67E2328BC75E657F9E65778203C.jpg,,/product/sumo-natural-de-maca-bio/5604321027798
4806,Vinho biológico doc douro tinto,5010867503960,11287,10119,Garrafa de 0.75 l,Altano,,"9,99€/L","7,49€",https://cdn.intermarche.pt/pt/Content/images/boitmal/produit/zoom/A7D78A83D43E579FC3FBF1F5CB28C64A.jpg,,/product/vinho-biologico-doc-douro-tinto/5010867503960
52060,"Vinho Tinto Regional Alentejano Bio, 750 ml",5601989952929,11287,10119,,Monte Velho,,"9,99€/L","7,49€",https://cdn.intermarche.pt/pt/Content/images/boitmal/produit/zoom/3C0AB82C5E19DA648258247222499529.jpg,,/product/vinho-tinto-regional-alentejano-bio-750-ml/5601989952929
52061,"Vinho Branco Regional Alentejano Bio, 750 ml",5601989937551,11287,10119,,Monte Velho,,"9,99€/L","7,49€",https://cdn.intermarche.pt/pt/Content/images/boitmal/produit/zoom/4F6C7F7CDD7E3A788DD1CF7B6C7BAF7C.jpg,,/product/vinho-branco-regional-alentejano-bio-750-ml/5601989937551
52962,"Kombucha de Gengibre e Limão, garrafa de 330 ml",5603722522505,11109,10009,,Pleno,,"6,64€/L","2,19€",https://cdn.intermarche.pt/pt/Content/images/boitmal/produit/zoom/16C35338EF775AE4D2A2D9C646FCB516.jpg,,/product/kombucha-de-gengibre-e-limao-garrafa-de-330-ml/5603722522505
11031,Néctar bio laranja,3250391855865,11287,10119,"Embalagem de 1,5 l",Paquito,,"1,79€/L","2,69€",https://cdn.intermarche.pt/pt/Content/images/boitmal/produit/zoom/437EDE1CA6C88DC887F8512965B24BAA.jpg,,/product/nectar-bio-laranja/3250391855865
39582,Limonada bio,5604321037094,11287,10119,Garrafa de 200 ml,Cemporcento,,"5,95€/L","1,19€",https://cdn.intermarche.pt/pt/Content/images/boitmal/produit/zoom/733D410E5FC285833E4B61681E2B410C.jpg,,/product/limonada-bio/5604321037094
39510,Flocos de aveia finos integrais bio,5604321029136,10455,10120,Embalagem de 400g,Cemporcento,,"3,23€/Kg","1,29€",https://cdn.intermarche.pt/pt/Content/images/boitmal/produit/zoom/63D57F7F7D6A78F2C1CD8709AE15341F.jpg,,/product/flocos-de-aveia-finos-integrais-bio/5604321029136
48156,Muesli frutas bio,5604260320226,11288,10119,Embalagem de 400g,PorSi Bio,,"6,98€/Kg","2,79€",https://cdn.intermarche.pt/pt/Content/images/boitmal/produit/zoom/EE21E6916E3C7314F93607503CACF4AB.jpg,,/product/muesli-frutas-bio/5604260320226
39464,Linhaça dourada moída bio,5604321035731,11288,10119,Embalagem de 200g,Cemporcento,,"10,95€/Kg","2,19€",https://cdn.intermarche.pt/pt/Content/images/boitmal/produit/zoom/EAE8E7DC61D32C3E3F3E15505EFEC38B.jpg,,/product/linhaca-dourada-moida-bio/5604321035731
39825,Chips de coco naturais bio,5604321035175,11288,10119,Embalagem de 150g,Cemporcento,,"14,60€/Kg","2,19€",https://cdn.intermarche.pt/pt/Content/images/boitmal/produit/zoom/D3453F77C7962F9E9DD29896E3EC2D31.jpg,,/product/chips-de-coco-naturais-bio/5604321035175
16125,Cereais bio chocapic,7613036668408,11288,10119,Embalagem de 330g,Nestlé,,"14,52€/Kg","4,79€",https://cdn.intermarche.pt/pt/Content/images/boitmal/produit/zoom/AAF9E20C64AD54E62A1427344708E27D.jpg,,/product/cereais-bio-chocapic/7613036668408
39547,Espelta tufada mel bio,5604321035601,11288,10119,Embalagem de 125g,Cemporcento,,"18,32€/Kg","2,29€",https://cdn.intermarche.pt/pt/Content/images/boitmal/produit/zoom/139A0CDA72EC7E3DB2FA61F0DA46F4FF.jpg,,/product/espelta-tufada-mel-bio/5604321035601
39577,Espelta tufada chocolate bio,5604321036066,11288,10119,Embalagem de 125g,Cemporcento,,"19,12€/Kg","2,39€",https://cdn.intermarche.pt/pt/Content/images/boitmal/produit/zoom/4205956466E51B142886A347FBF0E76F.jpg,,/product/espelta-tufada-chocolate-bio/5604321036066
39804,Crocantes de quinoa,5604321034796,10455,10120,Embalagem de 200g,Cemporcento,,"12,45€/Kg","2,49€",https://cdn.intermarche.pt/pt/Content/images/boitmal/produit/zoom/800619A9B53B24CF6F38FA32CFB223E4.jpg,,/product/crocantes-de-quinoa/5604321034796
43357,Café moagem fina bio,5604260311675,11058,10043,Embalagem de 250g,PorSi Bio,,"10,36€/Kg","2,59€",https://cdn.intermarche.pt/pt/Content/images/boitmal/produit/zoom/24375F6E479944D29A44B353C57E6DA4.jpg,,/product/cafe-moagem-fina-bio/5604260311675
43325,Bio infusão camomila 10x1.1g,5604260309504,11289,10119,Embalagem de 11g,PorSi Bio,,"71,82€/Kg","0,79€",https://cdn.intermarche.pt/pt/Content/images/boitmal/produit/zoom/02157BDABC619973253D101BB852653F.jpg,,/product/bio-infusao-camomila-10x1.1g/5604260309504
43326,Bio infusão chá verde 10x1.5g,5604260309535,11289,10119,Embalagem de 15g,PorSi Bio,,"52,67€/Kg","0,79€",https://cdn.intermarche.pt/pt/Content/images/boitmal/produit/zoom/5BF4884AFD3B9A07CD2DB17DB0DAEEB5.jpg,,/product/bio-infusao-cha-verde-10x1.5g/5604260309535
43347,Bio infusão de menta 10x1.5g,5604260309528,11289,10119,Embalagem de 15g,PorSi Bio,,"52,67€/Kg","0,79€",https://cdn.intermarche.pt/pt/Content/images/boitmal/produit/zoom/4D26BF8CF7BDE098AF78A3F75BE698A7.jpg,,/product/bio-infusao-de-menta-10x1.5g/5604260309528
43358,Café moagem grossa bio,5604260311682,11058,10043,Embalagem de 250g,PorSi Bio,,"11,96€/Kg","2,99€",https://cdn.intermarche.pt/pt/Content/images/boitmal/produit/zoom/5B1CBCCD5A0DF267336B1A501DCB0BA9.jpg,,/product/cafe-moagem-grossa-bio/5604260311682
39770,Chá infusão cidreira bio,5604321034055,10451,10120,Embalagem de 13g,Cemporcento,,"68,46€/Kg","0,89€",https://cdn.intermarche.pt/pt/Content/images/boitmal/produit/zoom/6CF6A949DE888E65B79BDEBBF33D4D49.jpg,,/product/cha-infusao-cidreira-bio/5604321034055
39774,Chá infusão gengibre bio,5604321034123,10451,10120,Embalagem de 13g,Cemporcento,,"68,46€/Kg","0,89€",https://cdn.intermarche.pt/pt/Content/images/boitmal/produit/zoom/2A5DE6C6255AA631A24C04C83AAA8F49.jpg,,/product/cha-infusao-gengibre-bio/5604321034123
39778,Chá infusão tomilho bio,5604321034222,10451,10120,Embalagem de 13g,Cemporcento,,"68,46€/Kg","0,89€",https://cdn.intermarche.pt/pt/Content/images/boitmal/produit/zoom/1701C92B331CBF24C0BF004CE5445002.jpg,,/product/cha-infusao-tomilho-bio/5604321034222
39788,Chá infusão hibisco bio,5604321034451,10451,10120,Embalagem de 13g,Cemporcento,,"68,46€/Kg","0,89€",https://cdn.intermarche.pt/pt/Content/images/boitmal/produit/zoom/746274BF81E716BF59ED6179AC2F5A91.jpg,,/product/cha-infusao-hibisco-bio/5604321034451
43346,Bio infusão de frutas 10x1.5g,5604260309511,11289,10119,Embalagem de 15g,PorSi Bio,,"46,00€/Kg","0,69€",https://cdn.intermarche.pt/pt/Content/images/boitmal/produit/zoom/27F1BECC52FCCA8C0C7B9CF5B4113461.jpg,,/product/bio-infusao-de-frutas-10x1.5g/5604260309511
39545,Chá infusão camomila bio,5604321034048,10451,10120,Embalagem de 13g,Cemporcento,,"68,46€/Kg","0,89€",https://cdn.intermarche.pt/pt/Content/images/boitmal/produit/zoom/C59F6455946B306D9800A09C2D782B34.jpg,,/product/cha-infusao-camomila-bio/5604321034048
39775,Chá infusão menta bio,5604321034130,10451,10120,Embalagem de 13g,Cemporcento,,"68,46€/Kg","0,89€",https://cdn.intermarche.pt/pt/Content/images/boitmal/produit/zoom/450B56AED18D9E920D72A16BCF60D4C0.jpg,,/product/cha-infusao-menta-bio/5604321034130
39779,Chá infusão relax bio,5604321034246,10451,10120,Embalagem de 13g,Cemporcento,,"83,85€/Kg","1,09€",https://cdn.intermarche.pt/pt/Content/images/boitmal/produit/zoom/9C14F840A294C2655B77F8F33A5B844D.jpg,,/product/cha-infusao-relax-bio/5604321034246
39781,Chá infusão digest bio,5604321034260,10451,10120,Embalagem de 13g,Cemporcento,,"76,15€/Kg","0,99€",https://cdn.intermarche.pt/pt/Content/images/boitmal/produit/zoom/0637DAB51117375D758A61C2A581C4AD.jpg,,/product/cha-infusao-digest-bio/5604321034260
28271,Caps.cafe bio x10 55g,5601082042619,10273,10043,Embalagem de 60g,Delta Q,,"90,73€/Kg","4,99€",https://cdn.intermarche.pt/pt/Content/images/boitmal/produit/zoom/844BCFFABA5D8E9AA4B9F022B8414F89.jpg,,/product/caps.cafe-bio-x10-55g/5601082042619
39460,Chá infusão príncipe bio,5604321034161,10451,10120,Embalagem de 13g,Cemporcento,,"76,15€/Kg","0,99€",https://cdn.intermarche.pt/pt/Content/images/boitmal/produit/zoom/D0E1694E64B616D53BA1F517BE93AA64.jpg,,/product/cha-infusao-principe-bio/5604321034161
39465,Tofu fumado bio,5604321036950,11289,10119,Embalagem de 250g,Cemporcento,,"15,96€/Kg","3,99€",https://cdn.intermarche.pt/pt/Content/images/boitmal/produit/zoom/EA2081211CCDBB6A51A9F87B6DF09F16.jpg,,/product/tofu-fumado-bio/5604321036950
39771,Chá infusão funcho bio,5604321034062,10451,10120,Embalagem de 13g,Cemporcento,,"68,46€/Kg","0,89€",https://cdn.intermarche.pt/pt/Content/images/boitmal/produit/zoom/63F14443FE133EA0F14CED31EE8E5B5F.jpg,,/product/cha-infusao-funcho-bio/5604321034062
39772,Chá infusão sene bio,5604321034079,10451,10120,Embalagem de 13g,Cemporcento,,"68,46€/Kg","0,89€",https://cdn.intermarche.pt/pt/Content/images/boitmal/produit/zoom/2A77514BB3E5D12253560635471BEC61.jpg,,/product/cha-infusao-sene-bio/5604321034079
39773,Chá verde infusão bio,5604321034116,10451,10120,Embalagem de 13g,Cemporcento,,"83,85€/Kg","1,09€",https://cdn.intermarche.pt/pt/Content/images/boitmal/produit/zoom/54A7B832C225EE7F5B389B896D08110E.jpg,,/product/cha-verde-infusao-bio/5604321034116
39776,Chá infusão lúcia-lima bio,5604321034147,10451,10120,Embalagem de 13g,Cemporcento,,"68,46€/Kg","0,89€",https://cdn.intermarche.pt/pt/Content/images/boitmal/produit/zoom/0C8C494AE06B0BC923011C3EABC0D8B6.jpg,,/product/cha-infusao-lucia-lima-bio/5604321034147
39777,Chá preto infusão bio,5604321034185,10451,10120,Embalagem de 13g,Cemporcento,,"83,85€/Kg","1,09€",https://cdn.intermarche.pt/pt/Content/images/boitmal/produit/zoom/09DD788D1EAA67CEE4C2EBB37B85C755.jpg,,/product/cha-preto-infusao-bio/5604321034185
39780,Chá infusão detox bio,5604321034253,10451,10120,Embalagem de 13g,Cemporcento,,"76,15€/Kg","0,99€",https://cdn.intermarche.pt/pt/Content/images/boitmal/produit/zoom/83A6754DE1AEA86C0D59BCBE94912A8D.jpg,,/product/cha-infusao-detox-bio/5604321034253
39782,Chá infusão regulax bio,5604321034277,10451,10120,Embalagem de 13g,Cemporcento,,"83,85€/Kg","1,09€",https://cdn.intermarche.pt/pt/Content/images/boitmal/produit/zoom/A8BC912AAA6F67A5CF0D8306110A9879.jpg,,/product/cha-infusao-regulax-bio/5604321034277
43500,Bio doce de morango,5604260309436,11072,10051,Embalagem de 330g,PorSi Bio,,"7,55€/Kg","2,49€",https://cdn.intermarche.pt/pt/Content/images/boitmal/produit/zoom/1D5FBC64669B9439E7FA0392E82E7ADE.jpg,,/product/bio-doce-de-morango/5604260309436
44948,Mel de néctar multifloral bio,5604260313273,10319,10051,Frasco de 250g,PorSi Bio,,"11,96€/Kg","2,99€",https://cdn.intermarche.pt/pt/Content/images/boitmal/produit/zoom/1AC191EDAD458573B9112ECA36798DBC.jpg,,/product/mel-de-nectar-multifloral-bio/5604260313273
43497,Bio doce de mirtilo,5604260308279,11072,10051,Embalagem de 330g,PorSi Bio,,"7,55€/Kg","2,49€",https://cdn.intermarche.pt/pt/Content/images/boitmal/produit/zoom/ED4995300D4214CAB95506A76EDBA06B.jpg,,/product/bio-doce-de-mirtilo/5604260308279
43496,Bio doce de framboesa,5604260308262,11072,10051,Embalagem de 330g,PorSi Bio,,"7,55€/Kg","2,49€",https://cdn.intermarche.pt/pt/Content/images/boitmal/produit/zoom/EF134A7951BB7ED5F9530559BAABA289.jpg,,/product/bio-doce-de-framboesa/5604260308262
43495,Bio doce de ameixa,5604260308255,11072,10051,Embalagem de 330g,PorSi Bio,,"7,55€/Kg","2,49€",https://cdn.intermarche.pt/pt/Content/images/boitmal/produit/zoom/6DC6757E7F4A5690DC03E3EC606C00E5.jpg,,/product/bio-doce-de-ameixa/5604260308255
43498,Bio doce de pessego,5604260308286,11072,10051,Embalagem de 330g,PorSi Bio,,"7,55€/Kg","2,49€",https://cdn.intermarche.pt/pt/Content/images/boitmal/produit/zoom/2A4EFC530FC29B20372FAAFD3420477A.jpg,,/product/bio-doce-de-pessego/5604260308286
31430,Bolacha de milho sem sal bio,5604321025695,10450,10120,Embalagem de 110g,Cemporcento,,"17,18€/Kg","1,89€",https://cdn.intermarche.pt/pt/Content/images/boitmal/produit/zoom/0EA930B8A3094F0A3BB87C9B23D75B1B.jpg,,/product/bolacha-de-milho-sem-sal-bio/5604321025695
45674,Tortitas milho bio,5604260311613,11291,10119,Embalagem de 130g,PorSi Bio,,"7,62€/Kg","0,99€",https://cdn.intermarche.pt/pt/Content/images/boitmal/produit/zoom/B8067041DD82ECD3EA9052A249412F4D.jpg,,/product/tortitas-milho-bio/5604260311613
45675,Tortitas arroz bio,5604260311620,11291,10119,Embalagem de 130g,PorSi Bio,,"9,92€/Kg","1,29€",https://cdn.intermarche.pt/pt/Content/images/boitmal/produit/zoom/8AED8F975C8C883A0A888812593FBE23.jpg,,/product/tortitas-arroz-bio/5604260311620
40751,Palmiers bio,5604260304721,11291,10119,100 g,PorSi Bio,,"9,90€/Kg","0,99€",https://cdn.intermarche.pt/pt/Content/images/boitmal/produit/zoom/933B934B8C6B1FA9AD562B937CC471EF.jpg,,/product/palmiers-bio/5604260304721
46724,Biscoitos bio laranja e canela,5604260319695,11291,10119,150 g,PorSi Bio,,"13,27€/Kg","1,99€",https://cdn.intermarche.pt/pt/Content/images/boitmal/produit/zoom/F48AAD285FB9BD0E101E96DB2057C798.jpg,,/product/biscoitos-bio-laranja-e-canela/5604260319695
47989,Marinheiras natural bio,5604321034338,10252,10041,Embalagem de 200g,Cemporcento,,"12,45€/Kg","2,49€",https://cdn.intermarche.pt/pt/Content/images/boitmal/produit/zoom/20025D7F84DE5707CC7F00A03C3AEB64.jpg,,/product/marinheiras-natural-bio/5604321034338
39763,Chocolate negro 70% cacau bio,5604321033911,10452,10120,Embalagem de 100g,Cemporcento,,"28,90€/Kg","2,89€",https://cdn.intermarche.pt/pt/Content/images/boitmal/produit/zoom/FDE671CCE56A6BEB0C088AE89E2B0BB7.jpg,,/product/chocolate-negro-70%25-cacau-bio/5604321033911
46722,Biscoitos bio limão e matcha,5604260319671,11291,10119,150 g,PorSi Bio,,"13,27€/Kg","1,99€",https://cdn.intermarche.pt/pt/Content/images/boitmal/produit/zoom/B16E3EC3131C10042C96A9C702FDDA7A.jpg,,/product/biscoitos-bio-limao-e-matcha/5604260319671
47988,Marinheiras chia bio,5604321033928,10252,10041,Embalagem de 200g,Cemporcento,,"12,45€/Kg","2,49€",https://cdn.intermarche.pt/pt/Content/images/boitmal/produit/zoom/618364C8099EDF801A70A5ECFC53D71A.jpg,,/product/marinheiras-chia-bio/5604321033928
47990,Marinheiras sem sal bio,5604321033935,10252,10041,Embalagem de 200g,Cemporcento,,"12,95€/Kg","2,59€",https://cdn.intermarche.pt/pt/Content/images/boitmal/produit/zoom/910ACE61034DDE67E9C510208391AE46.jpg,,/product/marinheiras-sem-sal-bio/5604321033935
39762,Chocolate negro 90% cacau bio,5604321033904,10452,10120,Embalagem de 100g,Cemporcento,,"28,90€/Kg","2,89€",https://cdn.intermarche.pt/pt/Content/images/boitmal/produit/zoom/FA42F59E5BC8BEC2B82EDCB947F8CA09.jpg,,/product/chocolate-negro-90%25-cacau-bio/5604321033904
46723,Biscoitos bio coco e açai,5604260319688,11291,10119,150 g,PorSi Bio,,"13,27€/Kg","1,99€",https://cdn.intermarche.pt/pt/Content/images/boitmal/produit/zoom/0DF1D9AEF8E48322C7B8EE1A8F1355BC.jpg,,/product/biscoitos-bio-coco-e-acai/5604260319688
39539,Vinagre de sidra biológica 5%,5607552295387,11292,10119,Garrafa de 500 ml,Cristal,,"1,98€/L","0,99€",https://cdn.intermarche.pt/pt/Content/images/boitmal/produit/zoom/B1CEECEA2256524B647A2B852DC8C733.jpg,2024-09-25T22:59:59.999Z,/product/vinagre-de-sidra-biologica-5%25/5607552295387
28566,Sal Himalaias Fino,5608394421668,11292,10119,1 Embalagem 500G,Origens Bio,,"2,78€/Kg","1,39€",https://cdn.intermarche.pt/pt/Content/images/boitmal/produit/zoom/A3E2018A03F5EBD66224DE8507AE186C.jpg,2024-09-25T22:59:59.999Z,/product/sal-himalaias-fino/5608394421668
42163,Leite de coco bio,5604260306220,11292,10119,400 ml,PorSi Bio,,"3,98€/L","1,59€",https://cdn.intermarche.pt/pt/Content/images/boitmal/produit/zoom/14E5F5482763952951C79BEC9B95CCF8.jpg,,/product/leite-de-coco-bio/5604260306220
39434,Oleo de coco puro bio,5604321030989,11292,10119,Garrafa de 200 ml,Cemporcento,,"17,45€/L","3,49€",https://cdn.intermarche.pt/pt/Content/images/boitmal/produit/zoom/E73D95F38B3324B1AF160A6AB07F10CB.jpg,,/product/oleo-de-coco-puro-bio/5604321030989
42162,Gordura de coco bio,5604260306237,11292,10119,200 ml,PorSi Bio,,"11,25€/L","2,25€",https://cdn.intermarche.pt/pt/Content/images/boitmal/produit/zoom/FEB31DB9188DB5AD9BFE86D083699E19.jpg,,/product/gordura-de-coco-bio/5604260306237
43351,Bio pimentão doce moído,5604260307524,11292,10119,Embalagem de 40g,PorSi Bio,,"32,25€/Kg","1,29€",https://cdn.intermarche.pt/pt/Content/images/boitmal/produit/zoom/AE287BA48A24BB14ECA89580DB73FD01.jpg,,/product/bio-pimentao-doce-moido/5604260307524
43375,Bio coentros moídos,5604260307432,11292,10119,Embalagem de 35g,PorSi Bio,,"34,00€/Kg","1,19€",https://cdn.intermarche.pt/pt/Content/images/boitmal/produit/zoom/464EAC5D394F1A29CC1D53B1CBD501D7.jpg,,/product/bio-coentros-moidos/5604260307432
43333,Bio vinagre vinho branco,5604260308729,11292,10119,Garrafa de 500 ml,PorSi Bio,,"1,78€/L","0,89€",https://cdn.intermarche.pt/pt/Content/images/boitmal/produit/zoom/9F0D2DC6C25473499C02737F373A810D.jpg,,/product/bio-vinagre-vinho-branco/5604260308729
43381,Bio pimenta preta moída,5604260307517,11292,10119,Embalagem de 45g,PorSi Bio,,"44,22€/Kg","1,99€",https://cdn.intermarche.pt/pt/Content/images/boitmal/produit/zoom/8D7B479A50D0797BA85359E86FF6867E.jpg,,/product/bio-pimenta-preta-moida/5604260307517
30072,Azeite virgem extra bio frutado,5601252115938,11292,10119,Garrafa de 750 ml,Gallo,,"18,12€/L","13,59€",https://cdn.intermarche.pt/pt/Content/images/boitmal/produit/zoom/3B47F5D51BAF212EB201B2A18EEEDC00.jpg,,/product/azeite-virgem-extra-bio-frutado/5601252115938
43376,Canela moída bio,5604260307449,11292,10119,Embalagem de 35g,PorSi Bio,,"36,86€/Kg","1,29€",https://cdn.intermarche.pt/pt/Content/images/boitmal/produit/zoom/9758CFC1E07B5D21278BF3277D3A1759.jpg,,/product/canela-moida-bio/5604260307449
43377,Bio caril moido fras.,5604260307456,11292,10119,Embalagem de 40g,PorSi Bio,,"32,25€/Kg","1,29€",https://cdn.intermarche.pt/pt/Content/images/boitmal/produit/zoom/712B6C9E5DD9E0E648E4F7D354DABD48.jpg,,/product/bio-caril-moido-fras./5604260307456
43378,Bio cravinho moído,5604260307463,11292,10119,Embalagem de 40g,PorSi Bio,,"49,75€/Kg","1,99€",https://cdn.intermarche.pt/pt/Content/images/boitmal/produit/zoom/9FA23A7FB30743143C1073D7524FA2D6.jpg,,/product/bio-cravinho-moido/5604260307463
43379,Açafrão das Índias Bio,5604260307470,11292,10119,Embalagem de 40g,PorSi Bio,,"29,75€/Kg","1,19€",https://cdn.intermarche.pt/pt/Content/images/boitmal/produit/zoom/B8B256A2157A0B253818B24F0862B177.jpg,,/product/acafrao-das-indias-bio/5604260307470
43380,Bio gengibre moído,5604260307487,11292,10119,Embalagem de 25g,PorSi Bio,,"51,60€/Kg","1,29€",https://cdn.intermarche.pt/pt/Content/images/boitmal/produit/zoom/4CD9FAA35FEB0FCE736FCF1096F17749.jpg,,/product/bio-gengibre-moido/5604260307487
28561,Polpa tomate biológico,5601019012746,11292,10119,Embalagem de 500g,Guloso,,"7,18€/Kg","3,59€",https://cdn.intermarche.pt/pt/Content/images/boitmal/produit/zoom/CFA4E349C1AF2DDBB70C492F765F31C1.jpg,,/product/polpa-tomate-biologico/5601019012746
39234,Óleo de coco biológico,5601557058923,11292,10119,Garrafa de 200 ml,Salutem,,"21,45€/L","4,29€",https://cdn.intermarche.pt/pt/Content/images/boitmal/produit/zoom/9499AB982B9DA4534CAE3EA327FAA010.jpg,,/product/oleo-de-coco-biologico/5601557058923
39563,Gengibre em pó bio,5604321035496,10456,10120,Embalagem de 75g,Cemporcento,,"51,87€/Kg","3,89€",https://cdn.intermarche.pt/pt/Content/images/boitmal/produit/zoom/A3E1D28A838D199008E66ED04ADC7B44.jpg,,/product/gengibre-em-po-bio/5604321035496
39565,Curcuma em pó bio,5604321035519,11292,10119,Embalagem de 75g,Cemporcento,,"46,53€/Kg","3,49€",https://cdn.intermarche.pt/pt/Content/images/boitmal/produit/zoom/C65E32465BD4BD5AAB867F3E55F3751A.jpg,,/product/curcuma-em-po-bio/5604321035519
39700,Óleo de coco natural (com sabor) bio,5604321032600,11292,10119,Garrafa de 200 ml,Cemporcento,,"21,95€/L","4,39€",https://cdn.intermarche.pt/pt/Content/images/boitmal/produit/zoom/2BC3F3C6EE6D2BD97BE18EB79DFFECE6.jpg,,/product/oleo-de-coco-natural-(com-sabor)-bio/5604321032600
43565,Noz moscada moída bio,5604260307494,11292,10119,Embalagem de 30g,PorSi Bio,,"83,00€/Kg","2,49€",https://cdn.intermarche.pt/pt/Content/images/boitmal/produit/zoom/4E18120BEBA8C0E7F160168E3757B68A.jpg,,/product/noz-moscada-moida-bio/5604260307494
43566,Pimenta branca moída bio,5604260307500,11292,10119,Embalagem de 45g,PorSi Bio,,"66,44€/Kg","2,99€",https://cdn.intermarche.pt/pt/Content/images/boitmal/produit/zoom/69D2A74E7D9F09577347B191DC541A5D.jpg,,/product/pimenta-branca-moida-bio/5604260307500
48758,"Leite de coco bio 6%, garrafa de 400 ml",5601557063132,11292,10119,,Salutem,,"3,98€/L","1,59€",https://cdn.intermarche.pt/pt/Content/images/boitmal/produit/zoom/9D8E035C0BA25427FEA07AC38A8E2E30.jpg,,/product/leite-de-coco-bio-6%25-garrafa-de-400-ml/5601557063132
43499,Vinagre balsâmico bio,5604260308736,11292,10119,Garrafa de 250 ml,PorSi Bio,,"9,16€/L","2,29€",https://cdn.intermarche.pt/pt/Content/images/boitmal/produit/zoom/D59FA257A12C0983492B30C26BD50CBF.jpg,,/product/vinagre-balsamico-bio/5604260308736
39444,Matcha em pó bio,5604321035526,11292,10119,Embalagem de 50g,Cemporcento,,"209,80€/Kg","10,49€",https://cdn.intermarche.pt/pt/Content/images/boitmal/produit/zoom/331C6707EDC7723C32B677F8042AF373.jpg,,/product/matcha-em-po-bio/5604321035526
50456,"Leite Uht Magro sem Lactose com Fibra e Coco, 1 l",5603722520877,11277,10118,,Mimosa,,"1,24€/L","1,24€",https://cdn.intermarche.pt/pt/Content/images/boitmal/produit/zoom/B822078CC1665E881AB9EE8EE0E4B0E6.jpg,2024-10-04T22:59:59.999Z,/product/leite-uht-magro-sem-lactose-com-fibra-e-coco-1-l/5603722520877
32044,Mimosa bem especial leite e amêndoa,5603722517471,11277,10118,Embalagem de 1 litro,Mimosa,,"1,24€/L","1,24€",https://cdn.intermarche.pt/pt/Content/images/boitmal/produit/zoom/F58E2E046344F7115AD051C34455C981.jpg,2024-10-04T22:59:59.999Z,/product/mimosa-bem-especial-leite-e-amendoa/5603722517471
32043,Mimosa bem especial leite e aveia,5603722517457,11277,10118,Embalagem de 1 litro,Mimosa,,"1,24€/L","1,24€",https://cdn.intermarche.pt/pt/Content/images/boitmal/produit/zoom/699CC02CBE15EF18CD46F5DD5DF5AA01.jpg,2024-10-04T22:59:59.999Z,/product/mimosa-bem-especial-leite-e-aveia/5603722517457
35489,Leite uht sem lactose meio gordo,5604260285266,11277,10118,1 litro,PorSi Viva Bem,,"1,05€/L","1,05€",https://cdn.intermarche.pt/pt/Content/images/boitmal/produit/zoom/940ABEA6CB4E64711550122DB8B2880C.jpg,,/product/leite-uht-sem-lactose-meio-gordo/5604260285266
48032,Leite Meio Gordo sem Lactose,5603722507861,11277,10118,Pack 4 x 200 ml,Mimosa,,"2,61€/L","2,09€",https://cdn.intermarche.pt/pt/Content/images/boitmal/produit/zoom/BB36B23F12577A63D171DA22D09B5C95.jpg,,/product/leite-meio-gordo-sem-lactose/5603722507861
11961,Leite s/ lactose meio gordo,5603722505607,11277,10118,Garrafa de 1 l,Mimosa,,"1,35€/L","1,35€",https://cdn.intermarche.pt/pt/Content/images/boitmal/produit/zoom/B50AD06E1D69691E134268704FD849E5.jpg,,/product/leite-s-ou-lactose-meio-gordo/5603722505607
15349,Leite infantil 3+ anos sem lactose,5603722514203,11277,10118,Garrafa de 1 l,Mimosa,,"1,59€/L","1,59€",https://cdn.intermarche.pt/pt/Content/images/boitmal/produit/zoom/C7B6F8D630563D44FE87DA62678E0A5F.jpg,,/product/leite-infantil-3+-anos-sem-lactose/5603722514203
35490,Leite uht sem lactose magro,5604260285273,11277,10118,1 litro,PorSi Viva Bem,,"1,05€/L","1,05€",https://cdn.intermarche.pt/pt/Content/images/boitmal/produit/zoom/ED42C25CEB88988A023D9922CE8EF03E.jpg,,/product/leite-uht-sem-lactose-magro/5604260285273
35652,Bebida cálcio sem lactose + proteína,5603722517440,11277,10118,Embalagem de 3 x 250 ml,Mimosa,,"3,99€/L","2,99€",https://cdn.intermarche.pt/pt/Content/images/boitmal/produit/zoom/082D57B313B97BA67B4431F02ED4BA22.jpg,,/product/bebida-calcio-sem-lactose-+-proteina/5603722517440
48767,Leite UHT Morango sem Lactose,5603722520433,11277,10118,Pack 3 x 250 ml,Mimosa,,"3,99€/L","2,99€",https://cdn.intermarche.pt/pt/Content/images/boitmal/produit/zoom/91AEB99AFEE91E613FA3A8781D3F3168.jpg,,/product/leite-uht-morango-sem-lactose/5603722520433
49820,Leite Uht Proteína Café,5603722520716,10915,10120,Pack 3 x 250 ml,Mimosa,,"4,25€/L","3,19€",https://cdn.intermarche.pt/pt/Content/images/boitmal/produit/zoom/16EC14653F7F31D3FE499DC1730AE209.jpg,,/product/leite-uht-proteina-cafe/5603722520716
50633,Leite proteína magro,5603722522093,11277,10118,Garrafa de 1 l,Mimosa,,"2,49€/L","2,49€",https://cdn.intermarche.pt/pt/Content/images/boitmal/produit/zoom/7BC969966D00487096CAA92FEB9F8C0C.jpg,,/product/leite-proteina-magro/5603722522093
9315,Leite 0% lactose magro,5603722509544,11277,10118,Garrafa de 1 l,Mimosa,,"1,35€/L","1,35€",https://cdn.intermarche.pt/pt/Content/images/boitmal/produit/zoom/F5A14B3D114F4F7D42484C8D1602E358.jpg,,/product/leite-0%25-lactose-magro/5603722509544
48011,Leite com Chocolate Meio-Gordo sem Lactose,5603722520068,11277,10118,4 x 200 ml,Agros,,"2,99€/L","2,39€",https://cdn.intermarche.pt/pt/Content/images/boitmal/produit/zoom/D0D3F8B7FFABDBCD2EEE741C61FD069C.jpg,,/product/leite-com-chocolate-meio-gordo-sem-lactose/5603722520068
49458,Leite c/ Chocolate Bem Especial 0% lactose,5603722505829,11277,10118,pack 4 x 200 ml,Mimosa,,"2,99€/L","2,39€",https://cdn.intermarche.pt/pt/Content/images/boitmal/produit/zoom/273382DABD831386C0BB65AE2C8E8009.jpg,,/product/leite-c-ou-chocolate-bem-especial-0%25-lactose/5603722505829
17952,Leite com chocolate sem lactose,5601226041638,11277,10118,Embalagem de 6 x 250 ml,Ucal,,"3,99€/L","5,99€",https://cdn.intermarche.pt/pt/Content/images/boitmal/produit/zoom/AA98E7AC2A4A93FAB0CB705FD97A3C83.jpg,,/product/leite-com-chocolate-sem-lactose/5601226041638
21051,"Iogurte líquido yoggi, sem lactose, morango,  4 x 160 g",8435257034300,10400,10010,,Nestlé,,"3,42€/Kg","2,19€",https://cdn.intermarche.pt/pt/Content/images/boitmal/produit/zoom/EDE6B117FB886E95B7257B2282F005D2.jpg,2024-09-25T22:59:59.999Z,/product/iogurte-liquido-yoggi-sem-lactose-morango-4-x-160-g/8435257034300
21052,"Iogurte líquido yoggi, sem lactose, morango/banana,  4 x 160 g",8435257034270,10400,10010,,Nestlé,,"3,42€/Kg","2,19€",https://cdn.intermarche.pt/pt/Content/images/boitmal/produit/zoom/93C63CDCCE271351E42C385AFD3AE69F.jpg,2024-09-25T22:59:59.999Z,/product/iogurte-liquido-yoggi-sem-lactose-morango-ou-banana-4-x-160-g/8435257034270
52759,"Iogurte Proteico Ginja Sem Lactose,  200g",5604260329618,11177,10010,,PorSi Viva Bem,,"4,90€/Kg","0,98€",https://cdn.intermarche.pt/pt/Content/images/boitmal/produit/zoom/648E07F12835F0B056FE04BD0061A4C2.jpg,2024-10-04T22:59:59.999Z,/product/iogurte-proteico-ginja-sem-lactose-200g/5604260329618
42853,"Iogurte liquido sem lactose morango e banana,  4 x 160 g",5604260307289,10400,10010,,PorSi Viva Bem,,"2,31€/Kg","1,48€",https://cdn.intermarche.pt/pt/Content/images/boitmal/produit/zoom/F877F8044FEE8CE4FDE4EB9675CB0007.jpg,,/product/iogurte-liquido-sem-lactose-morango-e-banana-4-x-160-g/5604260307289
46216,"Iogurte batido magro com mirtilos sem lactose, 4 x 120 g",5603722519925,10397,10010,,Mimosa,,"6,23€/Kg","2,99€",https://cdn.intermarche.pt/pt/Content/images/boitmal/produit/zoom/BB82BE081E1283797B43170E5EC56176.jpg,,/product/iogurte-batido-magro-com-mirtilos-sem-lactose-4-x-120-g/5603722519925
46290,"Iogurte de morango sem lactose, 4 x 125 g",5604260313549,10395,10010,,PorSi Viva Bem,,"2,18€/Kg","1,09€",https://cdn.intermarche.pt/pt/Content/images/boitmal/produit/zoom/CE0C34B263856F5ACE9BB34CEFAAD961.jpg,,/product/iogurte-de-morango-sem-lactose-4-x-125-g/5604260313549
46621,"Iogurte grego natural açucarado sem lactose,  240g",5604260313518,11176,10010,,PorSi Viva Bem,,"5,79€/Kg","1,39€",https://cdn.intermarche.pt/pt/Content/images/boitmal/produit/zoom/845D3261EC595C36212EF5E73E960259.jpg,,/product/iogurte-grego-natural-acucarado-sem-lactose-240g/5604260313518
46289,"Iogurte natural sem lactose, 4 x 125 g",5604260313532,10395,10010,,PorSi Viva Bem,,"2,18€/Kg","1,09€",https://cdn.intermarche.pt/pt/Content/images/boitmal/produit/zoom/5A5200CD2A2A6CB49D586AF001262EDC.jpg,,/product/iogurte-natural-sem-lactose-4-x-125-g/5604260313532
44789,"Iogurte sólido sem lactose multifrutos, 4 x 125 g",5603722514791,10395,10010,,Mimosa,,"5,71€/Kg","2,74€",https://cdn.intermarche.pt/pt/Content/images/boitmal/produit/zoom/AFD577199B3478174C373E88A7AC02B1.jpg,,/product/iogurte-solido-sem-lactose-multifrutos-4-x-125-g/5603722514791
46622,"Iogurte grego stracciatella sem lactose,  240g",5604260313525,11176,10010,,PorSi Viva Bem,,"5,79€/Kg","1,39€",https://cdn.intermarche.pt/pt/Content/images/boitmal/produit/zoom/5040BD5057BF9C69D6743EBCD81ABFF9.jpg,,/product/iogurte-grego-stracciatella-sem-lactose-240g/5604260313525
44790,"Iogurte natural magro sem lactose, 4x 120 g",5603722514814,10395,10010,,Mimosa,,"6,23€/Kg","2,99€",https://cdn.intermarche.pt/pt/Content/images/boitmal/produit/zoom/16144931BFE13ADD55AEAFA1C9C1D4A3.jpg,,/product/iogurte-natural-magro-sem-lactose-4x-120-g/5603722514814
44787,"Iogurte sólido sem lactose natural açucarado, 4 x 125 g",5603722514753,10395,10010,,Mimosa,,"5,71€/Kg","2,74€",https://cdn.intermarche.pt/pt/Content/images/boitmal/produit/zoom/9019649F4AC83AAB8AAFCA00479ED9EB.jpg,,/product/iogurte-solido-sem-lactose-natural-acucarado-4-x-125-g/5603722514753
44791,"Iogurte magro morango sem lactose,  4x 120 g",5603722514838,10395,10010,,Mimosa,,"6,23€/Kg","2,99€",https://cdn.intermarche.pt/pt/Content/images/boitmal/produit/zoom/7855A0B5B8B81F58D76C788EF693C821.jpg,,/product/iogurte-magro-morango-sem-lactose-4x-120-g/5603722514838
42854,"Iogurte liquido sem lactose natural açucarado,  4 x 160 g",5604260307296,10400,10010,,PorSi Viva Bem,,"2,31€/Kg","1,48€",https://cdn.intermarche.pt/pt/Content/images/boitmal/produit/zoom/1D35F35845BBF4A2F0AA2469D04D9052.jpg,,/product/iogurte-liquido-sem-lactose-natural-acucarado-4-x-160-g/5604260307296
44788,"Iogurte sólido sem lactose morango, 4 x 125 g",5603722514777,10395,10010,,Mimosa,,"5,71€/Kg","2,74€",https://cdn.intermarche.pt/pt/Content/images/boitmal/produit/zoom/938890D6C27A260EF0A55564EDA92A84.jpg,,/product/iogurte-solido-sem-lactose-morango-4-x-125-g/5603722514777
28062,"Queijo sem lactose fatiado, 150g",5603722516764,11274,10118,,Castelões,,"11,93€/Kg","1,79€",https://cdn.intermarche.pt/pt/Content/images/boitmal/produit/zoom/5F601B42C74F0F85211A2BAC0672F8FD.jpg,2024-10-02T22:59:59.999Z,/product/queijo-sem-lactose-fatiado-150g/5603722516764
26588,Queijo de Ovelha S/ Lactose,5604661000895,11274,10118,1 un = 450 g (aprox.),Seia,,"21,76€/Kg","9,79€",https://cdn.intermarche.pt/pt/Content/images/boitmal/produit/zoom/FB626D250D3482B7110E7AEC31A71923.jpg,2024-10-02T22:59:59.999Z,/product/queijo-de-ovelha-s-ou-lactose/5604661000895
48345,Queijo gouda fatias 0% lactose,5604260318414,11274,10118,Embalagem de 150g,PorSi Viva Bem,,"11,93€/Kg","1,79€",https://cdn.intermarche.pt/pt/Content/images/boitmal/produit/zoom/F4BADABD2C2F60D5FAE232C1DAEE88B1.jpg,,/product/queijo-gouda-fatias-0%25-lactose/5604260318414
48861,Queijo vaca sem lactose,5604260318407,11274,10118,250 g,PorSi Viva Bem,,"15,56€/Kg","3,89€",https://cdn.intermarche.pt/pt/Content/images/boitmal/produit/zoom/58AFAC96EBABB570741CC816FF4A7099.jpg,,/product/queijo-vaca-sem-lactose/5604260318407
19158,Queijo p/ barrar s/ lactose,7622210440914,11274,10118,Embalagem de 150g,Philadelphia,,"16,60€/Kg","2,49€",https://cdn.intermarche.pt/pt/Content/images/boitmal/produit/zoom/F7AC6E4743C3775586AC9B93E6A5AED5.jpg,,/product/queijo-p-ou-barrar-s-ou-lactose/7622210440914
37633,Queijo fresco sem lactose,5604260301010,11274,10118,Embalagem de 2 x 62.5 g,PorSi Viva Bem,,"10,69€/Kg","1,39€",https://cdn.intermarche.pt/pt/Content/images/boitmal/produit/zoom/4252FCB6E53C7C78182709B5BBFC1A58.jpg,,/product/queijo-fresco-sem-lactose/5604260301010
41196,Queijo flamengo 0% lactose,5604260306787,11274,10118,Embalagem de 150 g,PorSi Viva Bem,,"9,93€/Kg","1,49€",https://cdn.intermarche.pt/pt/Content/images/boitmal/produit/zoom/70EFC7DA8E23D31BF48007A15842F8C8.jpg,,/product/queijo-flamengo-0%25-lactose/5604260306787
44264,"Nata cremosa sem lactose, 200 ml",5603722517136,11705,11365,,Mimosa,,"4,95€/L","0,99€",https://cdn.intermarche.pt/pt/Content/images/boitmal/produit/zoom/505AB5A758F0033F2C092C6776B8A3D2.jpg,2024-09-25T22:59:59.999Z,/product/nata-cremosa-sem-lactose-200-ml/5603722517136
50624,"Nata Culinária Sem Lactose, 200 ml",5603722520969,11703,11365,,Mimosa,,"4,95€/L","0,99€",https://cdn.intermarche.pt/pt/Content/images/boitmal/produit/zoom/050D19427AA010B013CA63696314E26F.jpg,2024-09-25T22:59:59.999Z,/product/nata-culinaria-sem-lactose-200-ml/5603722520969
47102,Manteiga com sal e sem lactose,5603722520198,11706,11363,Embalagem de 250g,Mimosa,,"10,36€/Kg","2,59€",https://cdn.intermarche.pt/pt/Content/images/boitmal/produit/zoom/B591AEA7549E84BED541D0651A14575A.jpg,,/product/manteiga-com-sal-e-sem-lactose/5603722520198
41766,Gelado de morango sem lactose,5604260306756,11278,10118,Embalagem de 500ml,PorSi Viva Bem,,"4,98€/L","2,49€",https://cdn.intermarche.pt/pt/Content/images/boitmal/produit/zoom/FB857D83CEDD6849E6AA4B092D7ADFB7.jpg,,/product/gelado-de-morango-sem-lactose/5604260306756
41193,Bolacha Maria sem lactose,5604260304028,10253,10041,Embalagem de 200 g,PorSi Viva Bem,,"4,95€/Kg","0,99€",https://cdn.intermarche.pt/pt/Content/images/boitmal/produit/zoom/E69E1B92070861AB411F6033809FC883.jpg,,/product/bolacha-maria-sem-lactose/5604260304028
41127,Bolachas de água e sal sem lactose,5604260304035,10250,10041,Embalagem de 125 g,PorSi Viva Bem,,"5,20€/Kg","0,65€",https://cdn.intermarche.pt/pt/Content/images/boitmal/produit/zoom/300425FFC07F2424CA6C2F8344C17839.jpg,,/product/bolachas-de-agua-e-sal-sem-lactose/5604260304035
31493,Bolacha de manteiga sem glúten,8008698012857,11806,10117,Embalagem de 165g,Schar,,"16,91€/Kg","2,79€",https://cdn.intermarche.pt/pt/Content/images/boitmal/produit/zoom/8D80DF019A48C13178367D43FF6CEB93.jpg,,/product/bolacha-de-manteiga-sem-gluten/8008698012857
6405,Cookies sem glúten,8410376017342,11806,10117,Embalagem de 200 g,Gullón,,"16,95€/Kg","3,39€",https://cdn.intermarche.pt/pt/Content/images/boitmal/produit/zoom/04A5E9159A13706FB20F7529309C24F0.jpg,,/product/cookies-sem-gluten/8410376017342
12314,Bolacha maria sem glúten,8008698003947,10450,10120,Embalagem de 200 g,Schar,,"13,45€/Kg","2,69€",https://cdn.intermarche.pt/pt/Content/images/boitmal/produit/zoom/FA060C59F05391509889DE0F10C1384D.jpg,,/product/bolacha-maria-sem-gluten/8008698003947
18497,Bolacha dibus sharkies s/ glúten,8410376044959,10251,10041,Embalagem de 250g,Gullón,,"11,96€/Kg","2,99€",https://cdn.intermarche.pt/pt/Content/images/boitmal/produit/zoom/B55795E6F0CB6562BFC651E2CE12AA97.jpg,,/product/bolacha-dibus-sharkies-s-ou-gluten/8410376044959
10020,Crackers sem glúten,8008698003503,11806,10117,Embalagem de 210 g,Schar,,"19,00€/Kg","3,99€",https://cdn.intermarche.pt/pt/Content/images/boitmal/produit/zoom/C0384E283A399A1CE0F6575DE8286BE4.jpg,,/product/crackers-sem-gluten/8008698003503
2811,Maria integral sem glúten,8410376036169,11806,10117,Embalagem de 400 g,Gullón,,"9,98€/Kg","3,99€",https://cdn.intermarche.pt/pt/Content/images/boitmal/produit/zoom/5D6295637AB1C5F34B42D468B975C028.jpg,,/product/maria-integral-sem-gluten/8410376036169
17672,Bolacha digestive s/ gluten,8410376045024,11806,10117,Embalagem de 150g,Gullón,,"19,93€/Kg","2,99€",https://cdn.intermarche.pt/pt/Content/images/boitmal/produit/zoom/C12086B5EB9DF09A74B278694F8F56C5.jpg,,/product/bolacha-digestive-s-ou-gluten/8410376045024
2668,Wafers sem glúten de chocolate preto,8008698005293,11806,10117,Embalagem de 40 g,Schar,,"41,25€/Kg","1,65€",https://cdn.intermarche.pt/pt/Content/images/boitmal/produit/zoom/FEC7E8FDE8F48BE3DCAB826BDCC7207E.jpg,,/product/wafers-sem-gluten-de-chocolate-preto/8008698005293
39422,Bolacha maria (semadição açúcar) sem glúten,5604321031412,10450,10120,Embalagem de 200g,Cemporcento,,"12,95€/Kg","2,59€",https://cdn.intermarche.pt/pt/Content/images/boitmal/produit/zoom/D450D2241C615CCC5D15B5E18BDB9319.jpg,,/product/bolacha-maria-(semadicao-acucar)-sem-gluten/5604321031412
39962,Bolachas aurora cacau sem glúten,5604321031429,10450,10120,Embalagem de 100g,Cemporcento,,"19,90€/Kg","1,99€",https://cdn.intermarche.pt/pt/Content/images/boitmal/produit/zoom/61441752D943A479F1BC6D7B3D59D4A7.jpg,,/product/bolachas-aurora-cacau-sem-gluten/5604321031429
50936,Biscoito s/ Glúten c/ Pepitas de Chocolate,5604260326853,11082,10041,150 g,PorSi Viva Bem,,"9,27€/Kg","1,39€",https://cdn.intermarche.pt/pt/Content/images/boitmal/produit/zoom/25D5370E4680A485DBAD7F8AAAB278E2.jpg,,/product/biscoito-s-ou-gluten-c-ou-pepitas-de-chocolate/5604260326853
23864,Wafers com creme de cacau sem glúten,8008698001882,11082,10041,Embalagem de 120 g,Schar,,"23,25€/Kg","2,79€",https://cdn.intermarche.pt/pt/Content/images/boitmal/produit/zoom/1A5698D68EC8E5601362224AEFFA0F13.jpg,,/product/wafers-com-creme-de-cacau-sem-gluten/8008698001882
29089,"Farinha sem glúten, 500g",5601066200547,11717,103,,Nacional,,"4,90€/Kg","2,45€",https://cdn.intermarche.pt/pt/Content/images/boitmal/produit/zoom/8AA6B69997F49D1B5868010C40B4FFBB.jpg,2024-09-25T22:59:59.999Z,/product/farinha-sem-gluten-500g/5601066200547
16517,Espirais s/ glúten,5601286260215,11808,10117,Embalagem de 500g,Milaneza,,"5,30€/Kg","2,65€",https://cdn.intermarche.pt/pt/Content/images/boitmal/produit/zoom/56A925808860FBA8046B55A561A8DD98.jpg,,/product/espirais-s-ou-gluten/5601286260215
16518,Esparguete s/ glúten,5601286260222,11808,10117,Embalagem de 500g,Milaneza,,"5,30€/Kg","2,65€",https://cdn.intermarche.pt/pt/Content/images/boitmal/produit/zoom/EC9DE0661B6AD5943187EC116A093870.jpg,,/product/esparguete-s-ou-gluten/5601286260222
10022,Farinha s/ glúten p/ pão,8008698004845,11717,103,Embalagem de 1 kg,Schar,,"4,99€/Kg","4,99€",https://cdn.intermarche.pt/pt/Content/images/boitmal/produit/zoom/5C2F53FB27EFE0257BC8CED47621B0C9.jpg,,/product/farinha-s-ou-gluten-p-ou-pao/8008698004845
31419,Cem porcento-flocos de aveia grossos,5604321002085,11809,10117,Embalagem de 400g,Cemporcento,,"2,48€/Kg","0,99€",https://cdn.intermarche.pt/pt/Content/images/boitmal/produit/zoom/1BB10482D388AEC6662D6D511A88C919.jpg,,/product/cem-porcento-flocos-de-aveia-grossos/5604321002085
48741,Chocolate Preto 70% Cacau s/ Glúten,7613035310506,11809,10117,Embalagem de 120g,Nestlé,,"31,58€/Kg","3,79€",https://cdn.intermarche.pt/pt/Content/images/boitmal/produit/zoom/03D176DC5D44D59664FF30E56A0C37A4.jpg,,/product/chocolate-preto-70%25-cacau-s-ou-gluten/7613035310506
26861,Aveia natural,8410199016164,11809,10117,Embalagem de 500g,Quaker,,"5,98€/Kg","2,99€",https://cdn.intermarche.pt/pt/Content/images/boitmal/produit/zoom/AC0520A719A0A1F7D2E79D33F699E7E8.jpg,,/product/aveia-natural/8410199016164
39677,Flocos de aveia finos sem glúten,5604321031627,10455,10120,Embalagem de 400g,Cemporcento,,"3,98€/Kg","1,59€",https://cdn.intermarche.pt/pt/Content/images/boitmal/produit/zoom/8F4E568D5980EDD93B44D2F83CE06DC8.jpg,,/product/flocos-de-aveia-finos-sem-gluten/5604321031627
39674,Creme de avelãs e cacau para barrar sem glúten,5604321031597,11809,10117,Embalagem de 200g,Cemporcento,,"19,95€/Kg","3,99€",https://cdn.intermarche.pt/pt/Content/images/boitmal/produit/zoom/094FDECAB2CC729185F1E56730F6ECCB.jpg,,/product/creme-de-avelas-e-cacau-para-barrar-sem-gluten/5604321031597
39703,Flocos de aveia grossos sem glúten,5604321032648,10455,10120,Embalagem de 400g,Cemporcento,,"4,48€/Kg","1,79€",https://cdn.intermarche.pt/pt/Content/images/boitmal/produit/zoom/CB1CF250AA5617E5F765E8DDB223078C.jpg,,/product/flocos-de-aveia-grossos-sem-gluten/5604321032648
39766,Cornflakes sem glúten,5604321033966,10455,10120,Embalagem de 250g,Cemporcento,,"10,76€/Kg","2,69€",https://cdn.intermarche.pt/pt/Content/images/boitmal/produit/zoom/AF66A804ED263A4B090658BA07D90556.jpg,,/product/cornflakes-sem-gluten/5604321033966
39767,Honey rings sem glúten,5604321033980,10455,10120,Embalagem de 250g,Cemporcento,,"14,76€/Kg","3,69€",https://cdn.intermarche.pt/pt/Content/images/boitmal/produit/zoom/D94BE45D1BF82C0A2377965BD8429C6C.jpg,,/product/honey-rings-sem-gluten/5604321033980
14720,Pão clássico sem glúten,8008698005576,11567,11564,Embalagem de 300g,Schar,,"10,30€/Kg","3,09€",https://cdn.intermarche.pt/pt/Content/images/boitmal/produit/zoom/660CC4160DCD2D99F6A132745B727B63.jpg,2024-09-25T22:59:59.999Z,/product/pao-classico-sem-gluten/8008698005576
14721,Pão forma cereais sem glúten,8008698007389,11805,10117,Embalagem de 300g,Schar,,"11,13€/Kg","3,34€",https://cdn.intermarche.pt/pt/Content/images/boitmal/produit/zoom/25D9D55C4D35E8530A9694643DEAE008.jpg,2024-09-25T22:59:59.999Z,/product/pao-forma-cereais-sem-gluten/8008698007389
2667,Pão caseiro sem glúten,8008698002599,11805,10117,Embalagem de 240g,Schar,,"16,63€/Kg","3,99€",https://cdn.intermarche.pt/pt/Content/images/boitmal/produit/zoom/76F0CB96A301FA6D68DD9BE80561F61A.jpg,2024-09-25T22:59:59.999Z,/product/pao-caseiro-sem-gluten/8008698002599
24035,Tostas sem glúten,8008698002209,11568,11564,Embalagem de 150g,Schar,,"26,60€/Kg","3,99€",https://cdn.intermarche.pt/pt/Content/images/boitmal/produit/zoom/0B6EC247F55F5F9B1E809A5203B674C1.jpg,,/product/tostas-sem-gluten/8008698002209
49234,Tostas mistura sem glúten,5604260323630,11568,11564,Embalagem de 140g,PorSi Viva Bem,,"21,36€/Kg","2,99€",https://cdn.intermarche.pt/pt/Content/images/boitmal/produit/zoom/38B8248531D945226741632EFB2B9676.jpg,,/product/tostas-mistura-sem-gluten/5604260323630
49235,Tostas multicereais sem glúten,5604260323647,11568,11564,Embalagem de 140g,PorSi Viva Bem,,"21,36€/Kg","2,99€",https://cdn.intermarche.pt/pt/Content/images/boitmal/produit/zoom/303B93A519E276C378262744FC15FCDA.jpg,,/product/tostas-multicereais-sem-gluten/5604260323647
4683,10 douradinhos vegetais,5000116102112,11589,11574,Embalagem de 280g,Iglo green,,"7,11€/Kg","1,99€",https://cdn.intermarche.pt/pt/Content/images/boitmal/produit/zoom/CF300CAA0C70616DE6934C4966C13EB3.jpg,2024-09-25T22:59:59.999Z,/product/10-douradinhos-vegetais/5000116102112
46206,Crispy burgers de proteína vegetal,5000116126453,11587,11574,Embalagem de 200g,Iglo green,,"19,95€/Kg","3,99€",https://cdn.intermarche.pt/pt/Content/images/boitmal/produit/zoom/1C00AAC446A20DAEE750E502C129E931.jpg,2024-09-25T22:59:59.999Z,/product/crispy-burgers-de-proteina-vegetal/5000116126453
41378,Húmus,5604260304844,11645,11641,Embalagem de 200 g,PorSi Viva Bem,,"9,95€/Kg","1,99€",https://cdn.intermarche.pt/pt/Content/images/boitmal/produit/zoom/084E2A080C3962EA0CA49A9196EBC79D.jpg,,/product/humus/5604260304844
44914,Vegalia especialidade vegetariana de soja,5601119345379,10713,10022,Lata com 8 unidades,Nobre,,"17,44€/Kg","2,79€",https://cdn.intermarche.pt/pt/Content/images/boitmal/produit/zoom/54ED9714421A275D2E718198BEFF1393.jpg,,/product/vegalia-especialidade-vegetariana-de-soja/5601119345379
49426,Pizza marguerita pomodori vegan,4001724039655,11584,11574,Embalagem de 340g,Dr. Oetker,,"16,15€/Kg","5,49€",https://cdn.intermarche.pt/pt/Content/images/boitmal/produit/zoom/B9F0A15F27DE01D0C5212ECA229E8606.jpg,,/product/pizza-marguerita-pomodori-vegan/4001724039655
37928,Esparregado de espinafres sem lactose,5604260300631,11586,11574,Embalagem de 360 g,PorSi Viva Bem,,"5,53€/Kg","1,99€",https://cdn.intermarche.pt/pt/Content/images/boitmal/produit/zoom/3BC848FE45B62090BF1B8784687F2057.jpg,,/product/esparregado-de-espinafres-sem-lactose/5604260300631
40895,Lasanha Ricotta e Espinafres,8001665127707,11644,11641,Embalagem de 350g,Rana,,"9,97€/Kg","3,49€",https://cdn.intermarche.pt/pt/Content/images/boitmal/produit/zoom/11F2E9D5A47477E196545D39DAD042A1.jpg,,/product/lasanha-ricotta-e-espinafres/8001665127707
24377,5 Salsichas tofu,5601119268012,11731,10038,Embalagem de 200g,Nobre,,"15,95€/Kg","3,19€",https://cdn.intermarche.pt/pt/Content/images/boitmal/produit/zoom/D936B1BE443D6438C4709B6F92C9964B.jpg,,/product/5-salsichas-tofu/5601119268012
49349,"Preparado Vegan Fatiado Original, 200g",5202390015878,11811,11297,,Violife,,"13,95€/Kg","2,79€",https://cdn.intermarche.pt/pt/Content/images/boitmal/produit/zoom/B1443A7226FC2A08F3E5118776236621.jpg,,/product/preparado-vegan-fatiado-original-200g/5202390015878
24378,5 Salsichas soja,5601119268029,11731,10038,Embalagem de 200g,Nobre,,"14,95€/Kg","2,99€",https://cdn.intermarche.pt/pt/Content/images/boitmal/produit/zoom/97BBC19A41A402E687839695634025E2.jpg,,/product/5-salsichas-soja/5601119268029
49352,"Preparado Vegan Cheddar Fatiado, 200g",5202390015885,11811,11297,,Violife,,"14,95€/Kg","2,99€",https://cdn.intermarche.pt/pt/Content/images/boitmal/produit/zoom/02FC7B2235CDF716CD3C197FE53E1887.jpg,,/product/preparado-vegan-cheddar-fatiado-200g/5202390015885
50440,"Salsichas vegan izidoro 5un frasco, 220g",5602348100968,11731,10038,,Izidoro,,"22,68€/Kg","4,99€",https://cdn.intermarche.pt/pt/Content/images/boitmal/produit/zoom/6184DDD6C2581D6F1B3575CAD81059AA.jpg,,/product/salsichas-vegan-izidoro-5un-frasco-220g/5602348100968
49351,"Preparado Vegan Bloco Estilo Grego, 200g",5202390020407,11811,11297,,Violife,,"14,95€/Kg","2,99€",https://cdn.intermarche.pt/pt/Content/images/boitmal/produit/zoom/FB38E4EC7152BEBBC87C529E13451E8C.jpg,,/product/preparado-vegan-bloco-estilo-grego-200g/5202390020407
50032,"Preparado Vegan Fatiado Sabor Frango, 100g",5202390028519,11811,11297,,Violife,,"29,90€/Kg","2,99€",https://cdn.intermarche.pt/pt/Content/images/boitmal/produit/zoom/1F9731293CE647790880C52823598D23.jpg,,/product/preparado-vegan-fatiado-sabor-frango-100g/5202390028519
53093,"Fatiado Sabor a Fiambre, 100g",5202390028496,11562,11550,,Violife,,"29,90€/Kg","2,99€",https://cdn.intermarche.pt/pt/Content/images/boitmal/produit/zoom/08F563B33FC5E0232B272CB8C1270FCE.jpg,,/product/fatiado-sabor-a-fiambre-100g/5202390028496
53092,"Fatiado Sabor a Peru, 100g",5202390028502,11562,11550,,Violife,,"29,90€/Kg","2,99€",https://cdn.intermarche.pt/pt/Content/images/boitmal/produit/zoom/9C611D261E13094F5141AACBA496CA37.jpg,,/product/fatiado-sabor-a-peru-100g/5202390028502
28621,"Gelatina de coco origem vegetal,  130g",5603697270937,10800,10060,,Koala,,"6,85€/Kg","0,89€",https://cdn.intermarche.pt/pt/Content/images/boitmal/produit/zoom/C6A2B62FAF931255677C85EF540283F7.jpg,2024-09-25T22:59:59.999Z,/product/gelatina-de-coco-origem-vegetal-130g/5603697270937
46486,Preparado sobremesa vegetal de morango,5604260319220,11740,10047,2 x 90 g,PorSi Viva Bem,,"8,28€/Kg","1,49€",https://cdn.intermarche.pt/pt/Content/images/boitmal/produit/zoom/095DA363411E53DD4FF2662352CB0C03.jpg,,/product/preparado-sobremesa-vegetal-de-morango/5604260319220
46485,Preparado sobremesa vegetal de ananás,5604260319206,11740,10047,2 x 90 g,PorSi Viva Bem,,"8,28€/Kg","1,49€",https://cdn.intermarche.pt/pt/Content/images/boitmal/produit/zoom/2CD3722522ECCEA6751BE63959FA38E7.jpg,,/product/preparado-sobremesa-vegetal-de-ananas/5604260319206
46487,Preparado sobremesa vegetal de frutos vermelhos,5604260319213,11740,10047,2 x 90 g,PorSi Viva Bem,,"8,28€/Kg","1,49€",https://cdn.intermarche.pt/pt/Content/images/boitmal/produit/zoom/B33C2235945702F90E29CC3656085FB5.jpg,,/product/preparado-sobremesa-vegetal-de-frutos-vermelhos/5604260319213
47787,Molho vegan sabor a maionese,5604260322954,11721,105,Embalagem de 270 g,PorSi Viva Bem,,"5,52€/Kg","1,49€",https://cdn.intermarche.pt/pt/Content/images/boitmal/produit/zoom/30703E7BD7916CBD62C9A82847ED3FE3.jpg,,/product/molho-vegan-sabor-a-maionese/5604260322954
41219,Soja Fina Granulada,5604260307968,10713,10022,Embalagem de 400 g,PorSi Viva Bem,,"4,73€/Kg","1,89€",https://cdn.intermarche.pt/pt/Content/images/boitmal/produit/zoom/E647FB378B5EC4577B802330F6A97111.jpg,,/product/soja-fina-granulada/5604260307968
41222,Quinoa branca,5604260307944,10456,10120,Embalagem de 200 g,PorSi Viva Bem,,"5,95€/Kg","1,19€",https://cdn.intermarche.pt/pt/Content/images/boitmal/produit/zoom/2B34A4676E735265944389F32CC75275.jpg,,/product/quinoa-branca/5604260307944
41220,Soja Nacos,5604260307975,10713,10022,Embalagem de 400 g,PorSi Viva Bem,,"4,48€/Kg","1,79€",https://cdn.intermarche.pt/pt/Content/images/boitmal/produit/zoom/FF443E6200B6A0C71EF18085A9CBC567.jpg,,/product/soja-nacos/5604260307975
12066,Bebida de soja com cálcio,5604260194063,10711,10022,Embalagem de 1 litro,PorSi Viva Bem,,"0,83€/L","0,83€",https://cdn.intermarche.pt/pt/Content/images/boitmal/produit/zoom/2FD1D2C870104A87A3968C8068525FFA.jpg,,/product/bebida-de-soja-com-calcio/5604260194063
14437,Bebida Vegetal Amêndoa,5411188110835,10711,10022,Embalagem de 1 litro,Alpro,,"2,49€/L","2,49€",https://cdn.intermarche.pt/pt/Content/images/boitmal/produit/zoom/6B753F65EC27A078C0F05C1BE13557F2.jpg,,/product/bebida-vegetal-amendoa/5411188110835
8222,Bebida Vegetal de Soja com Cálcio,5411188553304,10711,10022,Embalagem de 1 l,Alpro,,"1,99€/L","1,99€",https://cdn.intermarche.pt/pt/Content/images/boitmal/produit/zoom/545BAB00502BFD84583926EFDBFE9F24.jpg,,/product/bebida-vegetal-de-soja-com-calcio/5411188553304
14510,Bebida Vegetal Coco,5411188116592,10711,10022,Embalagem de 1L,Alpro,,"2,49€/L","2,49€",https://cdn.intermarche.pt/pt/Content/images/boitmal/produit/zoom/1987CA16F4DDFE322033D82C2A376E65.jpg,,/product/bebida-vegetal-coco/5411188116592
48157,Bebida de soja s/ açúcar,5604260321261,10711,10022,Embalagem de 1 litro,PorSi Viva Bem,,"0,89€/L","0,89€",https://cdn.intermarche.pt/pt/Content/images/boitmal/produit/zoom/7C840C9AA80A8A587DE7E0362CD9F3E4.jpg,,/product/bebida-de-soja-s-ou-acucar/5604260321261
14508,Bebida de Soja Sem Açúcar,5411188115496,10711,10022,Embalagem de 1L,Alpro,,"2,58€/L","2,58€",https://cdn.intermarche.pt/pt/Content/images/boitmal/produit/zoom/59C7541613D2AEC2ECBE5B108019BE70.jpg,,/product/bebida-de-soja-sem-acucar/5411188115496
33090,Bebida Vegetal Amêndoa Sem Açúcar,5411188112709,10711,10022,Embalagem de 1 litro,Alpro,,"2,59€/L","2,59€",https://cdn.intermarche.pt/pt/Content/images/boitmal/produit/zoom/B38D6D806CDAB94AD756A0104DD1E4F1.jpg,,/product/bebida-vegetal-amendoa-sem-acucar/5411188112709
43119,Creme Soja Culinária,5411188121374,10711,10022,250 ml,Alpro,,"7,16€/L","1,79€",https://cdn.intermarche.pt/pt/Content/images/boitmal/produit/zoom/D15B7B38D91CC175C182EC3CD6256940.jpg,,/product/creme-soja-culinaria/5411188121374
17595,Bebida Vegetal Aveia,5411188115366,10711,10022,Embalagem de 1 litro,Alpro,,"2,49€/L","2,49€",https://cdn.intermarche.pt/pt/Content/images/boitmal/produit/zoom/022F75688FDF46C20D85292C59BA5F61.jpg,,/product/bebida-vegetal-aveia/5411188115366
41265,Bebida Soja Chocolate Light,5411188122074,10711,10022,Embalagem de 3x250ml,Alpro,,"3,99€/L","2,99€",https://cdn.intermarche.pt/pt/Content/images/boitmal/produit/zoom/24A030ACCC569B6A2D4040A5E6B6BA79.jpg,,/product/bebida-soja-chocolate-light/5411188122074
30728,Bebida de Soja Natural,5604260283460,10711,10022,Pack: 3 x 200 ml,PorSi Viva Bem,,"1,65€/L","0,99€",https://cdn.intermarche.pt/pt/Content/images/boitmal/produit/zoom/F78854067E640A149A978F97962EEB36.jpg,,/product/bebida-de-soja-natural/5604260283460
9680,Bebida soja light,5604260270071,10711,10022,Embalagem de 1 l,PorSi Viva Bem,,"0,85€/L","0,85€",https://cdn.intermarche.pt/pt/Content/images/boitmal/produit/zoom/CE6A380B97A52E78C8A3C79E7B37E40B.jpg,,/product/bebida-soja-light/5604260270071
29717,Bebida de Soja Baunilha,5604260246328,10711,10022,1 l,PorSi Viva Bem,,"9,40€/L","0,94€",https://cdn.intermarche.pt/pt/Content/images/boitmal/produit/zoom/388ED56140A02064AC98B102184E584C.jpg,,/product/bebida-de-soja-baunilha/5604260246328
38100,Bebida Soja Chocolate,5411188121978,10711,10022,Embalagem de 3 x 250 ml,Alpro,,"3,72€/L","2,79€",https://cdn.intermarche.pt/pt/Content/images/boitmal/produit/zoom/531C9AE9DF8EE88CA3F9472E24421682.jpg,,/product/bebida-soja-chocolate/5411188121978
14509,Bebida de soja baunilha,5411188115533,10711,10022,Embalagem de 1L,Alpro,,"2,49€/L","2,49€",https://cdn.intermarche.pt/pt/Content/images/boitmal/produit/zoom/CC3EB204FB7E42571369231C3EB15D86.jpg,,/product/bebida-de-soja-baunilha/5411188115533
39423,Bifes de soja desidratados,5604321030668,10711,10022,Embalagem de 250g,Cemporcento,,"7,96€/Kg","1,99€",https://cdn.intermarche.pt/pt/Content/images/boitmal/produit/zoom/D63407E7CD17D43E163212AA7EA446DE.jpg,,/product/bifes-de-soja-desidratados/5604321030668
41355,Shoyce protein v,5600798962013,10711,10022,Garrafa de 200 ml,Shoyce,,"4,65€/L","0,93€",https://cdn.intermarche.pt/pt/Content/images/boitmal/produit/zoom/F80D78DD63C7B8201489B1E34E3AECEA.jpg,,/product/shoyce-protein-v/5600798962013
49542,Bebida de amêndoa s/ açúcar,5604260323906,10711,10022,Embalagem de 1 litro,PorSi Viva Bem,,"1,39€/L","1,39€",https://cdn.intermarche.pt/pt/Content/images/boitmal/produit/zoom/C168C477F332E00B239870302BB66F25.jpg,,/product/bebida-de-amendoa-s-ou-acucar/5604260323906
30729,Bebida de Soja Chocolate,5604260283477,10711,10022,Pack: 3 x 200 ml,PorSi Viva Bem,,"1,92€/L","1,15€",https://cdn.intermarche.pt/pt/Content/images/boitmal/produit/zoom/5A8796AFE701315A8F352A18CA856922.jpg,,/product/bebida-de-soja-chocolate/5604260283477
42849,Bio bebida soja natural,5604260308019,10711,10022,embalagem de 1 litro,PorSi Bio,,"0,94€/L","0,94€",https://cdn.intermarche.pt/pt/Content/images/boitmal/produit/zoom/50113C609AD009D3B2D0CF48196D2F7D.jpg,,/product/bio-bebida-soja-natural/5604260308019
12070,Bebida de soja e chocolate,5604260246335,10711,10022,Embalagem de 1 l,PorSi Viva Bem,,"0,94€/L","0,94€",https://cdn.intermarche.pt/pt/Content/images/boitmal/produit/zoom/D2335486F133370B0221D2801B55E431.jpg,,/product/bebida-de-soja-e-chocolate/5604260246335
18094,Bebida de soja,5600798960132,10711,10022,Embalagem de 1 litro,Shoyce,,"1,59€/L","1,59€",https://cdn.intermarche.pt/pt/Content/images/boitmal/produit/zoom/0F94B4EFEA92FA6E3F2FA78D90248130.jpg,,/product/bebida-de-soja/5600798960132
11405,"Yofu de soja natural,  4x125 g",5411188104971,10712,10022,,Alpro,,"5,18€/Kg","2,59€",https://cdn.intermarche.pt/pt/Content/images/boitmal/produit/zoom/1A17CE49E442E2ABF8EEBC128106404D.jpg,,/product/yofu-de-soja-natural-4x125-g/5411188104971
42850,"Especialidade de soja natural,  4 x 100 g",5604260307623,10712,10022,,PorSi Viva Bem,,"2,98€/Kg","1,19€",https://cdn.intermarche.pt/pt/Content/images/boitmal/produit/zoom/C134891A4F8FC6F557EDD77EF9E2B8C2.jpg,,/product/especialidade-de-soja-natural-4-x-100-g/5604260307623
38418,"Yofu soja e manga sem açúcar adicionado,  400g",5411188125808,10712,10022,,Alpro,,"6,48€/Kg","2,59€",https://cdn.intermarche.pt/pt/Content/images/boitmal/produit/zoom/885BBE235F65985068DF78EED08A47BE.jpg,,/product/yofu-soja-e-manga-sem-acucar-adicionado-400g/5411188125808
42857,"Especialidade soja frutos vermelhos,  4 x 100 g",5604260307616,10712,10022,,PorSi Viva Bem,,"3,23€/Kg","1,29€",https://cdn.intermarche.pt/pt/Content/images/boitmal/produit/zoom/44C0EBDC09DBEA43EC86AEAB0B3B5E76.jpg,,/product/especialidade-soja-frutos-vermelhos-4-x-100-g/5604260307616
49401,"Soja Ananás Maracujá Sem Açúcar,  400g",5411188133759,10712,10022,,Alpro,,"6,48€/Kg","2,59€",https://cdn.intermarche.pt/pt/Content/images/boitmal/produit/zoom/D6B96CDF233EF989EC5DE3223EBE6B42.jpg,,/product/soja-ananas-maracuja-sem-acucar-400g/5411188133759
11403,"Yofu com pedaços de mirtilo,  4x125 g",5411188100324,10712,10022,,Alpro,,"5,18€/Kg","2,59€",https://cdn.intermarche.pt/pt/Content/images/boitmal/produit/zoom/A16B1848AAE46EC6E247323D1789AB93.jpg,,/product/yofu-com-pedacos-de-mirtilo-4x125-g/5411188100324
42852,"Soja polpa fruta,  8 x 100 g",5604260307647,10712,10022,,PorSi Viva Bem,,"3,24€/Kg","2,59€",https://cdn.intermarche.pt/pt/Content/images/boitmal/produit/zoom/12C365D3869AC06A495F95E8B0211C2C.jpg,,/product/soja-polpa-fruta-8-x-100-g/5604260307647
42855,"Especialidade de soja chocolate,  4 x 100 g",5604260307593,10712,10022,,PorSi Viva Bem,,"4,23€/Kg","1,69€",https://cdn.intermarche.pt/pt/Content/images/boitmal/produit/zoom/C1DAF422659817A37EBFFCA09F7D576E.jpg,,/product/especialidade-de-soja-chocolate-4-x-100-g/5604260307593
8207,"Sobremesa de soja e baunilha,  4x125 g",5411188094111,10712,10022,,Alpro,,"5,58€/Kg","2,79€",https://cdn.intermarche.pt/pt/Content/images/boitmal/produit/zoom/B08D66721A1CA6EF25FCBF384079EE37.jpg,,/product/sobremesa-de-soja-e-baunilha-4x125-g/5411188094111
8215,"Yofu com polpa de fruta,  4x125 g",5411188112655,10712,10022,,Alpro,,"5,18€/Kg","2,59€",https://cdn.intermarche.pt/pt/Content/images/boitmal/produit/zoom/0D83B3467DE4D626C94D73CEED2B42C7.jpg,,/product/yofu-com-polpa-de-fruta-4x125-g/5411188112655
11406,"Yofu pedaços, 2 pêssegos, 2 frutas exóticas",5411188106876,10712,10022,Embalagem de 4x125 g,Alpro,,"5,18€/Kg","2,59€",https://cdn.intermarche.pt/pt/Content/images/boitmal/produit/zoom/118B0F0A9586EDE5C86FA9238231DF53.jpg,,/product/yofu-pedacos-2-pessegos-2-frutas-exoticas/5411188106876
42856,"Especialidade soja baunilha,  4 x 100 g",5604260307609,10712,10022,,PorSi Viva Bem,,"4,23€/Kg","1,69€",https://cdn.intermarche.pt/pt/Content/images/boitmal/produit/zoom/02BB8E7875983435FD4BFEB05C4E4758.jpg,,/product/especialidade-soja-baunilha-4-x-100-g/5604260307609
49402,"Soja frutos vermelhos tâmaras,  400g",5411188136347,10712,10022,,Alpro,,"6,48€/Kg","2,59€",https://cdn.intermarche.pt/pt/Content/images/boitmal/produit/zoom/4BE8EFA56372C8FC206464D94531C69F.jpg,,/product/soja-frutos-vermelhos-tamaras-400g/5411188136347
12543,Molho de soja com dispenser,8715035110106,10863,10022,Garrafa de 150 ml,Kikkoman,,"18,33€/L","2,75€",https://cdn.intermarche.pt/pt/Content/images/boitmal/produit/zoom/E8611ECF65ED107981620F2AF615D891.jpg,2024-09-25T22:59:59.999Z,/product/molho-de-soja-com-dispenser/8715035110106
12544,Molho de soja c/ dispensador redução sal,8715035130104,10863,10022,150 ml,Kikkoman,,"18,33€/L","2,75€",https://cdn.intermarche.pt/pt/Content/images/boitmal/produit/zoom/3185F14E80F87DB6984D42F685CB1500.jpg,2024-09-25T22:59:59.999Z,/product/molho-de-soja-c-ou-dispensador-reducao-sal/8715035130104
42165,Creme culinário soja,5604260307586,10863,10022,Embalagem de 200 ml,PorSi Viva Bem,,"4,95€/L","0,99€",https://cdn.intermarche.pt/pt/Content/images/boitmal/produit/zoom/4DBA9320DAD6FA088C0CEA11CD473757.jpg,,/product/creme-culinario-soja/5604260307586
41219,Soja Fina Granulada,5604260307968,10713,10022,Embalagem de 400 g,PorSi Viva Bem,,"4,73€/Kg","1,89€",https://cdn.intermarche.pt/pt/Content/images/boitmal/produit/zoom/E647FB378B5EC4577B802330F6A97111.jpg,,/product/soja-fina-granulada/5604260307968
44914,Vegalia especialidade vegetariana de soja,5601119345379,10713,10022,Lata com 8 unidades,Nobre,,"17,44€/Kg","2,79€",https://cdn.intermarche.pt/pt/Content/images/boitmal/produit/zoom/54ED9714421A275D2E718198BEFF1393.jpg,,/product/vegalia-especialidade-vegetariana-de-soja/5601119345379
38990,"Soja Grossa Granulada, 400g",5604321002139,10713,10022,,Cemporcento,,"4,73€/Kg","1,89€",https://cdn.intermarche.pt/pt/Content/images/boitmal/produit/zoom/5A5B1FEFA6B7057E5BB338652F331E5B.jpg,,/product/soja-grossa-granulada-400g/5604321002139
41220,Soja Nacos,5604260307975,10713,10022,Embalagem de 400 g,PorSi Viva Bem,,"4,48€/Kg","1,79€",https://cdn.intermarche.pt/pt/Content/images/boitmal/produit/zoom/FF443E6200B6A0C71EF18085A9CBC567.jpg,,/product/soja-nacos/5604260307975
39333,Proti Soja Grânulos,5601557005071,10713,10022,Embalagem de 400g,Salutem,,"4,98€/Kg","1,99€",https://cdn.intermarche.pt/pt/Content/images/boitmal/produit/zoom/049AB3B177277690F6406471CCF7CCA6.jpg,,/product/proti-soja-granulos/5601557005071
39334,Proti Soja Naco,5601557005095,10713,10022,Embalagem de 400g,Salutem,,"5,98€/Kg","2,39€",https://cdn.intermarche.pt/pt/Content/images/boitmal/produit/zoom/945D4565CBE706085B880E4F777B1D11.jpg,,/product/proti-soja-naco/5601557005095
40032,Bifes de soja ao natural,5604321026814,10713,10022,Embalagem de 250g,Cemporcento,,"15,96€/Kg","3,99€",https://cdn.intermarche.pt/pt/Content/images/boitmal/produit/zoom/9B42E5F3A7D5DF6208572FFEF4CDF335.jpg,,/product/bifes-de-soja-ao-natural/5604321026814
43406,Arroz integral,5604260310364,10456,10120,Embalagem de 1 kg,PorSi Viva Bem,,"1,48€/Kg","1,48€",https://cdn.intermarche.pt/pt/Content/images/boitmal/produit/zoom/1A54CCE5D98AD480EAE3D8242AF2F0F9.jpg,,/product/arroz-integral/5604260310364
31421,Lentilhas verdes,5604321002177,10456,10120,Embalagem de 500g,Cemporcento,,"3,78€/Kg","1,89€",https://cdn.intermarche.pt/pt/Content/images/boitmal/produit/zoom/FD3D8658F01F04455602FAD9EE6318B4.jpg,,/product/lentilhas-verdes/5604321002177
43404,Esparguete integral,5604260310975,10456,10120,Embalagem de 500g,PorSi Viva Bem,,"2,38€/Kg","1,19€",https://cdn.intermarche.pt/pt/Content/images/boitmal/produit/zoom/69ACD5D85C8DEE17696C6B441A062A49.jpg,,/product/esparguete-integral/5604260310975
43405,Espirais integrais,5604260310968,10456,10120,Embalagem de 500g,PorSi Viva Bem,,"2,38€/Kg","1,19€",https://cdn.intermarche.pt/pt/Content/images/boitmal/produit/zoom/7B14457947B085CBE91EF251589C349C.jpg,,/product/espirais-integrais/5604260310968
41222,Quinoa branca,5604260307944,10456,10120,Embalagem de 200 g,PorSi Viva Bem,,"5,95€/Kg","1,19€",https://cdn.intermarche.pt/pt/Content/images/boitmal/produit/zoom/2B34A4676E735265944389F32CC75275.jpg,,/product/quinoa-branca/5604260307944
38997,Esparguete integral,5604321002245,10456,10120,Embalagem de 500g,Cemporcento,,"2,78€/Kg","1,39€",https://cdn.intermarche.pt/pt/Content/images/boitmal/produit/zoom/6768266F4DE77E2826C73C14232901DF.jpg,,/product/esparguete-integral/5604321002245
38984,Granola + classica,5604321002023,10456,10120,Embalagem de 375g,Cemporcento,,"6,64€/Kg","2,49€",https://cdn.intermarche.pt/pt/Content/images/boitmal/produit/zoom/320FD9F3923F43C55B877C9877492EAE.jpg,,/product/granola-+-classica/5604321002023
38980,Cem porcento-lentilhas vermelhas,5604321000227,10456,10120,Embalagem de 500g,Cemporcento,,"3,58€/Kg","1,79€",https://cdn.intermarche.pt/pt/Content/images/boitmal/produit/zoom/D8721B783ECC4192E5EB8F5436043F9A.jpg,,/product/cem-porcento-lentilhas-vermelhas/5604321000227
38991,Arroz integral extra longo,5604321002160,10456,10120,Embalagem de 1 kg,Cemporcento,,"1,69€/Kg","1,69€",https://cdn.intermarche.pt/pt/Content/images/boitmal/produit/zoom/487227DA9770C546118728A2593B2FA2.jpg,,/product/arroz-integral-extra-longo/5604321002160
39050,Couscous tradicional,5604321020379,10456,10120,Embalagem de 500g,Cemporcento,,"4,44€/Kg","2,22€",https://cdn.intermarche.pt/pt/Content/images/boitmal/produit/zoom/6B0D0CADCCEECD98588E36CE75A448C9.jpg,,/product/couscous-tradicional/5604321020379
46196,"Pudim Rico em Proteína de Baunilha,  200g",4002971301700,10456,10120,,Ehrmann,,"9,45€/Kg","1,89€",https://cdn.intermarche.pt/pt/Content/images/boitmal/produit/zoom/E2B38EE83181E9C60CC5BA4A36E9CB32.jpg,,/product/pudim-rico-em-proteina-de-baunilha-200g/4002971301700
39015,Frutose,5604321006014,10456,10120,Embalagem de 250g,Cemporcento,,"7,96€/Kg","1,99€",https://cdn.intermarche.pt/pt/Content/images/boitmal/produit/zoom/664FC314C9FC8576A88720E8B516E534.jpg,,/product/frutose/5604321006014
39139,Esparguete integral,5601557803844,10456,10120,Embalagem de 500g,Salutem,,"3,58€/Kg","1,79€",https://cdn.intermarche.pt/pt/Content/images/boitmal/produit/zoom/6F106A12E4C0D45CFB924A31594E59C5.jpg,,/product/esparguete-integral/5601557803844
39443,Fel da terra planta inteira,5604321035441,10456,10120,Embalagem de 40g,Cemporcento,,"37,25€/Kg","1,49€",https://cdn.intermarche.pt/pt/Content/images/boitmal/produit/zoom/C927AA7881FE303F3EC543A20525D8BC.jpg,,/product/fel-da-terra-planta-inteira/5604321035441
39470,Mix panquecas proteicas,5604321037629,10456,10120,Embalagem de 500g,Cemporcento,,"6,18€/Kg","3,09€",https://cdn.intermarche.pt/pt/Content/images/boitmal/produit/zoom/3E036BBEAA531ED7E2B95FA02BB8EDFF.jpg,,/product/mix-panquecas-proteicas/5604321037629
39477,"Tapioca granulada, 250g",5604321028207,10456,10120,,Cemporcento,,"7,96€/Kg","1,99€",https://cdn.intermarche.pt/pt/Content/images/boitmal/produit/zoom/3C253E18E03DDCD721915C699AD51756.jpg,,/product/tapioca-granulada-250g/5604321028207
39563,Gengibre em pó bio,5604321035496,10456,10120,Embalagem de 75g,Cemporcento,,"51,87€/Kg","3,89€",https://cdn.intermarche.pt/pt/Content/images/boitmal/produit/zoom/A3E1D28A838D199008E66ED04ADC7B44.jpg,,/product/gengibre-em-po-bio/5604321035496
39670,Millet (milho painço),5604321029679,10456,10120,Embalagem de 500g,Cemporcento,,"4,58€/Kg","2,29€",https://cdn.intermarche.pt/pt/Content/images/boitmal/produit/zoom/DCFE6AE16368C50EEFDC5B68544FADD9.jpg,,/product/millet-(milho-painco)/5604321029679
39727,Crispies de arroz +,5604321033249,10456,10120,Embalagem de 250g,Cemporcento,,"10,76€/Kg","2,69€",https://cdn.intermarche.pt/pt/Content/images/boitmal/produit/zoom/FD89F0D84A2BEAA93ABF94EBBBDEE7E1.jpg,,/product/crispies-de-arroz-+/5604321033249
39894,Gengibre desidratado em cubos,5604321029778,10456,10120,Embalagem de 100g,Cemporcento,,"19,90€/Kg","1,99€",https://cdn.intermarche.pt/pt/Content/images/boitmal/produit/zoom/A9689EF92D0401BAC8DBF7D8A8BB64DE.jpg,,/product/gengibre-desidratado-em-cubos/5604321029778
39899,Mix de sementes tradicional,5604321029822,10456,10120,Embalagem de 250g,Cemporcento,,"7,16€/Kg","1,79€",https://cdn.intermarche.pt/pt/Content/images/boitmal/produit/zoom/A803EFD3BF2CED3A3A44542F3D26E3AC.jpg,,/product/mix-de-sementes-tradicional/5604321029822
38998,Macarronete integral,5604321002269,10456,10120,Embalagem de 250g,Cemporcento,,"3,96€/Kg","0,99€",https://cdn.intermarche.pt/pt/Content/images/boitmal/produit/zoom/527AF6008B0939B49E85735302C24454.jpg,,/product/macarronete-integral/5604321002269
38996,Levedura de cerveja,5604321002238,10454,10120,Embalagem de 150g,Cemporcento,,"25,27€/Kg","3,79€",https://cdn.intermarche.pt/pt/Content/images/boitmal/produit/zoom/12ADD48D00635921A69E8A275A41CED0.jpg,,/product/levedura-de-cerveja/5604321002238
39663,"Quinoa real em grão, 400g",5604321030408,10454,10120,,Cemporcento,,"5,48€/Kg","2,19€",https://cdn.intermarche.pt/pt/Content/images/boitmal/produit/zoom/79FEDF424393073CF35E1A4003345E4B.jpg,,/product/quinoa-real-em-grao-400g/5604321030408
39862,Farinha de aveia integral,5604321029143,10454,10120,Embalagem de 400g,Cemporcento,,"3,23€/Kg","1,29€",https://cdn.intermarche.pt/pt/Content/images/boitmal/produit/zoom/352BC8CDFBD2DCA76ABFA8C45F9E0AA4.jpg,,/product/farinha-de-aveia-integral/5604321029143
36898,Sementes de chia,5604260283330,10454,10120,Embalagem de 150 g,PorSi Viva Bem,,"9,93€/Kg","1,49€",https://cdn.intermarche.pt/pt/Content/images/boitmal/produit/zoom/272D244DF51858D1EBEC05C171904820.jpg,,/product/sementes-de-chia/5604260283330
43852,Farinha trigo integral,5604260310524,10454,10120,Embalagem de 1 kg,PorSi Viva Bem,,"0,79€/Kg","0,79€",https://cdn.intermarche.pt/pt/Content/images/boitmal/produit/zoom/C27C1457CBAB6F218C7E478A2853E2F7.jpg,,/product/farinha-trigo-integral/5604260310524
41221,Sementes de abóbora,5604260307951,10454,10120,Embalagem de 200 g,PorSi Viva Bem,,"8,95€/Kg","1,79€",https://cdn.intermarche.pt/pt/Content/images/boitmal/produit/zoom/95E9092F913AC5AC18BE2077CCE6F661.jpg,,/product/sementes-de-abobora/5604260307951
36900,Sementes de linhaça dourada,5604260283354,10454,10120,Embalagem de 250 g,PorSi Viva Bem,,"3,96€/Kg","0,99€",https://cdn.intermarche.pt/pt/Content/images/boitmal/produit/zoom/841CD2603444B6FA0E6E84C48BD27E46.jpg,,/product/sementes-de-linhaca-dourada/5604260283354
39503,Linhaça castanha moída,5604321034925,10454,10120,Embalagem de 200g,Cemporcento,,"7,45€/Kg","1,49€",https://cdn.intermarche.pt/pt/Content/images/boitmal/produit/zoom/E1953F59E941450ABAA7DFD76D869DA4.jpg,,/product/linhaca-castanha-moida/5604321034925
31435,Linhaça dourada e moída,5604321028009,10454,10120,Embalagem de 200g,Cemporcento,,"7,95€/Kg","1,59€",https://cdn.intermarche.pt/pt/Content/images/boitmal/produit/zoom/426D3047AE4804C0385E77595B6DF231.jpg,,/product/linhaca-dourada-e-moida/5604321028009
39184,Semente papoila,5601557048795,10454,10120,Embalagem de 125g,Salutem,,"10,32€/Kg","1,29€",https://cdn.intermarche.pt/pt/Content/images/boitmal/produit/zoom/3B1F3579370B9976A77C3CDF016596DE.jpg,,/product/semente-papoila/5601557048795
31426,"Sementes de abóbora, 150g",5604321021802,10454,10120,,Cemporcento,,"13,27€/Kg","1,99€",https://cdn.intermarche.pt/pt/Content/images/boitmal/produit/zoom/0D08B0910916BC2A4013A4F07C440912.jpg,,/product/sementes-de-abobora-150g/5604321021802
39185,Bagas de goji,5601557048887,10454,10120,Embalagem de 100g,Salutem,,"23,90€/Kg","2,39€",https://cdn.intermarche.pt/pt/Content/images/boitmal/produit/zoom/8C234200DC129A6EC5D25F6A18CF4DF8.jpg,,/product/bagas-de-goji/5601557048887
39865,Linhaça dourada moída,5604321029174,10454,10120,Embalagem de 1 kg,Cemporcento,,"4,29€/Kg","4,29€",https://cdn.intermarche.pt/pt/Content/images/boitmal/produit/zoom/1D4A9796D548F5E2C625EB97565933A4.jpg,,/product/linhaca-dourada-moida/5604321029174
39892,"Sementes de chia, 150g",5604321029747,10454,10120,,Cemporcento,,"10,60€/Kg","1,59€",https://cdn.intermarche.pt/pt/Content/images/boitmal/produit/zoom/2AB9A58314F5BBEB44F4DBD77B6D30FD.jpg,,/product/sementes-de-chia-150g/5604321029747
39893,Linhaça dourada moída,5604321029761,10454,10120,Embalagem de 200g,Cemporcento,,"7,45€/Kg","1,49€",https://cdn.intermarche.pt/pt/Content/images/boitmal/produit/zoom/B3A3571351FE388EA931902675D8B2A6.jpg,,/product/linhaca-dourada-moida/5604321029761
39921,Sementes de chia,5604321030644,10454,10120,Embalagem de 300g,Cemporcento,,"8,97€/Kg","2,69€",https://cdn.intermarche.pt/pt/Content/images/boitmal/produit/zoom/5BE6A551BC96DAF416203D9168F7E712.jpg,,/product/sementes-de-chia/5604321030644
39974,Cem porcento-farinha de alfarroba,5604321022557,10454,10120,Embalagem de 250g,Cemporcento,,"6,76€/Kg","1,69€",https://cdn.intermarche.pt/pt/Content/images/boitmal/produit/zoom/D85AEBB3E036D58F175F6F8DC3C074BA.jpg,,/product/cem-porcento-farinha-de-alfarroba/5604321022557
31420,Soja Fina Granulada,5604321002146,10454,10120,Embalagem de 400g,Cemporcento,,"4,73€/Kg","1,89€",https://cdn.intermarche.pt/pt/Content/images/boitmal/produit/zoom/5643FA6E8EDDB59F814D2BCB031554BA.jpg,,/product/soja-fina-granulada/5604321002146
38958,Semente pevide abóbora,5601557047316,10454,10120,Embalagem de 200g,Salutem,,"13,95€/Kg","2,79€",https://cdn.intermarche.pt/pt/Content/images/boitmal/produit/zoom/7E918C4A4B47A1B6CB2BCBBBA4FCE979.jpg,,/product/semente-pevide-abobora/5601557047316
39064,Farinha de centeio,5604321021772,10454,10120,Embalagem de 500g,Cemporcento,,"2,58€/Kg","1,29€",https://cdn.intermarche.pt/pt/Content/images/boitmal/produit/zoom/BD35BFB6C42B650EE2E446578AAA8B06.jpg,,/product/farinha-de-centeio/5604321021772
39160,Semente linhaça castanha,5601557045381,10454,10120,Embalagem de 250g,Salutem,,"5,96€/Kg","1,49€",https://cdn.intermarche.pt/pt/Content/images/boitmal/produit/zoom/3A0CA12FEC1A4693DBF96BD2B6469B0F.jpg,,/product/semente-linhaca-castanha/5601557045381
39387,Farelo de aveia,5601557039328,10454,10120,Embalagem de 200g,Salutem,,"3,95€/Kg","0,79€",https://cdn.intermarche.pt/pt/Content/images/boitmal/produit/zoom/C1E4515D0C87C078CF1BDFB404A3D4D8.jpg,,/product/farelo-de-aveia/5601557039328
39433,"Quinoa branca em grão, 1 kg",5604321030828,10454,10120,,Cemporcento,,"4,99€/Kg","4,99€",https://cdn.intermarche.pt/pt/Content/images/boitmal/produit/zoom/3C256406EB870A26B6A7962A4BBFD971.jpg,,/product/quinoa-branca-em-grao-1-kg/5604321030828
39456,Farelo de aveia pacote,5604321029754,10454,10120,Embalagem de 400g,Cemporcento,,"2,98€/Kg","1,19€",https://cdn.intermarche.pt/pt/Content/images/boitmal/produit/zoom/A0B62307A8A9BDBCFF410D24F93FE65F.jpg,,/product/farelo-de-aveia-pacote/5604321029754
39478,Levedura de cerveja em flocos,5604321028269,10454,10120,Embalagem de 100g,Cemporcento,,"32,90€/Kg","3,29€",https://cdn.intermarche.pt/pt/Content/images/boitmal/produit/zoom/131A430E16E140D24EBFF2B173F2962D.jpg,,/product/levedura-de-cerveja-em-flocos/5604321028269
39479,Cânhamo sementes descascadas,5604321030538,10454,10120,Embalagem de 150g,Cemporcento,,"25,27€/Kg","3,79€",https://cdn.intermarche.pt/pt/Content/images/boitmal/produit/zoom/9E20957AEF91CCDC8BEF1C4869BA6830.jpg,,/product/canhamo-sementes-descascadas/5604321030538
39559,Quinoa tricolor,5604321035403,10454,10120,Embalagem de 250g,Cemporcento,,"7,16€/Kg","1,79€",https://cdn.intermarche.pt/pt/Content/images/boitmal/produit/zoom/BDE944E9A2D48F09C6DB72337556245E.jpg,,/product/quinoa-tricolor/5604321035403
39726,Farinha de trigo-sarraceno - cozinha pura,5604321033232,10454,10120,Embalagem de 400g,Cemporcento,,"5,73€/Kg","2,29€",https://cdn.intermarche.pt/pt/Content/images/boitmal/produit/zoom/022F45D442E5D3FF53070611CCB15F62.jpg,,/product/farinha-de-trigo-sarraceno-cozinha-pura/5604321033232
39818,Mix de panquecas ana bravo,5604321035045,10454,10120,Embalagem de 500g,Cemporcento,,"4,98€/Kg","2,49€",https://cdn.intermarche.pt/pt/Content/images/boitmal/produit/zoom/AE3047C4F68A4C8C5AF02F9343A23821.jpg,,/product/mix-de-panquecas-ana-bravo/5604321035045
40072,Farinha de arroz integral,5604321028337,10454,10120,Embalagem de 500g,Cemporcento,,"2,58€/Kg","1,29€",https://cdn.intermarche.pt/pt/Content/images/boitmal/produit/zoom/2A4DA4944DB60A74BC4084D251EED356.jpg,,/product/farinha-de-arroz-integral/5604321028337
38989,Farelo de trigo,5604321002122,10454,10120,Embalagem de 250g,Cemporcento,,"3,16€/Kg","0,79€",https://cdn.intermarche.pt/pt/Content/images/boitmal/produit/zoom/BDCC58837F9C7795800047BC53B4AFF5.jpg,,/product/farelo-de-trigo/5604321002122
38992,Farinha de trigo integral,5604321002184,10454,10120,Embalagem de 500g,Cemporcento,,"2,58€/Kg","1,29€",https://cdn.intermarche.pt/pt/Content/images/boitmal/produit/zoom/6B054EF833216E369D4F22E4BD2BA5D8.jpg,,/product/farinha-de-trigo-integral/5604321002184
38993,Farinha de milho integral,5604321002191,10454,10120,Embalagem de 500g,Cemporcento,,"2,58€/Kg","1,29€",https://cdn.intermarche.pt/pt/Content/images/boitmal/produit/zoom/BB2EE9C334BEA6F028BE7EE75AE2095C.jpg,,/product/farinha-de-milho-integral/5604321002191
39158,Semente girassol,5601557045367,10454,10120,Embalagem de 200g,Salutem,,"7,45€/Kg","1,49€",https://cdn.intermarche.pt/pt/Content/images/boitmal/produit/zoom/8095F6B7886447241CC71D6AF6E0C0AE.jpg,,/product/semente-girassol/5601557045367
39159,Semente linhaça amarela,5601557045374,10454,10120,Embalagem de 250g,Salutem,,"5,96€/Kg","1,49€",https://cdn.intermarche.pt/pt/Content/images/boitmal/produit/zoom/0C4BD6123A7977826CBE4D695D8EC6BD.jpg,,/product/semente-linhaca-amarela/5601557045374
39356,Trigo integral com mel,5601557025628,10454,10120,Embalagem de 250g,Salutem,,"8,76€/Kg","2,19€",https://cdn.intermarche.pt/pt/Content/images/boitmal/produit/zoom/EDAFF71B2C9FB3793BEEE64D22460393.jpg,,/product/trigo-integral-com-mel/5601557025628
39458,"O cacau puro, 200g",5604321030057,10454,10120,,Cemporcento,,"12,45€/Kg","2,49€",https://cdn.intermarche.pt/pt/Content/images/boitmal/produit/zoom/19EA3EF0FECCB74B149CE41561E86032.jpg,,/product/o-cacau-puro-200g/5604321030057
39706,Granola suprema 5 sementes,5604321032679,10454,10120,Embalagem de 500g,Cemporcento,,"6,98€/Kg","3,49€",https://cdn.intermarche.pt/pt/Content/images/boitmal/produit/zoom/76167EF86B81D79FF76AB56F782A4DA1.jpg,,/product/granola-suprema-5-sementes/5604321032679
39808,Mix de sementes proteico,5604321034871,10454,10120,Embalagem de 200g,Cemporcento,,"9,45€/Kg","1,89€",https://cdn.intermarche.pt/pt/Content/images/boitmal/produit/zoom/DA4168423BE7C0BCAB25B74E052CF210.jpg,,/product/mix-de-sementes-proteico/5604321034871
39849,"Sementes de girassol, 1 kg",5604321028818,10454,10120,,Cemporcento,,"3,49€/Kg","3,49€",https://cdn.intermarche.pt/pt/Content/images/boitmal/produit/zoom/3DE2EAC4C75C706A1A37F3A747C8CDD7.jpg,,/product/sementes-de-girassol-1-kg/5604321028818
42193,Flocos de aveia,5604260310623,10455,10120,Embalagem de 400g,PorSi Viva Bem,,"1,98€/Kg","0,79€",https://cdn.intermarche.pt/pt/Content/images/boitmal/produit/zoom/C81B3710A5ECB0CC537200E389A473F2.jpg,,/product/flocos-de-aveia/5604260310623
39806,Granola + deliciosa,5604321034826,10455,10120,Embalagem de 350g,Cemporcento,,"12,83€/Kg","4,49€",https://cdn.intermarche.pt/pt/Content/images/boitmal/produit/zoom/286CFB4C55FF9A6298C7B1B9C230F0F1.jpg,,/product/granola-+-deliciosa/5604321034826
42992,Muesly chocolate,5604260311637,10455,10120,Embalagem de 375g,PorSi Viva Bem,,"7,44€/Kg","2,79€",https://cdn.intermarche.pt/pt/Content/images/boitmal/produit/zoom/E6314929DC0E978A54B97B2252E9E46F.jpg,,/product/muesly-chocolate/5604260311637
24673,Flocos de aveia finos integrais,5604321002078,10455,10120,Embalagem de 400g,Cemporcento,,"2,48€/Kg","0,99€",https://cdn.intermarche.pt/pt/Content/images/boitmal/produit/zoom/C045B2E5F5FFD8B0BC0EFD35DA0F768B.jpg,,/product/flocos-de-aveia-finos-integrais/5604321002078
31427,Cornflakes sem açúcar,5604321024698,10455,10120,Embalagem de 250g,Cemporcento,,"9,16€/Kg","2,29€",https://cdn.intermarche.pt/pt/Content/images/boitmal/produit/zoom/D405F73256C4254D653B4BB1E2527032.jpg,,/product/cornflakes-sem-acucar/5604321024698
39510,Flocos de aveia finos integrais bio,5604321029136,10455,10120,Embalagem de 400g,Cemporcento,,"3,23€/Kg","1,29€",https://cdn.intermarche.pt/pt/Content/images/boitmal/produit/zoom/63D57F7F7D6A78F2C1CD8709AE15341F.jpg,,/product/flocos-de-aveia-finos-integrais-bio/5604321029136
39864,Flocos de aveia finos integrais,5604321029167,10455,10120,Embalagem de 1 kg,Cemporcento,,"2,19€/Kg","2,19€",https://cdn.intermarche.pt/pt/Content/images/boitmal/produit/zoom/BB4E751A6DCEB5B13C3FF43899FC70EC.jpg,,/product/flocos-de-aveia-finos-integrais/5604321029167
47783,Flocos milho baixo teor de açúcar,5604260321605,10455,10120,Embalagem de 250g,PorSi Viva Bem,,"5,16€/Kg","1,29€",https://cdn.intermarche.pt/pt/Content/images/boitmal/produit/zoom/3EFC6057A3B2F3AC316BAE7FB8A8798C.jpg,,/product/flocos-milho-baixo-teor-de-acucar/5604260321605
44152,Tapioca hidratada sem adição de açúcares,5604260310340,10455,10120,Embalagem de 500 g,PorSi Viva Bem,,"5,98€/Kg","2,99€",https://cdn.intermarche.pt/pt/Content/images/boitmal/produit/zoom/018B9AFE0ADE0E9684A32B600DD75AF5.jpg,,/product/tapioca-hidratada-sem-adicao-de-acucares/5604260310340
42194,Muesly cereal mix,5604260310647,10455,10120,Embalagem de 375g,PorSi Viva Bem,,"4,77€/Kg","1,79€",https://cdn.intermarche.pt/pt/Content/images/boitmal/produit/zoom/843601F0CCC915A92105782115020922.jpg,,/product/muesly-cereal-mix/5604260310647
39335,Muesli cereal mix,5601557006450,10455,10120,Embalagem de 375g,Salutem,,"6,64€/Kg","2,49€",https://cdn.intermarche.pt/pt/Content/images/boitmal/produit/zoom/740C2427B106894E9B0D8B0FB39345C1.jpg,,/product/muesli-cereal-mix/5601557006450
39904,A granola + deliciosa cereais dourados,5604321030002,10455,10120,Embalagem de 350g,Cemporcento,,"8,54€/Kg","2,99€",https://cdn.intermarche.pt/pt/Content/images/boitmal/produit/zoom/DE51E9AFC73A0E815940FAA3BC77C411.jpg,,/product/a-granola-+-deliciosa-cereais-dourados/5604321030002
39161,Quinoa,5601557045404,10455,10120,Embalagem de 250g,Salutem,,"7,16€/Kg","1,79€",https://cdn.intermarche.pt/pt/Content/images/boitmal/produit/zoom/F4906977B3A25E170B45BF17F3A881EF.jpg,,/product/quinoa/5601557045404
39166,Barritas crocantes sésamo e mel,5601557045640,10455,10120,Embalagem de 40g,Salutem,,"17,25€/Kg","0,69€",https://cdn.intermarche.pt/pt/Content/images/boitmal/produit/zoom/F362A1F6EBE9F3DF851DB03E0BDCEA31.jpg,,/product/barritas-crocantes-sesamo-e-mel/5601557045640
39349,Flocos tostados de cevada integral,5601557021842,10455,10120,Embalagem de 250g,Salutem,,"7,96€/Kg","1,99€",https://cdn.intermarche.pt/pt/Content/images/boitmal/produit/zoom/CBE5BA2A04BA64FFCE9BD9FFE7A0B986.jpg,,/product/flocos-tostados-de-cevada-integral/5601557021842
39677,Flocos de aveia finos sem glúten,5604321031627,10455,10120,Embalagem de 400g,Cemporcento,,"3,98€/Kg","1,59€",https://cdn.intermarche.pt/pt/Content/images/boitmal/produit/zoom/8F4E568D5980EDD93B44D2F83CE06DC8.jpg,,/product/flocos-de-aveia-finos-sem-gluten/5604321031627
39889,Flocos de cevada integral,5604321029693,10455,10120,Embalagem de 400g,Cemporcento,,"3,23€/Kg","1,29€",https://cdn.intermarche.pt/pt/Content/images/boitmal/produit/zoom/1025B332DB1C2D6ECD7340C8F681DBA0.jpg,,/product/flocos-de-cevada-integral/5604321029693
40028,"Muesli + especial multicereais, 375g",5604321026746,10455,10120,,Cemporcento,,"7,97€/Kg","2,99€",https://cdn.intermarche.pt/pt/Content/images/boitmal/produit/zoom/22F5515D5F4EB8643AE119D69DD6075C.jpg,,/product/muesli-+-especial-multicereais-375g/5604321026746
38945,Barrita controlo de peso chocolate,5604321021451,10455,10120,Embalagem de 44g,Ignoramu,,"52,05€/Kg","2,29€",https://cdn.intermarche.pt/pt/Content/images/boitmal/produit/zoom/B11B1F510B735464BA68CE98CB73C436.jpg,,/product/barrita-controlo-de-peso-chocolate/5604321021451
38961,Barrita controlo de peso maçã,5604321021444,10455,10120,Embalagem de 44g,Ignoramu,,"45,23€/Kg","1,99€",https://cdn.intermarche.pt/pt/Content/images/boitmal/produit/zoom/13249F72920664DAB2D8F9F037486C96.jpg,,/product/barrita-controlo-de-peso-maca/5604321021444
38985,Choco rice,5604321002030,10455,10120,Embalagem de 250g,Cemporcento,,"11,96€/Kg","2,99€",https://cdn.intermarche.pt/pt/Content/images/boitmal/produit/zoom/0B6D7F6ABCDB9E742E1C00AFD78CAE8B.jpg,,/product/choco-rice/5604321002030
38986,Flocos de trigo integral,5604321002092,10455,10120,Embalagem de 400g,Cemporcento,,"2,98€/Kg","1,19€",https://cdn.intermarche.pt/pt/Content/images/boitmal/produit/zoom/E14A95AECB7B194179A18F1401A4E685.jpg,,/product/flocos-de-trigo-integral/5604321002092
38987,Flocos de centeio integral,5604321002108,10455,10120,Embalagem de 400g,Cemporcento,,"2,98€/Kg","1,19€",https://cdn.intermarche.pt/pt/Content/images/boitmal/produit/zoom/1D79AE81401234010B3474BAB748CEA3.jpg,,/product/flocos-de-centeio-integral/5604321002108
39063,Barrita controlo de peso iogurte,5604321021468,10455,10120,Embalagem de 44g,Ignoramu,,"49,77€/Kg","2,19€",https://cdn.intermarche.pt/pt/Content/images/boitmal/produit/zoom/77566CD7E793B131F578233DE92CA457.jpg,,/product/barrita-controlo-de-peso-iogurte/5604321021468
39065,"Muesli de amêndoa, 500g",5604321021796,10455,10120,,Cemporcento,,"5,98€/Kg","2,99€",https://cdn.intermarche.pt/pt/Content/images/boitmal/produit/zoom/6AF0DF4EC3DDBD5FF49F7BEFB5BE5202.jpg,,/product/muesli-de-amendoa-500g/5604321021796
39167,Barrita crocante pevides de abóbora,5601557045657,10455,10120,Embalagem de 40g,Salutem,,"21,25€/Kg","0,85€",https://cdn.intermarche.pt/pt/Content/images/boitmal/produit/zoom/3CE3A14D0398448B59D97C3429C84DAE.jpg,,/product/barrita-crocante-pevides-de-abobora/5601557045657
39202,Flocos tostados de aveia,5601557050798,10455,10120,Embalagem de 375g,Salutem,,"7,97€/Kg","2,99€",https://cdn.intermarche.pt/pt/Content/images/boitmal/produit/zoom/98EB222483678904B0D5B53DCB2FA829.jpg,,/product/flocos-tostados-de-aveia/5601557050798
39217,Barritas crocantes sésamo e chia salutem r,5601557055373,10455,10120,Embalagem de 40g,Salutem,,"19,75€/Kg","0,79€",https://cdn.intermarche.pt/pt/Content/images/boitmal/produit/zoom/43A3384B9391F92FA434698969C8E621.jpg,,/product/barritas-crocantes-sesamo-e-chia-salutem-r/5601557055373
39223,Aloe vera salutem,5601557056349,10455,10120,Embalagem de 100g,Salutem,,"24,90€/Kg","2,49€",https://cdn.intermarche.pt/pt/Content/images/boitmal/produit/zoom/A76C4E55F6C0980CDC855E2A9459AA5C.jpg,,/product/aloe-vera-salutem/5601557056349
39323,Flocos de aveia,5601557003091,10455,10120,Embalagem de 375g,Salutem,,"2,64€/Kg","0,99€",https://cdn.intermarche.pt/pt/Content/images/boitmal/produit/zoom/44D1EF968A0D3DB32972CF6A894575FB.jpg,,/product/flocos-de-aveia/5601557003091
39350,Flocos tostados de trigo integral,5601557021859,10455,10120,Embalagem de 250g,Salutem,,"7,16€/Kg","1,79€",https://cdn.intermarche.pt/pt/Content/images/boitmal/produit/zoom/07D9D475120FB10E606C32A66B93519B.jpg,,/product/flocos-tostados-de-trigo-integral/5601557021859
39354,Corn flakes sem adição de açúcar salutem r,5601557025550,10455,10120,Embalagem de 250g,Salutem,,"6,76€/Kg","1,69€",https://cdn.intermarche.pt/pt/Content/images/boitmal/produit/zoom/E7F2FD868CDE1CBF7625FDA2BB787844.jpg,,/product/corn-flakes-sem-adicao-de-acucar-salutem-r/5601557025550
39373,Muesli integral frutos tropicais,5601557031506,10455,10120,Embalagem de 375g,Salutem,,"7,71€/Kg","2,89€",https://cdn.intermarche.pt/pt/Content/images/boitmal/produit/zoom/CA55CF6E9B93D53BDE439A802ABCFF5D.jpg,,/product/muesli-integral-frutos-tropicais/5601557031506
39377,Muesli integral frutos silvestres,5601557031728,10455,10120,Embalagem de 375g,Salutem,,"13,84€/Kg","5,19€",https://cdn.intermarche.pt/pt/Content/images/boitmal/produit/zoom/879F8511DD944F43F847E3A98CAE70DC.jpg,,/product/muesli-integral-frutos-silvestres/5601557031728
39378,Muesli integral chocolate,5601557031742,10455,10120,Embalagem de 375g,Salutem,,"8,77€/Kg","3,29€",https://cdn.intermarche.pt/pt/Content/images/boitmal/produit/zoom/9247B10759C3467A17608FE93B5378B0.jpg,,/product/muesli-integral-chocolate/5601557031742
39400,Multi cereais crocante,5601557043363,10455,10120,Embalagem de 500g,Salutem,,"7,18€/Kg","3,59€",https://cdn.intermarche.pt/pt/Content/images/boitmal/produit/zoom/8C9F0AAE533C4E03FD8B51E52A025DE9.jpg,,/product/multi-cereais-crocante/5601557043363
39419,Barras amendoim cranberry e chocolate negro,5604321029488,10455,10120,Embalagem de 72g,Cemporcento,,"34,58€/Kg","2,49€",https://cdn.intermarche.pt/pt/Content/images/boitmal/produit/zoom/711A0A4B92C75D1C2076B0C7DB9C3311.jpg,,/product/barras-amendoim-cranberry-e-chocolate-negro/5604321029488
39428,"Muesli frutas e fibras, 250g",5604321026739,10455,10120,,Cemporcento,,"14,76€/Kg","3,69€",https://cdn.intermarche.pt/pt/Content/images/boitmal/produit/zoom/D4BAC90C753E7AD29B372037A447022B.jpg,,/product/muesli-frutas-e-fibras-250g/5604321026739
39457,"Corn Flakes sem Açúcar, 350g",5604321030033,10455,10120,,Cemporcento,,"7,11€/Kg","2,49€",https://cdn.intermarche.pt/pt/Content/images/boitmal/produit/zoom/7BE8C25A3F68EE57CC939AF442F00EB0.jpg,,/product/corn-flakes-sem-acucar-350g/5604321030033
39475,Flocos de aveia + tostados mel,5604321031542,10455,10120,Embalagem de 400g,Cemporcento,,"6,23€/Kg","2,49€",https://cdn.intermarche.pt/pt/Content/images/boitmal/produit/zoom/E3BF7450CF21609FC5374A41A736F10C.jpg,,/product/flocos-de-aveia-+-tostados-mel/5604321031542
24821,Bolachas marinheiras chia,5604321028757,10450,10120,Embalagem de 200g,Cemporcento,,"12,45€/Kg","2,49€",https://cdn.intermarche.pt/pt/Content/images/boitmal/produit/zoom/4EB7F6F8385A406EFE84F4A039F54F6F.jpg,,/product/bolachas-marinheiras-chia/5604321028757
25876,Bolachas marinheiras linhaça,5604321032242,10450,10120,Embalagem de 200 g,Cemporcento,,"12,45€/Kg","2,49€",https://cdn.intermarche.pt/pt/Content/images/boitmal/produit/zoom/922274CC5BDE51B6BAB170460A18FD12.jpg,,/product/bolachas-marinheiras-linhaca/5604321032242
2805,Maria diet nature,8410376010701,10450,10120,Embalagem de 400 g,Gullón,,"6,98€/Kg","2,79€",https://cdn.intermarche.pt/pt/Content/images/boitmal/produit/zoom/C9688DE4A0BED7DDDF5557B81AD847F9.jpg,,/product/maria-diet-nature/8410376010701
31430,Bolacha de milho sem sal bio,5604321025695,10450,10120,Embalagem de 110g,Cemporcento,,"17,18€/Kg","1,89€",https://cdn.intermarche.pt/pt/Content/images/boitmal/produit/zoom/0EA930B8A3094F0A3BB87C9B23D75B1B.jpg,,/product/bolacha-de-milho-sem-sal-bio/5604321025695
34316,Bolacha arroz s/ sal,5604321026968,10450,10120,Embalagem de 100g,Cemporcento,,"14,90€/Kg","1,49€",https://cdn.intermarche.pt/pt/Content/images/boitmal/produit/zoom/C89DF2371B6DCA9EAFB5436BA3B579DE.jpg,,/product/bolacha-arroz-s-ou-sal/5604321026968
39495,Bolacha de arroz chocolate leite,5604321025763,10450,10120,Embalagem de 100g,Cemporcento,,"19,90€/Kg","1,99€",https://cdn.intermarche.pt/pt/Content/images/boitmal/produit/zoom/6E55A010094CD4C2FCD16CB8C1983996.jpg,,/product/bolacha-de-arroz-chocolate-leite/5604321025763
39574,Marinheiras chia mini,5604321035960,10450,10120,Embalagem de 50g,Cemporcento,,"17,80€/Kg","0,89€",https://cdn.intermarche.pt/pt/Content/images/boitmal/produit/zoom/6CC688ADAF29101D7FF555323DAF7087.jpg,,/product/marinheiras-chia-mini/5604321035960
39575,Marinheiras natural mini,5604321035977,10450,10120,Embalagem de 50g,Cemporcento,,"17,80€/Kg","0,89€",https://cdn.intermarche.pt/pt/Content/images/boitmal/produit/zoom/B976C116601BE65BDAC803A14DE48149.jpg,,/product/marinheiras-natural-mini/5604321035977
40016,Bolacha de arroz iogurte,5604321025756,10450,10120,Embalagem de 100g,Cemporcento,,"19,90€/Kg","1,99€",https://cdn.intermarche.pt/pt/Content/images/boitmal/produit/zoom/C234867EC2FDE3C0F53372301BC12356.jpg,,/product/bolacha-de-arroz-iogurte/5604321025756
42987,"Bolachas marítimas chia, 200g",5604260310142,10252,10041,,PorSi Viva Bem,,"9,95€/Kg","1,99€",https://cdn.intermarche.pt/pt/Content/images/boitmal/produit/zoom/0FEB965DE5A3AF1EC2E87DEF5C03397A.jpg,,/product/bolachas-maritimas-chia-200g/5604260310142
6403,Bolachas digestive de baixa gordura,8410376016857,10450,10120,Embalagem de 400g,Gullón,,"7,48€/Kg","2,99€",https://cdn.intermarche.pt/pt/Content/images/boitmal/produit/zoom/F3F1C292FC52703BC22804D400D9B5DD.jpg,,/product/bolachas-digestive-de-baixa-gordura/8410376016857
48729,Finas aveia chocolate leite zero r,8410376064445,10450,10120,Embalagem de 150g,Gullón,,"19,93€/Kg","2,99€",https://cdn.intermarche.pt/pt/Content/images/boitmal/produit/zoom/BFB78A188E03FB2A8237258D980B3F7F.jpg,,/product/finas-aveia-chocolate-leite-zero-r/8410376064445
43398,Biscoitos integrais aveia e manteiga de amendoim,5604260312375,10450,10120,Embalagem de 150g,PorSi Viva Bem,,"12,60€/Kg","1,89€",https://cdn.intermarche.pt/pt/Content/images/boitmal/produit/zoom/A82BC88E4EAAB72D77407C8AA69B37D5.jpg,,/product/biscoitos-integrais-aveia-e-manteiga-de-amendoim/5604260312375
10181,Bolachas digestive muesli,8410376026979,10450,10120,Embalagem de 370g,Gullón,,"8,62€/Kg","3,19€",https://cdn.intermarche.pt/pt/Content/images/boitmal/produit/zoom/FC62EDE500669A4BD90DC99949EBD62D.jpg,,/product/bolachas-digestive-muesli/8410376026979
24674,Mini tortitas milho c/ sal,5604260281671,10450,10120,Embalagem de 200g,PorSi Viva Bem,,"9,95€/Kg","1,99€",https://cdn.intermarche.pt/pt/Content/images/boitmal/produit/zoom/A50740FC73687EE9C9949574903F4B2A.jpg,,/product/mini-tortitas-milho-c-ou-sal/5604260281671
41376,Twins,8410376047202,10450,10120,pack 2 x 154 g,Gullón,,"4,87€/Kg","1,50€",https://cdn.intermarche.pt/pt/Content/images/boitmal/produit/zoom/752F2945ED748C2C8A11600ED98D9ACA.jpg,,/product/twins/8410376047202
43720,Tortitas de arroz chocolate negro,5604260310791,10450,10120,130 g,PorSi Viva Bem,,"13,00€/Kg","1,69€",https://cdn.intermarche.pt/pt/Content/images/boitmal/produit/zoom/1C085924AEAD5B657A9060B8F95BEA48.jpg,,/product/tortitas-de-arroz-chocolate-negro/5604260310791
39086,Barritas de aveia cranberry + romã + cacau,5601557053775,10450,10120,Embalagem de 90g,Salutem,,"18,78€/Kg","1,69€",https://cdn.intermarche.pt/pt/Content/images/boitmal/produit/zoom/92EDAC775645A261895B21898EDFE00D.jpg,,/product/barritas-de-aveia-cranberry-+-roma-+-cacau/5601557053775
39913,Bolacha arroz chocolate negro,5604321030354,10450,10120,Embalagem de 100g,Cemporcento,,"19,90€/Kg","1,99€",https://cdn.intermarche.pt/pt/Content/images/boitmal/produit/zoom/2F586FA6BC7865071B71D1A564BD513C.jpg,,/product/bolacha-arroz-chocolate-negro/5604321030354
39914,Bolacha milho chocolate negro,5604321030361,10450,10120,Embalagem de 95g,Cemporcento,,"20,95€/Kg","1,99€",https://cdn.intermarche.pt/pt/Content/images/boitmal/produit/zoom/232DE3BEFA04F05C41F5304BABFF67A1.jpg,,/product/bolacha-milho-chocolate-negro/5604321030361
12314,Bolacha maria sem glúten,8008698003947,10450,10120,Embalagem de 200 g,Schar,,"13,45€/Kg","2,69€",https://cdn.intermarche.pt/pt/Content/images/boitmal/produit/zoom/FA060C59F05391509889DE0F10C1384D.jpg,,/product/bolacha-maria-sem-gluten/8008698003947
25877,Bolachas marinheiras integrais,5604321027507,10450,10120,Embalagem de 200g,Cemporcento,,"12,45€/Kg","2,49€",https://cdn.intermarche.pt/pt/Content/images/boitmal/produit/zoom/A91BC3B4D3B3905AF1653186C4F7E01F.jpg,,/product/bolachas-marinheiras-integrais/5604321027507
2813,Diet nature recheado de chocolate,8410376037784,10450,10120,Embalagem de 250g,Gullón,,"9,96€/Kg","2,49€",https://cdn.intermarche.pt/pt/Content/images/boitmal/produit/zoom/18C3DECAED40C5C9A92E9689E38AED59.jpg,,/product/diet-nature-recheado-de-chocolate/8410376037784
35856,"Tortitas de quinoa, aveia e linhaça",8410376051926,10450,10120,Embalagem de 115 gr,Gullón,,"26,00€/Kg","2,99€",https://cdn.intermarche.pt/pt/Content/images/boitmal/produit/zoom/D8D0CFB61DCE49A87D09A56D08FB21AE.jpg,,/product/tortitas-de-quinoa-aveia-e-linhaca/8410376051926
42989,"Bolachas marítimas clássicas, 200g",5604260310173,10252,10041,,PorSi Viva Bem,,"9,95€/Kg","1,99€",https://cdn.intermarche.pt/pt/Content/images/boitmal/produit/zoom/16CFDFCB002E044BB78156E396DFE441.jpg,,/product/bolachas-maritimas-classicas-200g/5604260310173
43810,Biscoitos integrais de canela,5604260312337,10450,10120,Embalagem de 250g,PorSi Viva Bem,,"6,36€/Kg","1,59€",https://cdn.intermarche.pt/pt/Content/images/boitmal/produit/zoom/9EC01392D64BE5E5B85CE19F6E5900E1.jpg,,/product/biscoitos-integrais-de-canela/5604260312337
43811,Biscoitos integrais limão,5604260312344,10450,10120,Embalagem de 250g,PorSi Viva Bem,,"6,36€/Kg","1,59€",https://cdn.intermarche.pt/pt/Content/images/boitmal/produit/zoom/ED03AAF0F22984310EFB08DED974BD50.jpg,,/product/biscoitos-integrais-limao/5604260312344
44949,Tortitas milho chocolate negro,5604260310777,10450,10120,Embalagem de 130g,PorSi Viva Bem,,"15,31€/Kg","1,99€",https://cdn.intermarche.pt/pt/Content/images/boitmal/produit/zoom/C969FA4E8C1A810E1B7A9AECE383A25D.jpg,,/product/tortitas-milho-chocolate-negro/5604260310777
48728,Finas chocolate leite zero r,8410376064438,10450,10120,Embalagem de 150g,Gullón,,"19,93€/Kg","2,99€",https://cdn.intermarche.pt/pt/Content/images/boitmal/produit/zoom/EBEAC6ECFBFB806A6A9EE8797CB76EB7.jpg,,/product/finas-chocolate-leite-zero-r/8410376064438
6408,Digestive aveia diet natural,8410376033267,10450,10120,Embalagem de 410g,Gullón,,"8,51€/Kg","3,49€",https://cdn.intermarche.pt/pt/Content/images/boitmal/produit/zoom/FDCCB8C75208B1D9B181C63AEC590E94.jpg,,/product/digestive-aveia-diet-natural/8410376033267
24820,Bolachas marinheiras s/ sal,5604321027057,10450,10120,Embalagem de 200g,Cemporcento,,"12,95€/Kg","2,59€",https://cdn.intermarche.pt/pt/Content/images/boitmal/produit/zoom/7EED7FB9783D3268A17A556C82B2A62D.jpg,,/product/bolachas-marinheiras-s-ou-sal/5604321027057
39207,Bolacha galete integral arroz+mirtilo sal9x100,5601557052556,10450,10120,Embalagem de 100g,Salutem,,"28,90€/Kg","2,89€",https://cdn.intermarche.pt/pt/Content/images/boitmal/produit/zoom/4757608E788D3AE28D24D9551ED21817.jpg,,/product/bolacha-galete-integral-arroz+mirtilo-sal9x100/5601557052556
39537,Bolacha arroz mix 5,5604321030460,10450,10120,Embalagem de 100g,Cemporcento,,"14,90€/Kg","1,49€",https://cdn.intermarche.pt/pt/Content/images/boitmal/produit/zoom/C1C6D4885FF05D500BF1373CEFF27018.jpg,,/product/bolacha-arroz-mix-5/5604321030460
39911,Bolacha arroz iogurte e laranja,5604321030330,10450,10120,Embalagem de 100g,Cemporcento,,"19,90€/Kg","1,99€",https://cdn.intermarche.pt/pt/Content/images/boitmal/produit/zoom/E9793278A3EBCF4769D4192ACE5AF384.jpg,,/product/bolacha-arroz-iogurte-e-laranja/5604321030330
42990,"Bolachas marítimas integrais, 200g",5604260310159,10252,10041,,PorSi Viva Bem,,"9,95€/Kg","1,99€",https://cdn.intermarche.pt/pt/Content/images/boitmal/produit/zoom/9A02E3B82B06D137F5079EF6685592E7.jpg,,/product/bolachas-maritimas-integrais-200g/5604260310159
43401,Biscoitos integrais baunilha e agave,5604260312320,10450,10120,Embalagem de 150g,PorSi Viva Bem,,"12,60€/Kg","1,89€",https://cdn.intermarche.pt/pt/Content/images/boitmal/produit/zoom/0600680E3DF9BFE05F86FACB0B617BA6.jpg,,/product/biscoitos-integrais-baunilha-e-agave/5604260312320
43402,Bolacha integral aveia,5604260312382,10450,10120,Embalagem de 150g,PorSi Viva Bem,,"12,60€/Kg","1,89€",https://cdn.intermarche.pt/pt/Content/images/boitmal/produit/zoom/2776A4DC8862847FBB2E08F9B462C964.jpg,,/product/bolacha-integral-aveia/5604260312382
43403,Biscoitos integrais aveia e cacau,5604260312351,10450,10120,Embalagem de 150g,PorSi Viva Bem,,"12,60€/Kg","1,89€",https://cdn.intermarche.pt/pt/Content/images/boitmal/produit/zoom/580AB85DD9D17207F58BA4293082446C.jpg,,/product/biscoitos-integrais-aveia-e-cacau/5604260312351
43971,Tortitas de arroz iogurte com chocolate branco,5604260310753,10450,10120,130 g,PorSi Viva Bem,,"13,00€/Kg","1,69€",https://cdn.intermarche.pt/pt/Content/images/boitmal/produit/zoom/01190198CC84C8D06A3A16997855CD72.jpg,,/product/tortitas-de-arroz-iogurte-com-chocolate-branco/5604260310753
48730,"Snack chocolate negro zero, 150g",8410376064469,10450,10120,,Gullón,,"19,93€/Kg","2,99€",https://cdn.intermarche.pt/pt/Content/images/boitmal/produit/zoom/25B7DB45709897F2AD42D12DBC241AE6.jpg,,/product/snack-chocolate-negro-zero-150g/8410376064469
39692,Chá detox matinal infusão,5604321032464,10451,10120,Embalagem de 13g,Cemporcento,,"76,15€/Kg","0,99€",https://cdn.intermarche.pt/pt/Content/images/boitmal/produit/zoom/846F23C7EDCBAE7CAA641DCF98DECB8B.jpg,,/product/cha-detox-matinal-infusao/5604321032464
39693,Chá para regular infusão,5604321032471,10451,10120,Embalagem de 13g,Cemporcento,,"76,15€/Kg","0,99€",https://cdn.intermarche.pt/pt/Content/images/boitmal/produit/zoom/855B7CA40D03ADB6372CAEE229C1B680.jpg,,/product/cha-para-regular-infusao/5604321032471
39057,Chá infusão hortelã-pimenta,5604321021147,10451,10120,Embalagem de 13g,Cemporcento,,"68,46€/Kg","0,89€",https://cdn.intermarche.pt/pt/Content/images/boitmal/produit/zoom/EFD80C10ED1F924ABF218FDBE77A7635.jpg,,/product/cha-infusao-hortela-pimenta/5604321021147
39069,Chá solúvel ventre plano,5604321021888,10451,10120,Embalagem de 45g,Cemporcento,,"55,33€/Kg","2,49€",https://cdn.intermarche.pt/pt/Content/images/boitmal/produit/zoom/AFAFBDE85318CDD0CB90CF9369728D9E.jpg,,/product/cha-soluvel-ventre-plano/5604321021888
39268,Chá de infusão salutem nº 05 - prolax 10 saquetas,5601557124154,10451,10120,Embalagem de 15g,Salutem,,"66,00€/Kg","0,99€",https://cdn.intermarche.pt/pt/Content/images/boitmal/produit/zoom/F7941182889BF60D43B3A35B8C390584.jpg,,/product/cha-de-infusao-salutem-nº-05-prolax-10-saquetas/5601557124154
39936,Chá infusão hibisco,5604321030941,10451,10120,Embalagem de 13g,Cemporcento,,"65,38€/Kg","0,85€",https://cdn.intermarche.pt/pt/Content/images/boitmal/produit/zoom/878A656EEFACF27607405DDB848411F4.jpg,,/product/cha-infusao-hibisco/5604321030941
38924,Chá de infusão salutem nº 13 - prosono 10 saquetas,5601557124239,10451,10120,Embalagem de 15g,Salutem,,"79,33€/Kg","1,19€",https://cdn.intermarche.pt/pt/Content/images/boitmal/produit/zoom/BFFD34C0FD1A19BD490E5788943EF114.jpg,,/product/cha-de-infusao-salutem-nº-13-prosono-10-saquetas/5601557124239
39029,Chá hortelã pimenta,5604321010158,10451,10120,Embalagem de 40g,Cemporcento,,"49,75€/Kg","1,99€",https://cdn.intermarche.pt/pt/Content/images/boitmal/produit/zoom/75285331E42B53E2EF300D16B420D730.jpg,,/product/cha-hortela-pimenta/5604321010158
39502,Chá verde e hibisco infusão,5604321034505,10451,10120,Embalagem de 13g,Cemporcento,,"76,15€/Kg","0,99€",https://cdn.intermarche.pt/pt/Content/images/boitmal/produit/zoom/E76859BB054FCF3360BF52FFE54833BF.jpg,,/product/cha-verde-e-hibisco-infusao/5604321034505
39770,Chá infusão cidreira bio,5604321034055,10451,10120,Embalagem de 13g,Cemporcento,,"68,46€/Kg","0,89€",https://cdn.intermarche.pt/pt/Content/images/boitmal/produit/zoom/6CF6A949DE888E65B79BDEBBF33D4D49.jpg,,/product/cha-infusao-cidreira-bio/5604321034055
39774,Chá infusão gengibre bio,5604321034123,10451,10120,Embalagem de 13g,Cemporcento,,"68,46€/Kg","0,89€",https://cdn.intermarche.pt/pt/Content/images/boitmal/produit/zoom/2A5DE6C6255AA631A24C04C83AAA8F49.jpg,,/product/cha-infusao-gengibre-bio/5604321034123
39778,Chá infusão tomilho bio,5604321034222,10451,10120,Embalagem de 13g,Cemporcento,,"68,46€/Kg","0,89€",https://cdn.intermarche.pt/pt/Content/images/boitmal/produit/zoom/1701C92B331CBF24C0BF004CE5445002.jpg,,/product/cha-infusao-tomilho-bio/5604321034222
39788,Chá infusão hibisco bio,5604321034451,10451,10120,Embalagem de 13g,Cemporcento,,"68,46€/Kg","0,89€",https://cdn.intermarche.pt/pt/Content/images/boitmal/produit/zoom/746274BF81E716BF59ED6179AC2F5A91.jpg,,/product/cha-infusao-hibisco-bio/5604321034451
39793,Chá verde e matcha infusão,5604321034529,10451,10120,Embalagem de 13g,Cemporcento,,"76,15€/Kg","0,99€",https://cdn.intermarche.pt/pt/Content/images/boitmal/produit/zoom/5E4CA265EE1C95D8635EC3F6B9F1B998.jpg,,/product/cha-verde-e-matcha-infusao/5604321034529
39946,Chá anis estrelado planta,5604321031245,10451,10120,Embalagem de 50g,Cemporcento,,"55,80€/Kg","2,79€",https://cdn.intermarche.pt/pt/Content/images/boitmal/produit/zoom/1C32C8FEB6E05D0E4F4C01EAFDC9359A.jpg,,/product/cha-anis-estrelado-planta/5604321031245
31432,Chá infusão menos peso,5604321026692,10451,10120,Embalagem de 13g,Cemporcento,,"76,15€/Kg","0,99€",https://cdn.intermarche.pt/pt/Content/images/boitmal/produit/zoom/68336CC23BEBD999D766544E9363D84C.jpg,,/product/cha-infusao-menos-peso/5604321026692
38948,Chá de infusão salutem nº 24 - hipericão 10 saquetas,5601557136300,10451,10120,Embalagem de 15g,Salutem,,"79,33€/Kg","1,19€",https://cdn.intermarche.pt/pt/Content/images/boitmal/produit/zoom/C1365F45288DA62788BC63667DF71806.jpg,,/product/cha-de-infusao-salutem-nº-24-hipericao-10-saquetas/5601557136300
38956,Chá de infusão salutem nº 45 - protensão 10 saquetas,5601557047057,10451,10120,Embalagem de 15g,Salutem,,"66,00€/Kg","0,99€",https://cdn.intermarche.pt/pt/Content/images/boitmal/produit/zoom/AB555F31B14F290D278DD7CC004407C0.jpg,,/product/cha-de-infusao-salutem-nº-45-protensao-10-saquetas/5601557047057
39036,Chá verde,5604321010233,10451,10120,Embalagem de 50g,Cemporcento,,"51,80€/Kg","2,59€",https://cdn.intermarche.pt/pt/Content/images/boitmal/produit/zoom/7850AD2ACCDBC021E0C611BF4B316241.jpg,,/product/cha-verde/5604321010233
39041,Chá valeriana,5604321010288,10451,10120,Embalagem de 40g,Cemporcento,,"57,25€/Kg","2,29€",https://cdn.intermarche.pt/pt/Content/images/boitmal/produit/zoom/8E0221B0F96E077C39E4901C862730FA.jpg,,/product/cha-valeriana/5604321010288
39042,Chá zimbro,5604321010295,10451,10120,Embalagem de 50g,Cemporcento,,"39,80€/Kg","1,99€",https://cdn.intermarche.pt/pt/Content/images/boitmal/produit/zoom/A04AE8566DBEF4266C93FB175B0D64F1.jpg,,/product/cha-zimbro/5604321010295
39046,Chá infusão nº2 noites tranquilas,5604321012077,10451,10120,Embalagem de 13g,Cemporcento,,"68,46€/Kg","0,89€",https://cdn.intermarche.pt/pt/Content/images/boitmal/produit/zoom/8190C0A06FCFEEFF8ADC3451D500E8A3.jpg,,/product/cha-infusao-nº2-noites-tranquilas/5604321012077
39058,Chá infusão boldo,5604321021178,10451,10120,Embalagem de 13g,Cemporcento,,"68,46€/Kg","0,89€",https://cdn.intermarche.pt/pt/Content/images/boitmal/produit/zoom/0CD2D526F793E61823C91356A9CF28CA.jpg,,/product/cha-infusao-boldo/5604321021178
39070,Chá solúvel dormir bem,5604321021918,10451,10120,Embalagem de 45g,Cemporcento,,"55,33€/Kg","2,49€",https://cdn.intermarche.pt/pt/Content/images/boitmal/produit/zoom/F8AD319948DC9ADF97BDCD8A45B11F55.jpg,,/product/cha-soluvel-dormir-bem/5604321021918
39271,Chá de infusão salutem nº 14 - chá verde 10 saquetas,5601557124246,10451,10120,Embalagem de 15g,Salutem,,"79,33€/Kg","1,19€",https://cdn.intermarche.pt/pt/Content/images/boitmal/produit/zoom/FACE06465C587F7B78BEFF4F2441AE95.jpg,,/product/cha-de-infusao-salutem-nº-14-cha-verde-10-saquetas/5601557124246
39272,Chá de infusão salutem nº 15 - cidreira 10 saquetas,5601557124253,10451,10120,Embalagem de 15g,Salutem,,"66,00€/Kg","0,99€",https://cdn.intermarche.pt/pt/Content/images/boitmal/produit/zoom/0C2DAC8A1E7638A3D2CC7A80C1A56237.jpg,,/product/cha-de-infusao-salutem-nº-15-cidreira-10-saquetas/5601557124253
39415,Chá infusão quebra pedras,5604321023035,10451,10120,Embalagem de 13g,Cemporcento,,"68,46€/Kg","0,89€",https://cdn.intermarche.pt/pt/Content/images/boitmal/produit/zoom/897352DB7901C498438E57CAEA3F400B.jpg,,/product/cha-infusao-quebra-pedras/5604321023035
39533,Chá infusão pernas cansadas,5604321026678,10451,10120,Embalagem de 13g,Cemporcento,,"76,15€/Kg","0,99€",https://cdn.intermarche.pt/pt/Content/images/boitmal/produit/zoom/D7DCCD404D18F3D861D6B0B76DA88B69.jpg,,/product/cha-infusao-pernas-cansadas/5604321026678
39545,Chá infusão camomila bio,5604321034048,10451,10120,Embalagem de 13g,Cemporcento,,"68,46€/Kg","0,89€",https://cdn.intermarche.pt/pt/Content/images/boitmal/produit/zoom/C59F6455946B306D9800A09C2D782B34.jpg,,/product/cha-infusao-camomila-bio/5604321034048
39698,Chá infusão cardo mariano,5604321032570,10451,10120,Embalagem de 13g,Cemporcento,,"68,46€/Kg","0,89€",https://cdn.intermarche.pt/pt/Content/images/boitmal/produit/zoom/A062278122FF9F895521CB76C4274CD6.jpg,,/product/cha-infusao-cardo-mariano/5604321032570
39775,Chá infusão menta bio,5604321034130,10451,10120,Embalagem de 13g,Cemporcento,,"68,46€/Kg","0,89€",https://cdn.intermarche.pt/pt/Content/images/boitmal/produit/zoom/450B56AED18D9E920D72A16BCF60D4C0.jpg,,/product/cha-infusao-menta-bio/5604321034130
39779,Chá infusão relax bio,5604321034246,10451,10120,Embalagem de 13g,Cemporcento,,"83,85€/Kg","1,09€",https://cdn.intermarche.pt/pt/Content/images/boitmal/produit/zoom/9C14F840A294C2655B77F8F33A5B844D.jpg,,/product/cha-infusao-relax-bio/5604321034246
39781,Chá infusão digest bio,5604321034260,10451,10120,Embalagem de 13g,Cemporcento,,"76,15€/Kg","0,99€",https://cdn.intermarche.pt/pt/Content/images/boitmal/produit/zoom/0637DAB51117375D758A61C2A581C4AD.jpg,,/product/cha-infusao-digest-bio/5604321034260
39789,Chá infusão borututu,5604321034468,10451,10120,Embalagem de 13g,Cemporcento,,"83,85€/Kg","1,09€",https://cdn.intermarche.pt/pt/Content/images/boitmal/produit/zoom/CAE4E1967418C9DB47889DA7638CC216.jpg,,/product/cha-infusao-borututu/5604321034468
39871,Chá infusão gengibre,5604321029303,10451,10120,Embalagem de 13g,Cemporcento,,"68,46€/Kg","0,89€",https://cdn.intermarche.pt/pt/Content/images/boitmal/produit/zoom/3FB205D44E5CA4B5440FD30D85317A96.jpg,,/product/cha-infusao-gengibre/5604321029303
39984,Chá infusão ginkgo biloba,5604321023073,10451,10120,Embalagem de 13g,Cemporcento,,"65,38€/Kg","0,85€",https://cdn.intermarche.pt/pt/Content/images/boitmal/produit/zoom/8E59D09E67962958567967E38AE66117.jpg,,/product/cha-infusao-ginkgo-biloba/5604321023073
40001,Forma+ forma+ regulax (chá para infusão),5604321024681,10451,10120,Embalagem de 13g,Forma+,,"153,08€/Kg","1,99€",https://cdn.intermarche.pt/pt/Content/images/boitmal/produit/zoom/1432ED882B12AD25158DAD2F4198B906.jpg,,/product/forma+-forma+-regulax-(cha-para-infusao)/5604321024681
40008,Chá infusão rooibos sem cafeína,5604321025268,10451,10120,Embalagem de 15g,Cemporcento,,"66,00€/Kg","0,99€",https://cdn.intermarche.pt/pt/Content/images/boitmal/produit/zoom/DDFB3D27EAA16DC68DA0941E1B812BFC.jpg,,/product/cha-infusao-rooibos-sem-cafeina/5604321025268
40034,Chá solúvel camomila,5604321026982,10451,10120,Embalagem de 45g,Cemporcento,,"55,33€/Kg","2,49€",https://cdn.intermarche.pt/pt/Content/images/boitmal/produit/zoom/660EAD4D05D7291ED888430974F5189E.jpg,,/product/cha-soluvel-camomila/5604321026982
38930,Chá cidreira,5604321010073,10451,10120,Embalagem de 50g,Cemporcento,,"37,80€/Kg","1,89€",https://cdn.intermarche.pt/pt/Content/images/boitmal/produit/zoom/6D9021E979F48DBCE58D65F3247DD379.jpg,,/product/cha-cidreira/5604321010073
40086,Chocolate negro 72% cacau,5604321030316,10452,10120,Embalagem de 100g,Cemporcento,,"22,90€/Kg","2,29€",https://cdn.intermarche.pt/pt/Content/images/boitmal/produit/zoom/2D84B624AF5B6B1B054F06984E9963B3.jpg,,/product/chocolate-negro-72%25-cacau/5604321030316
39552,"Stevia chocolate negro com frutos vermelhos, 125g",5604321028481,10452,10120,,Cemporcento,,"21,52€/Kg","2,69€",https://cdn.intermarche.pt/pt/Content/images/boitmal/produit/zoom/6DC49E31885AA9149CA6C07C52DB43B5.jpg,,/product/stevia-chocolate-negro-com-frutos-vermelhos-125g/5604321028481
39675,Chocolate negro 85 % cacau,5604321031603,10452,10120,Embalagem de 100g,Cemporcento,,"22,90€/Kg","2,29€",https://cdn.intermarche.pt/pt/Content/images/boitmal/produit/zoom/EE17DE1A1B3484392A3406A4C726EBFF.jpg,,/product/chocolate-negro-85-%25-cacau/5604321031603
40078,"Stevia chocolate negro, 100g",5604321028467,10452,10120,,Cemporcento,,"24,90€/Kg","2,49€",https://cdn.intermarche.pt/pt/Content/images/boitmal/produit/zoom/7F30CDAFD1927CF5CDB408ED3F0DD44E.jpg,,/product/stevia-chocolate-negro-100g/5604321028467
39453,Chocolate branco sem açúcar,5604321024742,10452,10120,Embalagem de 100g,Cemporcento,,"17,90€/Kg","1,79€",https://cdn.intermarche.pt/pt/Content/images/boitmal/produit/zoom/1A3FBB723125790AD2FF57C0895BAC9D.jpg,,/product/chocolate-branco-sem-acucar/5604321024742
39676,Chocolate negro com coco,5604321031610,10452,10120,Embalagem de 125g,Cemporcento,,"19,92€/Kg","2,49€",https://cdn.intermarche.pt/pt/Content/images/boitmal/produit/zoom/76804FE541B02681DD3673192E1F18A6.jpg,,/product/chocolate-negro-com-coco/5604321031610
39763,Chocolate negro 70% cacau bio,5604321033911,10452,10120,Embalagem de 100g,Cemporcento,,"28,90€/Kg","2,89€",https://cdn.intermarche.pt/pt/Content/images/boitmal/produit/zoom/FDE671CCE56A6BEB0C088AE89E2B0BB7.jpg,,/product/chocolate-negro-70%25-cacau-bio/5604321033911
39762,Chocolate negro 90% cacau bio,5604321033904,10452,10120,Embalagem de 100g,Cemporcento,,"28,90€/Kg","2,89€",https://cdn.intermarche.pt/pt/Content/images/boitmal/produit/zoom/FA42F59E5BC8BEC2B82EDCB947F8CA09.jpg,,/product/chocolate-negro-90%25-cacau-bio/5604321033904
29916,"Manteiga de amendoim crocante, 500g",5600826203613,10317,10051,,Prozis,,"7,98€/Kg","3,99€",https://cdn.intermarche.pt/pt/Content/images/boitmal/produit/zoom/CA1914B393A02A9776C79C9EDB820EC4.jpg,,/product/manteiga-de-amendoim-crocante-500g/5600826203613
40075,"Pasta de de amendoim cremosa, 200g",5604321028405,10453,10120,,Cemporcento,,"8,45€/Kg","1,69€",https://cdn.intermarche.pt/pt/Content/images/boitmal/produit/zoom/BE9C729055FBEF44595E8B2FB69009DC.jpg,,/product/pasta-de-de-amendoim-cremosa-200g/5604321028405
23955,Mel milflores,5604321002467,10453,10120,Embalagem de 300g,Cemporcento,,"22,63€/Kg","6,79€",https://cdn.intermarche.pt/pt/Content/images/boitmal/produit/zoom/7EE40F76FF50DCD503EED3CD8A322D78.jpg,,/product/mel-milflores/5604321002467
39359,Doce de ameixa com frutose,5601557026892,10453,10120,Embalagem de 330g,Salutem,,"10,27€/Kg","3,39€",https://cdn.intermarche.pt/pt/Content/images/boitmal/produit/zoom/8F3C5488D46DACD55458F7EAD04DF247.jpg,,/product/doce-de-ameixa-com-frutose/5601557026892
39363,Doce de morango com frutose,5601557026939,10453,10120,Embalagem de 330g,Salutem,,"6,94€/Kg","2,29€",https://cdn.intermarche.pt/pt/Content/images/boitmal/produit/zoom/C885C3A96F6F967D5FCC12BB5F450092.jpg,,/product/doce-de-morango-com-frutose/5601557026939
39429,Abóbora adoçada com xarope de milho,5604321029037,10453,10120,Embalagem de 240g,Cemporcento,,"12,46€/Kg","2,99€",https://cdn.intermarche.pt/pt/Content/images/boitmal/produit/zoom/C4DD4C626D840EA3B9D238B1F3CBDDB7.jpg,,/product/abobora-adocada-com-xarope-de-milho/5604321029037
39509,Framboesa mirtilo com xarope de milho,5604321029013,10453,10120,Embalagem de 230g,Cemporcento,,"14,30€/Kg","3,29€",https://cdn.intermarche.pt/pt/Content/images/boitmal/produit/zoom/2148141E0E36392F153E61468D51F9C8.jpg,,/product/framboesa-mirtilo-com-xarope-de-milho/5604321029013
39593,Amendoim cremoso,5604321038015,10453,10120,Embalagem de 510g,Cemporcento,,"6,84€/Kg","3,49€",https://cdn.intermarche.pt/pt/Content/images/boitmal/produit/zoom/62AB9412EC1A38C97EF711848934265A.jpg,,/product/amendoim-cremoso/5604321038015
39594,Amendoim pedaços,5604321038022,10453,10120,Embalagem de 510g,Cemporcento,,"6,84€/Kg","3,49€",https://cdn.intermarche.pt/pt/Content/images/boitmal/produit/zoom/F07B0DEA5784D217EB613499EF324EB7.jpg,,/product/amendoim-pedacos/5604321038022
39669,Doce de morango 60% fruta,5604321029587,10453,10120,Embalagem de 280g,Cemporcento,,"11,39€/Kg","3,19€",https://cdn.intermarche.pt/pt/Content/images/boitmal/produit/zoom/6768A0C5384EDB3AD8D49DEA74EC37AC.jpg,,/product/doce-de-morango-60%25-fruta/5604321029587
39707,"Pasta de amendoim com pedaços, 200g",5604321032686,10453,10120,,Cemporcento,,"8,45€/Kg","1,69€",https://cdn.intermarche.pt/pt/Content/images/boitmal/produit/zoom/16D0E03C4502DB3F3D19B02ECA1C6BAB.jpg,,/product/pasta-de-amendoim-com-pedacos-200g/5604321032686
39885,Doce de tomate 60% fruta,5604321029556,10453,10120,Embalagem de 280g,Cemporcento,,"9,25€/Kg","2,59€",https://cdn.intermarche.pt/pt/Content/images/boitmal/produit/zoom/AA0554E1DA17A4A455FC3543A32F8384.jpg,,/product/doce-de-tomate-60%25-fruta/5604321029556
39887,Compota frutos vermelhos 60% fruta,5604321029570,10453,10120,Embalagem de 280g,Cemporcento,,"11,39€/Kg","3,19€",https://cdn.intermarche.pt/pt/Content/images/boitmal/produit/zoom/0CA55AB8736D4D3D8EDCD974AD499117.jpg,,/product/compota-frutos-vermelhos-60%25-fruta/5604321029570
39898,Agar agar gelificante em saquetas,5604321029815,10453,10120,Embalagem de 8g,Cemporcento,,"348,75€/Kg","2,79€",https://cdn.intermarche.pt/pt/Content/images/boitmal/produit/zoom/F37ED9A94FC4DD1B4F2D464E5A41B123.jpg,,/product/agar-agar-gelificante-em-saquetas/5604321029815
39939,Melaço de cana,5604321030972,10453,10120,Embalagem de 370g,Cemporcento,,"6,46€/Kg","2,39€",https://cdn.intermarche.pt/pt/Content/images/boitmal/produit/zoom/36D85508AD2F76A7B5809628F76AAF58.jpg,,/product/melaco-de-cana/5604321030972
39959,Doce de abóbora com stevia,5604321031382,10453,10120,Embalagem de 200g,Cemporcento,,"16,45€/Kg","3,29€",https://cdn.intermarche.pt/pt/Content/images/boitmal/produit/zoom/56CD71A0761500135124269A2F8965B2.jpg,,/product/doce-de-abobora-com-stevia/5604321031382
39360,Doce de amora com frutose,5601557026908,10453,10120,Embalagem de 330g,Salutem,,"7,24€/Kg","2,39€",https://cdn.intermarche.pt/pt/Content/images/boitmal/produit/zoom/10ECDFC900E6AE0E974A9436C016445D.jpg,,/product/doce-de-amora-com-frutose/5601557026908
39364,Doce de tomate com frutose,5601557026946,10453,10120,Embalagem de 340g,Salutem,,"7,32€/Kg","2,49€",https://cdn.intermarche.pt/pt/Content/images/boitmal/produit/zoom/98077B8B6EF86D5AA878D49B3A6B2EE3.jpg,,/product/doce-de-tomate-com-frutose/5601557026946
39365,Doce de alperce com frutose,5601557026953,10453,10120,Embalagem de 330g,Salutem,,"6,94€/Kg","2,29€",https://cdn.intermarche.pt/pt/Content/images/boitmal/produit/zoom/B3C6BB9505046717F53BA6690CBADF00.jpg,,/product/doce-de-alperce-com-frutose/5601557026953
39404,Mel rosmaninho,5601557043509,10453,10120,Embalagem de 300g,Salutem,,"13,30€/Kg","3,99€",https://cdn.intermarche.pt/pt/Content/images/boitmal/produit/zoom/42369687453DF397169239BE99BF4816.jpg,,/product/mel-rosmaninho/5601557043509
39430,Doce de tomate adoçado com xarope de milho,5604321029044,10453,10120,Embalagem de 240g,Cemporcento,,"12,46€/Kg","2,99€",https://cdn.intermarche.pt/pt/Content/images/boitmal/produit/zoom/6991ADF1FE553E7DA38D47CB2BAB6848.jpg,,/product/doce-de-tomate-adocado-com-xarope-de-milho/5604321029044
39886,Compota ananás 70% fruta,5604321029563,10453,10120,Embalagem de 260g,Cemporcento,,"13,81€/Kg","3,59€",https://cdn.intermarche.pt/pt/Content/images/boitmal/produit/zoom/01D981169C7749816BF87B59B4D3F1FF.jpg,,/product/compota-ananas-70%25-fruta/5604321029563
39972,Ginseng vermelho coreano,5604321022168,10458,10120,Embalagem de 40g,Forma+,,"202,25€/Kg","8,09€",https://cdn.intermarche.pt/pt/Content/images/boitmal/produit/zoom/AEF597C9B7F62BBD16C6B7C51F2EAC17.jpg,,/product/ginseng-vermelho-coreano/5604321022168
38917,12 vitaminas e 12 minerais - frasco comprimido,5604321022038,10458,10120,Embalagem de 60g,Forma+,,"149,83€/Kg","8,99€",https://cdn.intermarche.pt/pt/Content/images/boitmal/produit/zoom/900DE4D0CA0EBFBD1A945BC3BB51F3B1.jpg,,/product/12-vitaminas-e-12-minerais-frasco-comprimido/5604321022038
28490,100% whey prime baunilha,5600380896139,10458,10120,Embalagem de 400g,Prozis,,"37,48€/Kg","14,99€",https://cdn.intermarche.pt/pt/Content/images/boitmal/produit/zoom/361A942FF4E657BCC4D0CEB6C541961B.jpg,,/product/100%25-whey-prime-baunilha/5600380896139
39078,Alho concentrado,5604321022014,10458,10120,Embalagem de 70g,Forma+,,"85,57€/Kg","5,99€",https://cdn.intermarche.pt/pt/Content/images/boitmal/produit/zoom/CEFF8AB08F565057CD43FC7F48B17534.jpg,,/product/alho-concentrado/5604321022014
39554,Curcuma raiz,5604321035304,10458,10120,Embalagem de 33g,Forma+,,"333,03€/Kg","10,99€",https://cdn.intermarche.pt/pt/Content/images/boitmal/produit/zoom/62729B0BC3C486BFDE55BE7CE2657B6A.jpg,,/product/curcuma-raiz/5604321035304
28342,Queimador extra forte,5600380890250,10458,10120,Embalagem de 1 unidades,Prozis,,"14,99€/Unidade","14,99€",https://cdn.intermarche.pt/pt/Content/images/boitmal/produit/zoom/E98C78DA68D9A1570DB767010B66649C.jpg,,/product/queimador-extra-forte/5600380890250
28495,Multi prz,5600826201084,10458,10120,Embalagem de 1 unidades,Prozis,,"7,99€/Unidade","7,99€",https://cdn.intermarche.pt/pt/Content/images/boitmal/produit/zoom/93D2C662B7649DC5CFAA9C9A5EC4BD07.jpg,,/product/multi-prz/5600826201084
29224,L-carnitina 1500 mg,5600826205808,10458,10120,Embalagem de 1 unidades,Prozis,,"7,49€/Unidade","7,49€",https://cdn.intermarche.pt/pt/Content/images/boitmal/produit/zoom/4DD8E1FCAB3B1A018FB41083AF6774F8.jpg,,/product/l-carnitina-1500-mg/5600826205808
31045,Mass gainer chocolate,5600380892407,10458,10120,Embalagem de 900g,Prozis,,"22,21€/Kg","19,99€",https://cdn.intermarche.pt/pt/Content/images/boitmal/produit/zoom/B83B5A520F8D8C69B63B95BE423B0C76.jpg,,/product/mass-gainer-chocolate/5600380892407
31180,Collagen + magnesium frutos do bosque,5600380894425,10458,10120,Embalagem de 300g,Prozis,,"33,30€/Kg","9,99€",https://cdn.intermarche.pt/pt/Content/images/boitmal/produit/zoom/8FBA60CBCC5B61B35E70C92A919F143C.jpg,,/product/collagen-+-magnesium-frutos-do-bosque/5600380894425
31811,Digestivo,5601385500977,10458,10120,Embalagem de 10 unidades,Eno,,"4,99€/Unidade","4,99€",https://cdn.intermarche.pt/pt/Content/images/boitmal/produit/zoom/4997BFA0AC01DE44E848EB0C3578C89A.jpg,,/product/digestivo/5601385500977
31812,Digestivo limão,5601385500991,10458,10120,Embalagem de 10 unidades,Eno,,"4,99€/Unidade","4,99€",https://cdn.intermarche.pt/pt/Content/images/boitmal/produit/zoom/7640BC6EA07D8E4DB8CDE26B1DA47366.jpg,,/product/digestivo-limao/5601385500991
39071,"Vinagre de maçã 80 caps, 48g",5604321021932,10458,10120,,Forma+,,"139,38€/Kg","6,69€",https://cdn.intermarche.pt/pt/Content/images/boitmal/produit/zoom/45203CABD3512FF2C5EF88089EC888AF.jpg,,/product/vinagre-de-maca-80-caps-48g/5604321021932
39072,Isoflavonas de soja 80 comprimidos,5604321021956,10458,10120,Embalagem de 60g,Forma+,,"116,50€/Kg","6,99€",https://cdn.intermarche.pt/pt/Content/images/boitmal/produit/zoom/2D872454C9E983DE5F61FC35EE595759.jpg,,/product/isoflavonas-de-soja-80-comprimidos/5604321021956
39073,"Óleo de onagra 1000, 70g",5604321021963,10458,10120,,Forma+,,"157,00€/Kg","10,99€",https://cdn.intermarche.pt/pt/Content/images/boitmal/produit/zoom/B5E6558B271A741026B35DAD916ADBE6.jpg,,/product/oleo-de-onagra-1000-70g/5604321021963
39074,Ginkgo biloba,5604321021970,10458,10120,Embalagem de 56g,Forma+,,"106,96€/Kg","5,99€",https://cdn.intermarche.pt/pt/Content/images/boitmal/produit/zoom/D52C3C47F2E977451290FA6F3E55078A.jpg,,/product/ginkgo-biloba/5604321021970
39075,Cáscara sagrada + fos,5604321021987,10458,10120,Embalagem de 40g,Forma+,,"112,25€/Kg","4,49€",https://cdn.intermarche.pt/pt/Content/images/boitmal/produit/zoom/02DD4A53174C25DA5C5902341ABD91C6.jpg,,/product/cascara-sagrada-+-fos/5604321021987
39076,Levedura de cerveja,5604321021994,10458,10120,Embalagem de 44g,Forma+,,"158,86€/Kg","6,99€",https://cdn.intermarche.pt/pt/Content/images/boitmal/produit/zoom/4287157FCF8215363C7FA87C1C0C08BB.jpg,,/product/levedura-de-cerveja/5604321021994
39077,"Calm, valeriana e passiflora (cápsulas)",5604321022007,10458,10120,Embalagem de 24g,Forma+,,"287,08€/Kg","6,89€",https://cdn.intermarche.pt/pt/Content/images/boitmal/produit/zoom/77D8C74566A833A8A66A597E0855CEB6.jpg,,/product/calm-valeriana-e-passiflora-(capsulas)/5604321022007
39079,Cálcio + vit.d3 + magnésio,5604321022021,10458,10120,Embalagem de 80g,Forma+,,"74,88€/Kg","5,99€",https://cdn.intermarche.pt/pt/Content/images/boitmal/produit/zoom/121D1F17E5AF771777E5DBDC6D858EAE.jpg,,/product/calcio-+-vit.d3-+-magnesio/5604321022021
39081,"Suplemento alimentar multivitaminas, 30 cápsulas",5601557113790,10458,10120,,Salutem,,"4,59€/Unidade","4,59€",https://cdn.intermarche.pt/pt/Content/images/boitmal/produit/zoom/1D000CA54BDD69CFD126D228892EE9BE.jpg,,/product/suplemento-alimentar-multivitaminas-30-capsulas/5601557113790
39242,"Suplemento alimentar prostibem, 60 cápsulas",5601557113684,10458,10120,,Salutem,,"6,39€/Unidade","6,39€",https://cdn.intermarche.pt/pt/Content/images/boitmal/produit/zoom/C124DFEE1A761CE28ED940F4CC9AC361.jpg,,/product/suplemento-alimentar-prostibem-60-capsulas/5601557113684
39245,"Suplemento Cálcio Magnésio, 90 Comprimidos",5601557115282,10458,10120,,Salutem,,"5,99€/Unidade","5,99€",https://cdn.intermarche.pt/pt/Content/images/boitmal/produit/zoom/571F40FE77009DFC4A3C4A913B5E22AD.jpg,,/product/suplemento-calcio-magnesio-90-comprimidos/5601557115282
39251,"Suplemento Magnésio Puro, 90 Comprimidos",5601557115374,10458,10120,,Salutem,,"6,89€/Unidade","6,89€",https://cdn.intermarche.pt/pt/Content/images/boitmal/produit/zoom/A8A5E4C8BFAD7C47C71A051AB76D0B71.jpg,,/product/suplemento-magnesio-puro-90-comprimidos/5601557115374
39254,"Suplemento Cartilagem tubarão, 60 Comprimidos",5601557115527,10458,10120,,Salutem,,"7,99€/Unidade","7,99€",https://cdn.intermarche.pt/pt/Content/images/boitmal/produit/zoom/5EF42FAE2AA4F5ADAB687FE61E8A0034.jpg,,/product/suplemento-cartilagem-tubarao-60-comprimidos/5601557115527
39293,"Suplemento Glucosamina + Condrotina, 60 cápsulas",5601557130896,10458,10120,,Salutem,,"10,99€/Unidade","10,99€",https://cdn.intermarche.pt/pt/Content/images/boitmal/produit/zoom/4243BFBAE5A2C6AEAF24CFBB093B8E8B.jpg,,/product/suplemento-glucosamina-+-condrotina-60-capsulas/5601557130896
39451,Drenactiv (drenante solúvel),5604321024674,10458,10120,Embalagem de 80g,Forma+,,"49,88€/Kg","3,99€",https://cdn.intermarche.pt/pt/Content/images/boitmal/produit/zoom/F5D5E5F08CA5AACD082074D075B562EF.jpg,,/product/drenactiv-(drenante-soluvel)/5604321024674
39461,Sono (melatonina) - cápsulas,5604321034758,10458,10120,Embalagem de 33g,Forma+,,"181,52€/Kg","5,99€",https://cdn.intermarche.pt/pt/Content/images/boitmal/produit/zoom/5AC1FD6CEE132B17A9A96177C02ACF45.jpg,,/product/sono-(melatonina)-capsulas/5604321034758
39481,Circulactiv (cápsulas),5604321027903,10458,10120,Embalagem de 20g,Forma+,,"249,50€/Kg","4,99€",https://cdn.intermarche.pt/pt/Content/images/boitmal/produit/zoom/1D8FC557FA3737D15B21E39B0E32616D.jpg,,/product/circulactiv-(capsulas)/5604321027903
39485,Maca raiz,5604321035328,10458,10120,Embalagem de 50g,Forma+,,"179,80€/Kg","8,99€",https://cdn.intermarche.pt/pt/Content/images/boitmal/produit/zoom/A56B6EB7F2F69DA0BE9AF5ACB7BD9331.jpg,,/product/maca-raiz/5604321035328
39494,Omega 3.6.9. (cápsulas),5604321025657,10458,10120,Embalagem de 54g,Forma+,,"96,11€/Kg","5,19€",https://cdn.intermarche.pt/pt/Content/images/boitmal/produit/zoom/D226D4BE67F9689BD6783370E2A4B106.jpg,,/product/omega-3.6.9.-(capsulas)/5604321025657
39506,Aloe vera plus,5604321028962,10458,10120,Garrafa de 500 ml,Forma+,,"23,98€/L","11,99€",https://cdn.intermarche.pt/pt/Content/images/boitmal/produit/zoom/846047C44D7E577B0DB9096CC44CA45D.jpg,,/product/aloe-vera-plus/5604321028962
39507,Beterraba plus,5604321028986,10458,10120,Garrafa de 500 ml,Forma+,,"23,98€/L","11,99€",https://cdn.intermarche.pt/pt/Content/images/boitmal/produit/zoom/1BD8419FB1A49A0FF855B827A1A2EC29.jpg,,/product/beterraba-plus/5604321028986
39512,"Sem barriga express líquido, garrafa de 500 ml",5604321033799,10458,10120,,Forma+,,"23,98€/L","11,99€",https://cdn.intermarche.pt/pt/Content/images/boitmal/produit/zoom/9FC87FF977D69EC1FF235544A8225315.jpg,,/product/sem-barriga-express-liquido-garrafa-de-500-ml/5604321033799
39514,"Redutor de gordura (cápsulas), 43g",5604321024667,10458,10120,,Forma+,,"185,81€/Kg","7,99€",https://cdn.intermarche.pt/pt/Content/images/boitmal/produit/zoom/20E915A5C04502848614DCA321A545C3.jpg,,/product/redutor-de-gordura-(capsulas)-43g/5604321024667
39517,Ginseng coreano (cápsulas),5604321027866,10458,10120,Embalagem de 15g,Forma+,,"332,67€/Kg","4,99€",https://cdn.intermarche.pt/pt/Content/images/boitmal/produit/zoom/0203C43D59FF232CD1C195F8D7727CC9.jpg,,/product/ginseng-coreano-(capsulas)/5604321027866
39519,"Ventre liso (solúvel), 50g",5604321027897,10458,10120,,Forma+,,"87,80€/Kg","4,39€",https://cdn.intermarche.pt/pt/Content/images/boitmal/produit/zoom/39742CCDE45DADA4F312273EC7AFAC5A.jpg,,/product/ventre-liso-(soluvel)-50g/5604321027897
39520,Vinagre de maçã (capsúlas),5604321027927,10458,10120,Embalagem de 22g,Forma+,,"226,82€/Kg","4,99€",https://cdn.intermarche.pt/pt/Content/images/boitmal/produit/zoom/DEE75FEC1105993AB9561C1AA2D13194.jpg,,/product/vinagre-de-maca-(capsulas)/5604321027927
39521,"Plano 10 dias (solúvel), 120g",5604321027934,10458,10120,,Forma+,,"61,58€/Kg","7,39€",https://cdn.intermarche.pt/pt/Content/images/boitmal/produit/zoom/D3C7C16CE1B964713E356ADB42887319.jpg,,/product/plano-10-dias-(soluvel)-120g/5604321027934
39522,Óleo de onagra (cápsulas),5604321027989,10458,10120,Embalagem de 31g,Forma+,,"241,61€/Kg","7,49€",https://cdn.intermarche.pt/pt/Content/images/boitmal/produit/zoom/2A00BBDDAE79B1B2FC2B413B9E103F73.jpg,,/product/oleo-de-onagra-(capsulas)/5604321027989
39897,"Sal dos himalaias extra fino, 500g",5604321029808,10906,10120,,Cemporcento,,"2,38€/Kg","1,19€",https://cdn.intermarche.pt/pt/Content/images/boitmal/produit/zoom/F8C371FBF6FE61D0D4159FEBF3BBA07E.jpg,,/product/sal-dos-himalaias-extra-fino-500g/5604321029808
39714,Tofu natural bio,5604321032853,10906,10120,Embalagem de 300g,Cemporcento,,"8,30€/Kg","2,49€",https://cdn.intermarche.pt/pt/Content/images/boitmal/produit/zoom/A185B517DD0EB61EA8CDED11581EDD00.jpg,,/product/tofu-natural-bio/5604321032853
46195,"Pudim Rico em Proteína de Chocolate,  200g",4002971301601,10719,10060,,Ehrmann,,"9,45€/Kg","1,89€",https://cdn.intermarche.pt/pt/Content/images/boitmal/produit/zoom/D4B676C995728FCC39FA1C3346E6915D.jpg,,/product/pudim-rico-em-proteina-de-chocolate-200g/4002971301601
38908,Cranberry desidratado,5601557052129,10906,10120,Embalagem de 100g,Salutem,,"22,90€/Kg","2,29€",https://cdn.intermarche.pt/pt/Content/images/boitmal/produit/zoom/1709CAA2415F6A4FF848DB696A7CB7A3.jpg,,/product/cranberry-desidratado/5601557052129
38938,Seitan,5601557054215,10906,10120,Embalagem de 300g,Salutem,,"7,63€/Kg","2,29€",https://cdn.intermarche.pt/pt/Content/images/boitmal/produit/zoom/B3CD606D2F2E9ACFDA6045DA81E97611.jpg,,/product/seitan/5601557054215
39683,Patê cogumelos,5604321031818,10906,10120,Embalagem de 125g,Cemporcento,,"19,92€/Kg","2,49€",https://cdn.intermarche.pt/pt/Content/images/boitmal/produit/zoom/F6732FC31B981D50C63FE117FCC26D05.jpg,,/product/pate-cogumelos/5604321031818
31056,Panquecas de aveia c/ proteína pepitas chocolate,5600380897600,10906,10120,Embalagem de 400g,Prozis,,"27,48€/Kg","10,99€",https://cdn.intermarche.pt/pt/Content/images/boitmal/produit/zoom/D8F10441FF88BA5657A100023FD77E44.jpg,,/product/panquecas-de-aveia-c-ou-proteina-pepitas-chocolate/5600380897600
31422,Sal marinho integral,5604321002221,10906,10120,Embalagem de 1 kg,Cemporcento,,"0,69€/Kg","0,69€",https://cdn.intermarche.pt/pt/Content/images/boitmal/produit/zoom/9833CDBCA8CB820198200DC0BEDDDC7A.jpg,,/product/sal-marinho-integral/5604321002221
31431,"Salsichas de soja, 390g",5604321026463,10906,10120,,Cemporcento,,"11,51€/Kg","4,49€",https://cdn.intermarche.pt/pt/Content/images/boitmal/produit/zoom/6A4D74C85A5AACE5D35F8C8B67A6C2FE.jpg,,/product/salsichas-de-soja-390g/5604321026463
38415,Creme fresco à base de soja p/bater,5411188121435,10906,10120,Garrafa de 250 ml,Alpro,,"7,96€/L","1,99€",https://cdn.intermarche.pt/pt/Content/images/boitmal/produit/zoom/A3672CB3B8E04BBB04D9192411A523D8.jpg,,/product/creme-fresco-a-base-de-soja-p-ou-bater/5411188121435
39056,Hambúrguer de cogumelos,5604321020935,10906,10120,Embalagem de 160g,Cemporcento,,"24,31€/Kg","3,89€",https://cdn.intermarche.pt/pt/Content/images/boitmal/produit/zoom/B1D178E9BE33B29D52CEC9F44990583E.jpg,,/product/hamburguer-de-cogumelos/5604321020935
39206,Gengibre desidratado,5601557052112,10906,10120,Embalagem de 100g,Salutem,,"16,90€/Kg","1,69€",https://cdn.intermarche.pt/pt/Content/images/boitmal/produit/zoom/AAB5748A7BB00953D132E7FE2CFC0215.jpg,,/product/gengibre-desidratado/5601557052112
39413,Hambúrguer mediterrânico,5604321022991,10906,10120,Embalagem de 160g,Cemporcento,,"24,94€/Kg","3,99€",https://cdn.intermarche.pt/pt/Content/images/boitmal/produit/zoom/959908ADFB94AC3202DB705076584E8F.jpg,,/product/hamburguer-mediterranico/5604321022991
39686,Mortadela vegan amendoim,5604321032303,10906,10120,Embalagem de 250g,Cemporcento,,"11,56€/Kg","2,89€",https://cdn.intermarche.pt/pt/Content/images/boitmal/produit/zoom/CE30DFA3AEFF6E9B5209735A8A619519.jpg,,/product/mortadela-vegan-amendoim/5604321032303
39768,"Seitan sementes e aveia, 250g",5604321033997,10906,10120,,Cemporcento,,"9,56€/Kg","2,39€",https://cdn.intermarche.pt/pt/Content/images/boitmal/produit/zoom/6D8A455DA29376F4C87E9F05D9977AF3.jpg,,/product/seitan-sementes-e-aveia-250g/5604321033997
39852,Seitan (quadrado),5604321028856,10906,10120,Embalagem de 300g,Cemporcento,,"9,30€/Kg","2,79€",https://cdn.intermarche.pt/pt/Content/images/boitmal/produit/zoom/5A4570FE19C52063A8DC87E5956DF6E4.jpg,,/product/seitan-(quadrado)/5604321028856
39992,Hambúrguer de tofu e algas,5604321024063,10906,10120,Embalagem de 160g,Cemporcento,,"21,81€/Kg","3,49€",https://cdn.intermarche.pt/pt/Content/images/boitmal/produit/zoom/34A03DF2955C24F0C10641A3B464ABD8.jpg,,/product/hamburguer-de-tofu-e-algas/5604321024063
39996,Hambúrguer de cenoura e algas,5604321024339,10906,10120,Embalagem de 160g,Cemporcento,,"21,81€/Kg","3,49€",https://cdn.intermarche.pt/pt/Content/images/boitmal/produit/zoom/AF5C1F451C24DADB455567B431E66B82.jpg,,/product/hamburguer-de-cenoura-e-algas/5604321024339
40031,Bifes de soja molho tomate,5604321026807,10906,10120,Embalagem de 250g,Cemporcento,,"17,16€/Kg","4,29€",https://cdn.intermarche.pt/pt/Content/images/boitmal/produit/zoom/0CEE831EF7AC653788446D398E6D80F2.jpg,,/product/bifes-de-soja-molho-tomate/5604321026807
46197,"Pudim Rico em Proteína de Caramelo,  200g",4002971303506,10719,10060,,Ehrmann,,"9,45€/Kg","1,89€",https://cdn.intermarche.pt/pt/Content/images/boitmal/produit/zoom/0C8A41E622BCD79010E94910EC33893C.jpg,,/product/pudim-rico-em-proteina-de-caramelo-200g/4002971303506
39487,Salpicão soja e seitan - enchido 100% vegetal,5604321028832,10906,10120,Embalagem de 200g,Cemporcento,,"16,45€/Kg","3,29€",https://cdn.intermarche.pt/pt/Content/images/boitmal/produit/zoom/C2A7CC66DF1DB0A118B3CC292CC3E497.jpg,,/product/salpicao-soja-e-seitan-enchido-100%25-vegetal/5604321028832
39854,Hambúrguer campestre,5604321028900,10906,10120,Embalagem de 160g,Cemporcento,,"21,81€/Kg","3,49€",https://cdn.intermarche.pt/pt/Content/images/boitmal/produit/zoom/0D83667030546BD027E7E418AD2BC251.jpg,,/product/hamburguer-campestre/5604321028900
41364,Sal do coração,5604321038619,10906,10120,Embalagem de 100g,Cemporcento,,"29,90€/Kg","2,99€",https://cdn.intermarche.pt/pt/Content/images/boitmal/produit/zoom/BF38C35E6986FB9594ACAF6B5F707BCF.jpg,,/product/sal-do-coracao/5604321038619
46199,"Pudim Rico em Proteína de Avelã,  200g",4002971244403,10719,10060,,Ehrmann,,"9,45€/Kg","1,89€",https://cdn.intermarche.pt/pt/Content/images/boitmal/produit/zoom/E9467DAC16A4C5952E5973FB8FBDCB7C.jpg,,/product/pudim-rico-em-proteina-de-avela-200g/4002971244403
38945,Barrita controlo de peso chocolate,5604321021451,10455,10120,Embalagem de 44g,Ignoramu,,"52,05€/Kg","2,29€",https://cdn.intermarche.pt/pt/Content/images/boitmal/produit/zoom/B11B1F510B735464BA68CE98CB73C436.jpg,,/product/barrita-controlo-de-peso-chocolate/5604321021451
38961,Barrita controlo de peso maçã,5604321021444,10455,10120,Embalagem de 44g,Ignoramu,,"45,23€/Kg","1,99€",https://cdn.intermarche.pt/pt/Content/images/boitmal/produit/zoom/13249F72920664DAB2D8F9F037486C96.jpg,,/product/barrita-controlo-de-peso-maca/5604321021444
39063,Barrita controlo de peso iogurte,5604321021468,10455,10120,Embalagem de 44g,Ignoramu,,"49,77€/Kg","2,19€",https://cdn.intermarche.pt/pt/Content/images/boitmal/produit/zoom/77566CD7E793B131F578233DE92CA457.jpg,,/product/barrita-controlo-de-peso-iogurte/5604321021468
39446,Batido diet iogurte e ananás,5604321035540,10457,10120,Embalagem de 700g,Forma+,,"19,99€/Kg","13,99€",https://cdn.intermarche.pt/pt/Content/images/boitmal/produit/zoom/54DBD256D9D3C082D9186DA59BA9BF46.jpg,,/product/batido-diet-iogurte-e-ananas/5604321035540
39515,Batido de morango,5604321024933,10457,10120,Embalagem de 700g,Forma+,,"19,99€/Kg","13,99€",https://cdn.intermarche.pt/pt/Content/images/boitmal/produit/zoom/5C985210782180279D05F62788002B59.jpg,,/product/batido-de-morango/5604321024933
39516,Batido de baunilha,5604321024940,10457,10120,Embalagem de 700g,Forma+,,"19,99€/Kg","13,99€",https://cdn.intermarche.pt/pt/Content/images/boitmal/produit/zoom/B01FE5F7F9908298697E7A2773E9659F.jpg,,/product/batido-de-baunilha/5604321024940
39842,Alcahfora plus,5604321028702,10457,10120,Garrafa de 500 ml,Forma+,,"23,98€/L","11,99€",https://cdn.intermarche.pt/pt/Content/images/boitmal/produit/zoom/A39C9D73C739D5DD709645A00D4573BD.jpg,,/product/alcahfora-plus/5604321028702
40004,Batido de chocolate,5604321024957,10457,10120,Embalagem de 700g,Forma+,,"19,99€/Kg","13,99€",https://cdn.intermarche.pt/pt/Content/images/boitmal/produit/zoom/305D05D346326BE37231F200A1A39A5E.jpg,,/product/batido-de-chocolate/5604321024957
40050,Batido de café,5604321027545,10457,10120,Embalagem de 700g,Forma+,,"19,99€/Kg","13,99€",https://cdn.intermarche.pt/pt/Content/images/boitmal/produit/zoom/292D05CB31E41C09353F21A6B70B360D.jpg,,/product/batido-de-cafe/5604321027545
40085,Açaí superelemento (10 saquetas),5604321030231,10457,10120,Embalagem de 25g,Cemporcento,,"159,60€/Kg","3,99€",https://cdn.intermarche.pt/pt/Content/images/boitmal/produit/zoom/E660D876F39817FB08408DC4DCA3DF57.jpg,,/product/acai-superelemento-(10-saquetas)/5604321030231
48040,"Iogurte líquido magro frutos vermelhos,  4x160 ml",5604260320615,10400,10010,,PorSi Viva Bem,,"2,02€/L","1,29€",https://cdn.intermarche.pt/pt/Content/images/boitmal/produit/zoom/FA684AFC50E812150A1E2AF9F6A67F47.jpg,,/product/iogurte-liquido-magro-frutos-vermelhos-4x160-ml/5604260320615
37923,Bebida de Amêndoa,5604260300990,10915,10120,1 litro,PorSi Viva Bem,,"1,29€/L","1,29€",https://cdn.intermarche.pt/pt/Content/images/boitmal/produit/zoom/AE7254B0415A25D68EBAF0C345B394B0.jpg,,/product/bebida-de-amendoa/5604260300990
38417,Bebida Vegetal Aveia Sem Açúcar,5411188124689,10915,10120,Embalagem de 1 l,Alpro,,"2,59€/L","2,59€",https://cdn.intermarche.pt/pt/Content/images/boitmal/produit/zoom/4E2516ED123622B6963D422374872107.jpg,,/product/bebida-vegetal-aveia-sem-acucar/5411188124689
48862,"Iogurte líquido magro morango,  4x150 ml",5604260320592,10400,10010,,PorSi Viva Bem,,"2,15€/L","1,29€",https://cdn.intermarche.pt/pt/Content/images/boitmal/produit/zoom/0C694DE9782FCC84FA1DB148AA050087.jpg,,/product/iogurte-liquido-magro-morango-4x150-ml/5604260320592
43752,Bebida Vegetal Aveia-Amêndoa,5411188124726,10915,10120,Embalagem de 1 litro,Alpro,,"2,49€/L","2,49€",https://cdn.intermarche.pt/pt/Content/images/boitmal/produit/zoom/41ED3A9A9EA0C04FB4F3A16FF6575B9C.jpg,,/product/bebida-vegetal-aveia-amendoa/5411188124726
49820,Leite Uht Proteína Café,5603722520716,10915,10120,Pack 3 x 250 ml,Mimosa,,"4,25€/L","3,19€",https://cdn.intermarche.pt/pt/Content/images/boitmal/produit/zoom/16EC14653F7F31D3FE499DC1730AE209.jpg,,/product/leite-uht-proteina-cafe/5603722520716
47782,Bebida avelã,5604260319985,10915,10120,1 litro,PorSi Viva Bem,,"1,29€/L","1,29€",https://cdn.intermarche.pt/pt/Content/images/boitmal/produit/zoom/76CE01BC3A4E1ECF3E8C66E4EBAA5F37.jpg,,/product/bebida-avela/5604260319985
48662,Bebida de aveia barista,5600798961108,10915,10120,Embalagem de 1 litro,Shoyce,,"1,99€/L","1,99€",https://cdn.intermarche.pt/pt/Content/images/boitmal/produit/zoom/CA66BCED18FB09F732CBB0A79689D408.jpg,,/product/bebida-de-aveia-barista/5600798961108
14509,Bebida de soja baunilha,5411188115533,10711,10022,Embalagem de 1L,Alpro,,"2,49€/L","2,49€",https://cdn.intermarche.pt/pt/Content/images/boitmal/produit/zoom/CC3EB204FB7E42571369231C3EB15D86.jpg,,/product/bebida-de-soja-baunilha/5411188115533
24031,Sumo natural de uva preta bio,5604321027781,10915,10120,Garrafa de 1 l,Cemporcento,,"3,09€/L","3,09€",https://cdn.intermarche.pt/pt/Content/images/boitmal/produit/zoom/A86457B157A86E3DD843B979B3D1836F.jpg,,/product/sumo-natural-de-uva-preta-bio/5604321027781
39860,Bebida instantânea em pó de soja,5604321029099,10915,10120,Embalagem de 400g,Cemporcento,,"17,48€/Kg","6,99€",https://cdn.intermarche.pt/pt/Content/images/boitmal/produit/zoom/7177DD4F29C9839BE00722F717684D67.jpg,,/product/bebida-instantanea-em-po-de-soja/5604321029099
40054,Sumo natural de cenoura bio,5604321027743,10915,10120,Garrafa de 200 ml,Cemporcento,,"4,95€/L","0,99€",https://cdn.intermarche.pt/pt/Content/images/boitmal/produit/zoom/6C4139D28E3DBB139BAAFEE0CC8D2AA5.jpg,,/product/sumo-natural-de-cenoura-bio/5604321027743
40055,Sumo natural de uva preta bio,5604321027750,10915,10120,Garrafa de 200 ml,Cemporcento,,"3,95€/L","0,79€",https://cdn.intermarche.pt/pt/Content/images/boitmal/produit/zoom/1E75E60FA5078F527121F20EF4DD8C5A.jpg,,/product/sumo-natural-de-uva-preta-bio/5604321027750
40056,Sumo natural de maçã bio,5604321027767,10915,10120,Garrafa de 200 ml,Cemporcento,,"4,95€/L","0,99€",https://cdn.intermarche.pt/pt/Content/images/boitmal/produit/zoom/FCC19AAD85A8412CFA77C1691266B674.jpg,,/product/sumo-natural-de-maca-bio/5604321027767
40057,Sumo natural de ananás bio,5604321027774,10915,10120,Garrafa de 200 ml,Cemporcento,,"5,45€/L","1,09€",https://cdn.intermarche.pt/pt/Content/images/boitmal/produit/zoom/AC63D828989A7A41A5557B8C1EB2CFF2.jpg,,/product/sumo-natural-de-ananas-bio/5604321027774
40058,Sumo natural de maçã bio,5604321027798,10915,10120,Garrafa de 1 l,Cemporcento,,"2,88€/L","2,88€",https://cdn.intermarche.pt/pt/Content/images/boitmal/produit/zoom/AA73F67E2328BC75E657F9E65778203C.jpg,,/product/sumo-natural-de-maca-bio/5604321027798
40059,Néctar de romã,5604321027811,10915,10120,Garrafa de 200 ml,Cemporcento,,"10,95€/L","2,19€",https://cdn.intermarche.pt/pt/Content/images/boitmal/produit/zoom/88DEABDD6476AA95C166CD6A67BCDACA.jpg,,/product/nectar-de-roma/5604321027811
40203,Bebida de Amêndoa,8436019097014,10915,10120,Embalagem de 1L,Frias,,"2,19€/L","2,19€",https://cdn.intermarche.pt/pt/Content/images/boitmal/produit/zoom/66BEC5137458055F8818DF5A22B46FCA.jpg,,/product/bebida-de-amendoa/8436019097014
40204,Bebida de Aveia,8436019097021,10915,10120,Embalagem de 1L,Frias,,"1,89€/L","1,89€",https://cdn.intermarche.pt/pt/Content/images/boitmal/produit/zoom/7FB387BD0D14FEC7BB52C0FA4BE2BA59.jpg,,/product/bebida-de-aveia/8436019097021
40205,Bebida de Arroz,8436019097038,10915,10120,Embalagem de 1L,Frias,,"1,89€/L","1,89€",https://cdn.intermarche.pt/pt/Content/images/boitmal/produit/zoom/FC3D1DB022047D8176E815976EF192AE.jpg,,/product/bebida-de-arroz/8436019097038
40208,Bebida de Soja com Cálcio,8436019099674,10915,10120,Embalagem de 1L,Frias,,"1,39€/L","1,39€",https://cdn.intermarche.pt/pt/Content/images/boitmal/produit/zoom/2DA0ACE999B08B50434CBD59387B076B.jpg,,/product/bebida-de-soja-com-calcio/8436019099674
40209,Bebida de Soja Natural,8436019099681,10915,10120,Embalagem de 1L,Frias,,"1,29€/L","1,29€",https://cdn.intermarche.pt/pt/Content/images/boitmal/produit/zoom/4B5D11BA3D579EBB46579B8BDE308A00.jpg,,/product/bebida-de-soja-natural/8436019099681
44004,Balões latex rosa,5604260304400,10621,10092,Embalagem com 24 unidades,PorSi,,"1,69€/Unidade","1,69€",https://cdn.intermarche.pt/pt/Content/images/boitmal/produit/zoom/0357222AB0DBADA8A73AC726DFA41361.jpg,,/product/baloes-latex-rosa/5604260304400
44003,Balões latex azul,5604260304394,10621,10092,Embalagem com 24 unidades,PorSi,,"1,69€/Unidade","1,69€",https://cdn.intermarche.pt/pt/Content/images/boitmal/produit/zoom/65E6A3AE4BBBF51157117F86D90D4F15.jpg,,/product/baloes-latex-azul/5604260304394
44005,Balões latex brancos,5604260304417,10621,10092,Embalagem com 24 unidades,PorSi,,"1,69€/Unidade","1,69€",https://cdn.intermarche.pt/pt/Content/images/boitmal/produit/zoom/71D46A8FB5D248F56526CE276C8AA794.jpg,,/product/baloes-latex-brancos/5604260304417
44006,Balões latex amarelos,5604260304424,10621,10092,Embalagem com 24 unidades,PorSi,,"1,69€/Unidade","1,69€",https://cdn.intermarche.pt/pt/Content/images/boitmal/produit/zoom/826BD275BAA1C4E128DCD8EBC93C00DE.jpg,,/product/baloes-latex-amarelos/5604260304424
43470,Sombrinhas decorativas,5604260303946,10621,10092,Embalagem com 25 unidades,PorSi,,"1,39€/Unidade","1,39€",https://cdn.intermarche.pt/pt/Content/images/boitmal/produit/zoom/44D1215F653E5CD38F5F28B058151E54.jpg,,/product/sombrinhas-decorativas/5604260303946
44001,Balões latex vermelho,5604260304370,10621,10092,Embalagem com 24 unidades,PorSi,,"1,69€/Unidade","1,69€",https://cdn.intermarche.pt/pt/Content/images/boitmal/produit/zoom/4625512D683516A815679F07FBBD5A55.jpg,,/product/baloes-latex-vermelho/5604260304370
44002,Balões latex verde,5604260304387,10621,10092,Embalagem com 24 unidades,PorSi,,"1,69€/Unidade","1,69€",https://cdn.intermarche.pt/pt/Content/images/boitmal/produit/zoom/8680C683ACDFFA27487331CA0291CFFA.jpg,,/product/baloes-latex-verde/5604260304387
44007,Balões latex mistos,5604260304431,10621,10092,Embalagem com 24 unidades,PorSi,,"1,69€/Unidade","1,69€",https://cdn.intermarche.pt/pt/Content/images/boitmal/produit/zoom/155684249E8015B4607378BED78CF8C9.jpg,,/product/baloes-latex-mistos/5604260304431
38206,Palhinhas de papel,5604260296439,10622,10092,25 unidades,PorSi,,"1,49€/Unidade","1,49€",https://cdn.intermarche.pt/pt/Content/images/boitmal/produit/zoom/4D886C5EA2F7E07EA847B5DAACFCBAB8.jpg,,/product/palhinhas-de-papel/5604260296439
3367,Vela com número nº 0,5604260272228,10622,10092,1 unidade,PorSi,,"0,49€/Unidade","0,49€",https://cdn.intermarche.pt/pt/Content/images/boitmal/produit/zoom/A9277723DBC597B526D9D2D69F5A64B0.jpg,,/product/vela-com-numero-nº-0/5604260272228
3370,Vela com número nº 3,5604260272259,10622,10092,1 unidade,PorSi,,"0,49€/Unidade","0,49€",https://cdn.intermarche.pt/pt/Content/images/boitmal/produit/zoom/D3AC6466DA9A5F847C0B1B6825FC886A.jpg,,/product/vela-com-numero-nº-3/5604260272259
12138,Vela com número 4,5604260272266,10622,10092,1 unidade,PorSi,,"0,49€/Unidade","0,49€",https://cdn.intermarche.pt/pt/Content/images/boitmal/produit/zoom/9B1E1D0A378FE64948745A9C4B959050.jpg,,/product/vela-com-numero-4/5604260272266
3368,Vela com número nº 1,5604260272235,10622,10092,1 unidade,PorSi,,"0,49€/Unidade","0,49€",https://cdn.intermarche.pt/pt/Content/images/boitmal/produit/zoom/8D3AD72C887F84B3D6B370CEB2E61807.jpg,,/product/vela-com-numero-nº-1/5604260272235
3369,"Vela com número, nº2",5604260272242,10622,10092,1 unidade,PorSi,,"0,49€/Unidade","0,49€",https://cdn.intermarche.pt/pt/Content/images/boitmal/produit/zoom/06B69EEB1EB272C100E099AC94B4F941.jpg,,/product/vela-com-numero-nº2/5604260272242
3371,Vela com número nº 5,5604260272273,10622,10092,1 unidade,PorSi,,"0,49€/Unidade","0,49€",https://cdn.intermarche.pt/pt/Content/images/boitmal/produit/zoom/9ECFE1F9B95883719EA2063402452B0E.jpg,,/product/vela-com-numero-nº-5/5604260272273
5963,Vela em número nº9,5604260272419,10622,10092,1 unidade,PorSi,,"0,59€/Unidade","0,59€",https://cdn.intermarche.pt/pt/Content/images/boitmal/produit/zoom/1F05C1B88FFFF428D64F44D63C69E201.jpg,,/product/vela-em-numero-nº9/5604260272419
12139,"Vela em número,  nº 0",5604260272327,10622,10092,1 unidade,PorSi,,"0,59€/Unidade","0,59€",https://cdn.intermarche.pt/pt/Content/images/boitmal/produit/zoom/04E682B82994418D5A80797E7BC3A8FC.jpg,,/product/vela-em-numero-nº-0/5604260272327
12140,Vela em número nº1,5604260272334,10622,10092,1 unidade,PorSi,,"0,59€/Unidade","0,59€",https://cdn.intermarche.pt/pt/Content/images/boitmal/produit/zoom/2854D0A6A64388E462657AF600E1DB38.jpg,,/product/vela-em-numero-nº1/5604260272334
3366,Vela mágica pack de 10 unidades,5604260272211,10622,10092,,PorSi,,"0,89€/Unidade","0,89€",https://cdn.intermarche.pt/pt/Content/images/boitmal/produit/zoom/AF7A7B2D1B2AC46E6D6DCDCE392C3B0C.jpg,,/product/vela-magica-pack-de-10-unidades/5604260272211
3372,Vela com número nº 6,5604260272280,10622,10092,1 unidade,PorSi,,"0,49€/Unidade","0,49€",https://cdn.intermarche.pt/pt/Content/images/boitmal/produit/zoom/A9A89517F531035B43AF47955D50645B.jpg,,/product/vela-com-numero-nº-6/5604260272280
3373,"Vela com número, nº 7",5604260272297,10622,10092,1 unidade,PorSi,,"0,49€/Unidade","0,49€",https://cdn.intermarche.pt/pt/Content/images/boitmal/produit/zoom/AB171DC821F06570D8EF603826D2EAB9.jpg,,/product/vela-com-numero-nº-7/5604260272297
3374,Vela com número nº 8,5604260272303,10622,10092,1 unidade,PorSi,,"0,49€/Unidade","0,49€",https://cdn.intermarche.pt/pt/Content/images/boitmal/produit/zoom/E70F236BD41DDF4BC6A2A4FFC35A400A.jpg,,/product/vela-com-numero-nº-8/5604260272303
3375,Vela com número nº 9,5604260272310,10622,10092,1 unidade,PorSi,,"0,49€/Unidade","0,49€",https://cdn.intermarche.pt/pt/Content/images/boitmal/produit/zoom/1EE31B5A18DA8F239E9D67B337018400.jpg,,/product/vela-com-numero-nº-9/5604260272310
5962,"Vela em número, nº 8",5604260272402,10622,10092,1 unidade,PorSi,,"0,59€/Unidade","0,59€",https://cdn.intermarche.pt/pt/Content/images/boitmal/produit/zoom/772E7E6480CA6B7D765BBC236FD713E0.jpg,,/product/vela-em-numero-nº-8/5604260272402
