Product ID,Title,EAN,Family ID,Department ID,Packaging,Brand,Category,Price,Price Per Unit,Image URL,Promo End,Product URL
17969,Recarga ambientador elétrico delícias de verão,8410104156695,10563,10082,Embalagem de 1 unidades,Air Wick,,"3,59€/Unidade","3,59€",https://cdn.intermarche.pt/pt/Content/images/boitmal/produit/zoom/89EB6F6E8C7C8305CF7EAE80C39CA640.jpg,2024-09-25T22:59:59.999Z,/product/recarga-ambientador-eletrico-delicias-de-verao/8410104156695
17972,Recarga ambientador elétrico rosa bouquet,8410104017231,10563,10082,Embalagem de 1 unidades,Air Wick,,"3,59€/Unidade","3,59€",https://cdn.intermarche.pt/pt/Content/images/boitmal/produit/zoom/D8B202FFB9AFF7E2813DF45204F83EEC.jpg,2024-09-25T22:59:59.999Z,/product/recarga-ambientador-eletrico-rosa-bouquet/8410104017231
29967,Recarga Ambientador Automático Essential Mist Lavanda,8410104888169,10563,10082,1 un.,Air Wick,,"4,99€/Unidade","4,99€",https://cdn.intermarche.pt/pt/Content/images/boitmal/produit/zoom/C458B3BC0204195F7DC4EF7AA5C153A8.jpg,2024-09-25T22:59:59.999Z,/product/recarga-ambientador-automatico-essential-mist-lavanda/8410104888169
3642,Ambientador recarga lavanda,3059943009080,10563,10082,Garrafa de 250 ml,Air Wick,,"14,36€/L","3,59€",https://cdn.intermarche.pt/pt/Content/images/boitmal/produit/zoom/756F620C8BCD41CE49D260CCD66BCDF2.jpg,2024-09-25T22:59:59.999Z,/product/ambientador-recarga-lavanda/3059943009080
16532,Ambientador recarga delícias de verão,8410104156640,10563,10082,Garrafa de 250 ml,Air Wick,,"14,36€/L","3,59€",https://cdn.intermarche.pt/pt/Content/images/boitmal/produit/zoom/1A24418B2FA3D8BC0FEDAE10D82B4634.jpg,2024-09-25T22:59:59.999Z,/product/ambientador-recarga-delicias-de-verao/8410104156640
33228,"Ambientador Elétrico Delícias De Verão, 1un.",8410104392871,10563,10082,1 un.,Air Wick,,"4,75€/Unidade","4,75€",https://cdn.intermarche.pt/pt/Content/images/boitmal/produit/zoom/557FB5D994B47029B5886FF9BEB321AD.jpg,2024-09-25T22:59:59.999Z,/product/ambientador-eletrico-delicias-de-verao-1un./8410104392871
38234,Ambientador Difusão Automático Essential Mist Lavanda,8410104894290,10563,10082,1 un.,Air Wick,,"11,99€/Unidade","11,99€",https://cdn.intermarche.pt/pt/Content/images/boitmal/produit/zoom/EAD77DE1A7473AD6BE9F1BBC6B3A3BD0.jpg,2024-09-25T22:59:59.999Z,/product/ambientador-difusao-automatico-essential-mist-lavanda/8410104894290
49362,Recarga ambientador elétrico vanilla,8410104898342,10563,10082,19 ml,Air Wick,,"3,59€/Unidade","3,59€",https://cdn.intermarche.pt/pt/Content/images/boitmal/produit/zoom/0F0B6D0F4126AEFF3559AE3FDD3F3535.jpg,2024-09-25T22:59:59.999Z,/product/recarga-ambientador-eletrico-vanilla/8410104898342
51386,Ambientador Difusor Active Fresh Brisa Marítima,8410104913823,10563,10082,Embalagem de 1 unidades,Air Wick,,"7,99€/Unidade","7,99€",https://cdn.intermarche.pt/pt/Content/images/boitmal/produit/zoom/E83640673AE92AF0F3495ED946C9D5D3.jpg,2024-09-25T22:59:59.999Z,/product/ambientador-difusor-active-fresh-brisa-maritima/8410104913823
51387,Ambientador Recarga Active Fresh Lavanda e Lírio,8410104913779,10563,10082,Garrafa de 224 ml,Air Wick,,"26,74€/L","5,99€",https://cdn.intermarche.pt/pt/Content/images/boitmal/produit/zoom/CA25600DB2B818361562D1A180F1DDD4.jpg,2024-09-25T22:59:59.999Z,/product/ambientador-recarga-active-fresh-lavanda-e-lirio/8410104913779
54232,"Ambientador Automático Delicias de Verão, 250ml",5601217137449,10563,10082,,Air Wick,,"28,76€/L","7,19€",https://cdn.intermarche.pt/pt/Content/images/boitmal/produit/zoom/CAB5A47BCE1E682E6713391C4A4034A2.jpg,2024-09-25T22:59:59.999Z,/product/ambientador-automatico-delicias-de-verao-250ml/5601217137449
54233,"Ambientador Active Fresh Recarga Jazmim, 224ml",8410104913786,10563,10082,,Air Wick,,"26,74€/L","5,99€",https://cdn.intermarche.pt/pt/Content/images/boitmal/produit/zoom/F416A942027B2E7E71A89C274E0861FB.jpg,2024-09-25T22:59:59.999Z,/product/ambientador-active-fresh-recarga-jazmim-224ml/8410104913786
54236,"Ambientador Active Fresh Comp Lavanda e Liro, 228ml",5601217138699,10563,10082,,Air Wick,,"35,04€/L","7,99€",https://cdn.intermarche.pt/pt/Content/images/boitmal/produit/zoom/EEFB902197906676F07A8A981CE39FF9.jpg,2024-09-25T22:59:59.999Z,/product/ambientador-active-fresh-comp-lavanda-e-liro-228ml/5601217138699
8762,Ambientador elétrico lavanda,5601217121363,10563,10082,Embalagem de 1 unidades,Air Wick,,"4,75€/Unidade","4,75€",https://cdn.intermarche.pt/pt/Content/images/boitmal/produit/zoom/3CE81B14DBB81C823308BF294F557164.jpg,2024-09-25T22:59:59.999Z,/product/ambientador-eletrico-lavanda/5601217121363
7965,"Recarga ambientador automático, sense & spray, lavanda/jasmim",5000204595369,10563,10082,,Glade,,"5,99€/Unidade","5,99€",https://cdn.intermarche.pt/pt/Content/images/boitmal/produit/zoom/79F31608A8C9C832B0C2783B71CE42B1.jpg,,/product/recarga-ambientador-automatico-sense-&-spray-lavanda-ou-jasmim/5000204595369
16682,"Recarga ambientador eléctrico, alfazema",5604260279111,10563,10082,Embalagem de 25 ml,PorSi,,"1,99€/Unidade","1,99€",https://cdn.intermarche.pt/pt/Content/images/boitmal/produit/zoom/081D94585DEDE96B18245AF7DD447AEA.jpg,,/product/recarga-ambientador-electrico-alfazema/5604260279111
47938,Recarga ambientador automático baunilha/magnólia,5604260321681,10563,10082,Embalagem de 250 ml,PorSi,,"7,56€/L","1,89€",https://cdn.intermarche.pt/pt/Content/images/boitmal/produit/zoom/8DBD430DC40C41758289C8CDB8345CCF.jpg,,/product/recarga-ambientador-automatico-baunilha-ou-magnolia/5604260321681
19495,Recarga Ambientador Automático Sparkling Citrus,5604260321674,10563,10082,Embalagem de 250 ml,PorSi,,"7,56€/L","1,89€",https://cdn.intermarche.pt/pt/Content/images/boitmal/produit/zoom/3C985CCB27D420753473D7C1D305E446.jpg,,/product/recarga-ambientador-automatico-sparkling-citrus/5604260321674
45047,Recarga ambientador auto lavanda,5604260313129,10563,10082,250 ml,PorSi,,"7,96€/L","1,99€",https://cdn.intermarche.pt/pt/Content/images/boitmal/produit/zoom/567BB41ED3E47964A40580556F8D3273.jpg,,/product/recarga-ambientador-auto-lavanda/5604260313129
4756,"Recarga ambientador automático, lavanda, 269 ml",5000204731866,10563,10082,,Glade,,"21,90€/L","5,89€",https://cdn.intermarche.pt/pt/Content/images/boitmal/produit/zoom/1B6B89B31B03A0E687AAABB0F439299D.jpg,,/product/recarga-ambientador-automatico-lavanda-269-ml/5000204731866
16679,Ambientador elétrico + recarga alfazema,5604260279104,10563,10082,1 unidade,PorSi,,"3,49€/Unidade","3,49€",https://cdn.intermarche.pt/pt/Content/images/boitmal/produit/zoom/7F80717B9A30D049CC37C4357EA165DC.jpg,,/product/ambientador-eletrico-+-recarga-alfazema/5604260279104
48348,Recarga ambientador elétrico frutos do bosque,5604260320387,10563,10082,Garrafa de 25 ml,PorSi,,"79,60€/L","1,99€",https://cdn.intermarche.pt/pt/Content/images/boitmal/produit/zoom/AB8DCDF47248590AA05504EE0049400A.jpg,,/product/recarga-ambientador-eletrico-frutos-do-bosque/5604260320387
52276,Ambientador mini spray lavanda,5604260321896,10563,10082,Difusor e 3 recargas,PorSi,,"3,79€/Unidade","3,79€",https://cdn.intermarche.pt/pt/Content/images/boitmal/produit/zoom/B6D2DABD44B019518DA639D5880069A9.jpg,,/product/ambientador-mini-spray-lavanda/5604260321896
49061,Ambientador relaxing zen,5000204073492,10563,10082,269 ml,Glade,,"44,57€/L","11,99€",https://cdn.intermarche.pt/pt/Content/images/boitmal/produit/zoom/9540FDB4C3368E0863D74A6155283932.jpg,,/product/ambientador-relaxing-zen/5000204073492
52277,Ambientador mini spray marinho,5604260321889,10563,10082,Difusor e 3 recargas,PorSi,,"3,79€/Unidade","3,79€",https://cdn.intermarche.pt/pt/Content/images/boitmal/produit/zoom/21004FC86C4D767476399E5DE6EF89A1.jpg,,/product/ambientador-mini-spray-marinho/5604260321889
23528,"Ambientador automático, fresh matic, oasis turquesa",8410104882891,10563,10082,Embalagem de 1 unidades,Air Wick,,"7,19€/Unidade","7,19€",https://cdn.intermarche.pt/pt/Content/images/boitmal/produit/zoom/E75270392CD1D559E10FD719A6989D22.jpg,,/product/ambientador-automatico-fresh-matic-oasis-turquesa/8410104882891
3246,Minifresh-ambientador multiusos,5601296183214,10563,10082,1 unidade,Abelhinha,,"1,99€/Unidade","1,99€",https://cdn.intermarche.pt/pt/Content/images/boitmal/produit/zoom/ED142B9C0A87AEF084339B7F34497434.jpg,,/product/minifresh-ambientador-multiusos/5601296183214
33597,Desumidificador e Ambientador Mini,8412857000058,10563,10082,embalagem de 75g,Humydry,,"62,53€/Kg","4,69€",https://cdn.intermarche.pt/pt/Content/images/boitmal/produit/zoom/8B06E6D5078EF44AAEE2107A50531062.jpg,,/product/desumidificador-e-ambientador-mini/8412857000058
35413,Ambientador sense e spray lavanda e jasmim,5000204075144,10563,10082,18 ml,Glade,,"499,44€/L","8,99€",https://cdn.intermarche.pt/pt/Content/images/boitmal/produit/zoom/03FA7C81C83C6A707EC27FCCB6358A38.jpg,,/product/ambientador-sense-e-spray-lavanda-e-jasmim/5000204075144
36241,Ambientador eléctrico Relaxing Zen + recarga,5000204117677,10563,10082,1 unidade,Glade,,"7,99€/Unidade","7,99€",https://cdn.intermarche.pt/pt/Content/images/boitmal/produit/zoom/7CE153FFF29E81DB96D12603976BAE32.jpg,,/product/ambientador-electrico-relaxing-zen-+-recarga/5000204117677
36242,Ambientador elétrico pure clean linen + recarga,5000204117585,10563,10082,1 unidade,Glade,,"7,99€/Unidade","7,99€",https://cdn.intermarche.pt/pt/Content/images/boitmal/produit/zoom/6D57C2EED18A9B390BC2EDE1255ADE8C.jpg,,/product/ambientador-eletrico-pure-clean-linen-+-recarga/5000204117585
3640,Ambientador recarga bouquet,3059943009042,10563,10082,Garrafa de 250 ml,Air Wick,,"14,36€/L","3,59€",https://cdn.intermarche.pt/pt/Content/images/boitmal/produit/zoom/1F52E1C350BB4DF2021673FA1E13CEA6.jpg,,/product/ambientador-recarga-bouquet/3059943009042
46844,Ambientador automático lavanda,5604260321025,10563,10082,250 ml,PorSi,,"27,96€/L","6,99€",https://cdn.intermarche.pt/pt/Content/images/boitmal/produit/zoom/1B4C20A5561354668C864734D2AE0512.jpg,,/product/ambientador-automatico-lavanda/5604260321025
4753,"Recarga ambientador automático, bali, 269 ml",5000204731422,10563,10082,,Glade,,"22,27€/L","5,99€",https://cdn.intermarche.pt/pt/Content/images/boitmal/produit/zoom/A399EAC5FAE4DAFBA09AEAF50498F9B6.jpg,,/product/recarga-ambientador-automatico-bali-269-ml/5000204731422
49063,Ambientador Touch & Fresh Lavanda,5000204076202,10563,10082,10 ml,Glade,,"4,99€/Unidade","4,99€",https://cdn.intermarche.pt/pt/Content/images/boitmal/produit/zoom/CABA9459962DCA8AB8222A12B2E4DDF0.jpg,,/product/ambientador-touch-&-fresh-lavanda/5000204076202
51388,Ambientador Recarga Active Fresh Brisa Marítima,8410104913809,10563,10082,Garrafa de 224 ml,Air Wick,,"26,74€/L","5,99€",https://cdn.intermarche.pt/pt/Content/images/boitmal/produit/zoom/8B9F3CBB3B33EB74074E45EC69CFC268.jpg,,/product/ambientador-recarga-active-fresh-brisa-maritima/8410104913809
51770,Ambientador Eléctrico Recarga,8410104882716,10563,10082,Pack 2 x 19 ml,Air Wick,,"5,19€/Unidade","5,19€",https://cdn.intermarche.pt/pt/Content/images/boitmal/produit/zoom/5FBCFBB1C9F842A401BF4A27A693FC2C.jpg,,/product/ambientador-electrico-recarga/8410104882716
51776,Ambientador Recarga Touch & Fresh Lavanda,5000204288360,10563,10082,Embalagem de 10 ml,Glade,,"399,00€/L","3,99€",https://cdn.intermarche.pt/pt/Content/images/boitmal/produit/zoom/D734202559D9B082BC86E370B1C9A8AD.jpg,,/product/ambientador-recarga-touch-&-fresh-lavanda/5000204288360
52278,Recargas mini spray marinho,5604260329106,10563,10082,3 recargas,PorSi,,"3,49€/Unidade","3,49€",https://cdn.intermarche.pt/pt/Content/images/boitmal/produit/zoom/878CADC44479FC2AA3ABC5721A496081.jpg,,/product/recargas-mini-spray-marinho/5604260329106
52279,Recargas mini spray lavanda,5604260329090,10563,10082,3 recargas,PorSi,,"3,49€/Unidade","3,49€",https://cdn.intermarche.pt/pt/Content/images/boitmal/produit/zoom/B235A90A404112ED96A905BEB1356931.jpg,,/product/recargas-mini-spray-lavanda/5604260329090
49885,Ambientador auto coco,5604260275021,10564,10082,1 unidade,PorSi,,"0,99€/Unidade","0,99€",https://cdn.intermarche.pt/pt/Content/images/boitmal/produit/zoom/65624AD842D72E00AF52111F3D49D97A.jpg,,/product/ambientador-auto-coco/5604260275021
49886,Ambientador auto morango,5604260275052,10564,10082,1 unidade,PorSi,,"0,99€/Unidade","0,99€",https://cdn.intermarche.pt/pt/Content/images/boitmal/produit/zoom/E5222DE915BC43DBC42924C83448E4E5.jpg,,/product/ambientador-auto-morango/5604260275052
3402,Ambientador arbre magique côco,8001365055362,10564,10082,1 unidade,Arbre Magique,,"1,99€/Unidade","1,99€",https://cdn.intermarche.pt/pt/Content/images/boitmal/produit/zoom/CB63563D5BB10A733FC81A33BA080780.jpg,,/product/ambientador-arbre-magique-coco/8001365055362
38209,Ambientador auto limão,5604260275045,10564,10082,1 unidade,PorSi,,"0,99€/Unidade","0,99€",https://cdn.intermarche.pt/pt/Content/images/boitmal/produit/zoom/ED237EC21C698755F65F67BD8D9A13DD.jpg,,/product/ambientador-auto-limao/5604260275045
48894,Ambientador limão,5604260322589,10564,10082,frasco de 5 ml,PorSi,,"398,00€/L","1,99€",https://cdn.intermarche.pt/pt/Content/images/boitmal/produit/zoom/C3A15A666EA0D656F5A5D2C6AE6D277C.jpg,,/product/ambientador-limao/5604260322589
48895,Ambientador carro novo,5604260322596,10564,10082,frasco de 5 ml,PorSi,,"398,00€/L","1,99€",https://cdn.intermarche.pt/pt/Content/images/boitmal/produit/zoom/832BCB654781C72797CFE3F136BEFF18.jpg,,/product/ambientador-carro-novo/5604260322596
49212,Ambientador carro baunilha,5604260322565,10564,10082,Frasco de 5 ml,PorSi,,"398,00€/L","1,99€",https://cdn.intermarche.pt/pt/Content/images/boitmal/produit/zoom/7537778E541E3634038F907899D07A92.jpg,,/product/ambientador-carro-baunilha/5604260322565
28894,Ambientador Anti-Tabaco,8001090245311,10564,10082,1 un.,Ambipur,,"3,49€/Unidade","3,49€",https://cdn.intermarche.pt/pt/Content/images/boitmal/produit/zoom/7A6E7B8749D8C5505BFE2393311E4ECF.jpg,,/product/ambientador-anti-tabaco/8001090245311
38210,Ambientador auto pinho,5604260275038,10564,10082,1 unidade,PorSi,,"0,99€/Unidade","0,99€",https://cdn.intermarche.pt/pt/Content/images/boitmal/produit/zoom/3C1C9DCC1734ECB63F0131CF72172F82.jpg,,/product/ambientador-auto-pinho/5604260275038
49213,Ambientador carro morango,5604260322572,10564,10082,Frasco de 5 ml,PorSi,,"398,00€/L","1,99€",https://cdn.intermarche.pt/pt/Content/images/boitmal/produit/zoom/8DB6C37314593C1E9FEBBE13AFF8492E.jpg,,/product/ambientador-carro-morango/5604260322572
49884,Ambientador auto baunilha,5604260275014,10564,10082,1 unidade,PorSi,,"0,99€/Unidade","0,99€",https://cdn.intermarche.pt/pt/Content/images/boitmal/produit/zoom/36E91C5F4C295574EC23691495270FA5.jpg,,/product/ambientador-auto-baunilha/5604260275014
7804,"Ambientador carro para ventilador, difusor temporário noturno",4015600641405,10564,10082,1 unidade,Ambipur,,"3,49€/Unidade","3,49€",https://cdn.intermarche.pt/pt/Content/images/boitmal/produit/zoom/4F05E492656C93DC632EDE8AA5FB06AD.jpg,,/product/ambientador-carro-para-ventilador-difusor-temporario-noturno/4015600641405
7807,Ambientador carro para ventilador difusor brisa flor,4015600641610,10564,10082,,Ambipur,,"3,49€/Unidade","3,49€",https://cdn.intermarche.pt/pt/Content/images/boitmal/produit/zoom/AF54900827516E4B2CA17376D48A26F3.jpg,,/product/ambientador-carro-para-ventilador-difusor-brisa-flor/4015600641610
3400,Ambientador arbremagique pinho,8001365055003,10564,10082,1 unidade,Arbre Magique,,"1,99€/Unidade","1,99€",https://cdn.intermarche.pt/pt/Content/images/boitmal/produit/zoom/B484FDD58A5CC4E4691CB1C55914E3DE.jpg,,/product/ambientador-arbremagique-pinho/8001365055003
17888,Ambientador vela duo maçã,8410104447519,10566,10082,Embalagem de 210g,Air Wick,,"22,62€/Kg","4,75€",https://cdn.intermarche.pt/pt/Content/images/boitmal/produit/zoom/D00971838F5B057B4D788076FF026A74.jpg,2024-09-25T22:59:59.999Z,/product/ambientador-vela-duo-maca/8410104447519
17887,Ambientador vela duo exotic baunilha,8410104447526,10566,10082,Embalagem de 210g,Air Wick,,"22,62€/Kg","4,75€",https://cdn.intermarche.pt/pt/Content/images/boitmal/produit/zoom/DA98E89F111A6B968E27D8EB29C79BD0.jpg,2024-09-25T22:59:59.999Z,/product/ambientador-vela-duo-exotic-baunilha/8410104447526
20693,Ambientador stick delicias de verão,8410104157043,10566,10082,Embalagem de 1 unidades,Air Wick,,"5,99€/Unidade","5,99€",https://cdn.intermarche.pt/pt/Content/images/boitmal/produit/zoom/D098F47A1220855E85621501E3B0F5C0.jpg,2024-09-25T22:59:59.999Z,/product/ambientador-stick-delicias-de-verao/8410104157043
42130,Ambientador tealights frutos vermelhos,5604260309214,10566,10082,embalagem com 18 unidades,PorSi,,"1,99€/Unidade","1,99€",https://cdn.intermarche.pt/pt/Content/images/boitmal/produit/zoom/0930D4BFA8C23A05F161B6D6995F6CB8.jpg,,/product/ambientador-tealights-frutos-vermelhos/5604260309214
43471,Ambientador difusor lavanda,5604260309221,10566,10082,50 ml,PorSi,,"53,80€/L","2,69€",https://cdn.intermarche.pt/pt/Content/images/boitmal/produit/zoom/C672E69EBE45A85DA53F539F0E6DA3EA.jpg,,/product/ambientador-difusor-lavanda/5604260309221
42025,Ambientador vela frutos vermelhos,5604260309139,10566,10082,1 unidade,PorSi,,"2,29€/Unidade","2,29€",https://cdn.intermarche.pt/pt/Content/images/boitmal/produit/zoom/1A7D67CA37D7269D755FC436146C4818.jpg,,/product/ambientador-vela-frutos-vermelhos/5604260309139
42024,Ambientador vela baunilha,5604260309122,10566,10082,1 unidade,PorSi,,"2,29€/Unidade","2,29€",https://cdn.intermarche.pt/pt/Content/images/boitmal/produit/zoom/54867F53A6C9C390C5527CB0540B4109.jpg,,/product/ambientador-vela-baunilha/5604260309122
51768,Ambientador vela Bubbly Berry Splash,5000204249705,10566,10082,1 unidade com 129 g,Glade,,"38,68€/Kg","4,99€",https://cdn.intermarche.pt/pt/Content/images/boitmal/produit/zoom/F8EB4B167838EE3AFEB679E1A98B61B5.jpg,,/product/ambientador-vela-bubbly-berry-splash/5000204249705
42026,Ambientador vela maçã e canela,5604260309146,10566,10082,1 unidade,PorSi,,"2,29€/Unidade","2,29€",https://cdn.intermarche.pt/pt/Content/images/boitmal/produit/zoom/8A9A306454BF05DEB010EB526B64ADDE.jpg,,/product/ambientador-vela-maca-e-canela/5604260309146
42708,Ambientador Difusor Frutos Vermelhos,5604260309238,10566,10082,50 ml,PorSi,,"53,80€/L","2,69€",https://cdn.intermarche.pt/pt/Content/images/boitmal/produit/zoom/2DF4A5ED4CBADCBBACB47D417548292C.jpg,,/product/ambientador-difusor-frutos-vermelhos/5604260309238
17889,Ambientador vela gota frutos vermelhos,5601217126979,10566,10082,Embalagem de 1 unidades,Air Wick,,"3,29€/Unidade","3,29€",https://cdn.intermarche.pt/pt/Content/images/boitmal/produit/zoom/FDBAD1DB12121CFC7650F71D2757E141.jpg,,/product/ambientador-vela-gota-frutos-vermelhos/5601217126979
42128,Ambientador tealights baunilha,5604260309191,10566,10082,embalagem com 18 unidades,PorSi,,"1,99€/Unidade","1,99€",https://cdn.intermarche.pt/pt/Content/images/boitmal/produit/zoom/B779B2E3AEAF3CD63D06BEB086FC812F.jpg,,/product/ambientador-tealights-baunilha/5604260309191
42129,Ambientador tealights canela,5604260309207,10566,10082,embalagem com 18 unidades,PorSi,,"1,99€/Unidade","1,99€",https://cdn.intermarche.pt/pt/Content/images/boitmal/produit/zoom/B279D5D8DEC1AA39DC4F7F4A8CAABBED.jpg,,/product/ambientador-tealights-canela/5604260309207
43472,Ambientador difusor baunilha,5604260309245,10566,10082,50 ml,PorSi,,"53,80€/L","2,69€",https://cdn.intermarche.pt/pt/Content/images/boitmal/produit/zoom/545E110EAFFBEB0469D623F8BCB833AE.jpg,,/product/ambientador-difusor-baunilha/5604260309245
42127,Ambientador vela citronela,5604260309184,10566,10082,1 unidade,PorSi,,"2,49€/Unidade","2,49€",https://cdn.intermarche.pt/pt/Content/images/boitmal/produit/zoom/564C4F120E0B52ED8F159D4528EBEDFC.jpg,,/product/ambientador-vela-citronela/5604260309184
4713,"Absorvedores de odores, relax zen",5000204559163,10567,10082,Embalagem de 2x150g,Glade,,"36,60€/L","5,49€",https://cdn.intermarche.pt/pt/Content/images/boitmal/produit/zoom/5F5127732C6C1BEA94A3BEA1EF5AFBE6.jpg,,/product/absorvedores-de-odores-relax-zen/5000204559163
43846,Ambientador máquina de loiça citrinos,5604260309924,10567,10082,1 unidade,PorSi,,"1,39€/Unidade","1,39€",https://cdn.intermarche.pt/pt/Content/images/boitmal/produit/zoom/21FE695F4D3A112352982E48D5DC1CBE.jpg,,/product/ambientador-maquina-de-loica-citrinos/5604260309924
6586,"Abs odores lavanda, pack 2x150g",8412400335316,10567,10082,Embalagem de 2x150 g,Glade,,"36,60€/Kg","5,49€",https://cdn.intermarche.pt/pt/Content/images/boitmal/produit/zoom/2421BFBB5FB5B9C5BE1DA93B19AA0EF5.jpg,,/product/abs-odores-lavanda-pack-2x150g/8412400335316
33631,Ambientador para a máquina da loiça de lima e limão,5601217130631,10567,10082,1 un.,Finish,,"3,49€/Unidade","3,49€",https://cdn.intermarche.pt/pt/Content/images/boitmal/produit/zoom/722D6289DF5674022FB6CD00D38502F9.jpg,,/product/ambientador-para-a-maquina-da-loica-de-lima-e-limao/5601217130631
54304,"Sticks Jardim das Peónias, 1un.",5601217138910,11792,10082,,Air Wick,,"5,99€/Unidade","5,99€",https://cdn.intermarche.pt/pt/Content/images/boitmal/produit/zoom/E332D01C63F8C396176B83026831AE03.jpg,2024-09-25T22:59:59.999Z,/product/sticks-jardim-das-peonias-1un./5601217138910
54305,"Sticks Frescura Roupa Limpa, 1un.",5601217138897,11792,10082,,Air Wick,,"5,99€/Unidade","5,99€",https://cdn.intermarche.pt/pt/Content/images/boitmal/produit/zoom/F4F8FEAA23B4CE09E1B508997FE49094.jpg,2024-09-25T22:59:59.999Z,/product/sticks-frescura-roupa-limpa-1un./5601217138897
45687,Ambientador aerossol 5 em 1 lavanda,5604260312986,11792,10082,300 ml,PorSi,,"3,30€/L","0,99€",https://cdn.intermarche.pt/pt/Content/images/boitmal/produit/zoom/65FAEBB855303FEAA612EDB9FD1411D5.jpg,,/product/ambientador-aerossol-5-em-1-lavanda/5604260312986
45689,Ambientador aerossol 5 em 1 flor laranjeira,5604260313006,11792,10082,300 ml,PorSi,,"3,30€/L","0,99€",https://cdn.intermarche.pt/pt/Content/images/boitmal/produit/zoom/E1F03167637228D4720F79808CEBA654.jpg,,/product/ambientador-aerossol-5-em-1-flor-laranjeira/5604260313006
45690,Ambientador aerossol 5 em 1 jasmim,5604260313013,11792,10082,300 ml,PorSi,,"3,30€/L","0,99€",https://cdn.intermarche.pt/pt/Content/images/boitmal/produit/zoom/0A681788954F8299D9DFB680D363A04F.jpg,,/product/ambientador-aerossol-5-em-1-jasmim/5604260313013
45688,Ambientador aerossol 5 em 1 frescura água,5604260312993,11792,10082,300 ml,PorSi,,"3,30€/L","0,99€",https://cdn.intermarche.pt/pt/Content/images/boitmal/produit/zoom/47175490A60F9FE8CBB9D8B9EB43F743.jpg,,/product/ambientador-aerossol-5-em-1-frescura-agua/5604260312993
4930,"Ambientador spray, aerosol, lavanda",5410101015011,11792,10082,Embalagem de 300 ml,Glade,,"9,30€/L","2,79€",https://cdn.intermarche.pt/pt/Content/images/boitmal/produit/zoom/037FEE88560BD2E4881C975C0BCCF488.jpg,,/product/ambientador-spray-aerosol-lavanda/5410101015011
44386,Ambientador spray pure colónia de bebé,5604260313020,11792,10082,250 ml,PorSi,,"11,96€/L","2,99€",https://cdn.intermarche.pt/pt/Content/images/boitmal/produit/zoom/82E9A9785DDF87B37D7B3757D47B9558.jpg,,/product/ambientador-spray-pure-colonia-de-bebe/5604260313020
44387,Ambientador spray pure flor de cerejeira,5604260313037,11792,10082,250 ml,PorSi,,"11,96€/L","2,99€",https://cdn.intermarche.pt/pt/Content/images/boitmal/produit/zoom/07D7CF68896F8E174C9E8AC4EDFB1829.jpg,,/product/ambientador-spray-pure-flor-de-cerejeira/5604260313037
7994,"Inseticida, recarga, elétrico, pack 2",5000204700398,10569,10086,1 embalagem com 2x27ml,Raid,,"15,99€/Unidade","15,99€",https://cdn.intermarche.pt/pt/Content/images/boitmal/produit/zoom/8901480BBB5476B8C9CD083F26DF5351.jpg,,/product/inseticida-recarga-eletrico-pack-2/5000204700398
4736,"Inseticida recarga, elétrico, 45 noites",5000204700367,10569,10086,1 unidade,Raid,,"7,99€/Unidade","7,99€",https://cdn.intermarche.pt/pt/Content/images/boitmal/produit/zoom/7505E2B86BCEC3D133ED187E7F66730F.jpg,,/product/inseticida-recarga-eletrico-45-noites/5000204700367
10441,"Inseticida eléctrico, recarga, night&day",8412400028782,10569,10086,1 unidade,Raid,,"6,99€/Unidade","6,99€",https://cdn.intermarche.pt/pt/Content/images/boitmal/produit/zoom/54724123488C360371E4C459558D6044.jpg,,/product/inseticida-electrico-recarga-night&day/8412400028782
20389,Inseticida Elétrico Night&Day Pack Duplo,5000204889147,10569,10086,Embalagem de 2x300 mg,Raid,,"26,65€/Kg","15,99€",https://cdn.intermarche.pt/pt/Content/images/boitmal/produit/zoom/4A6460AD9C4B585A6E50DAE115217416.jpg,,/product/inseticida-eletrico-night&day-pack-duplo/5000204889147
34221,Inseticida aerossol moscas. melgas e mosquitos,5000204092783,10569,10086,Embalagem de 400 ml,Baygon,,"12,48€/L","4,99€",https://cdn.intermarche.pt/pt/Content/images/boitmal/produit/zoom/54B42117F57BEC16BC73353279F6A8BE.jpg,,/product/inseticida-aerossol-moscas.-melgas-e-mosquitos/5000204092783
35414,Inseticida ajustável eléctrico líquido anti melgas e mosquitos,5000204088823,10569,10086,60 noites,Raid,,"305,28€/L","10,99€",https://cdn.intermarche.pt/pt/Content/images/boitmal/produit/zoom/EF69A4BD9B58BDFC9A675C3BE132D4F3.jpg,,/product/inseticida-ajustavel-electrico-liquido-anti-melgas-e-mosquitos/5000204088823
35415,Recarga inseticida eléctrico líquido anti melgas e mosquitos,5000204088885,10569,10086,60 noites,Raid,,"277,50€/L","9,99€",https://cdn.intermarche.pt/pt/Content/images/boitmal/produit/zoom/012DF90C266B158C4048F0C335B6342C.jpg,,/product/recarga-inseticida-electrico-liquido-anti-melgas-e-mosquitos/5000204088885
44566,Recarga inseticida elétrico líquido,5000204190175,10569,10086,45 noites,Raid,,"8,19€/Unidade","8,19€",https://cdn.intermarche.pt/pt/Content/images/boitmal/produit/zoom/6052016061E752D95A1F997D6D26EAF4.jpg,,/product/recarga-inseticida-eletrico-liquido/5000204190175
4763,"Inseticida líquido, elétrico, apa",5000204781113,10569,10086,Embalagem de 21 ml,Raid,,"328,10€/L","6,89€",https://cdn.intermarche.pt/pt/Content/images/boitmal/produit/zoom/B8B093297CD74BB7448FD2FCFAB3577E.jpg,,/product/inseticida-liquido-eletrico-apa/5000204781113
54495,"Inseticida Elétrico Recarga Eucalipto, 1 un.",5000204093209,10569,10086,,Raid,,"9,79€/Unidade","9,79€",https://cdn.intermarche.pt/pt/Content/images/boitmal/produit/zoom/C40DCEC6394FC48A927D268B82BF6B7C.jpg,,/product/inseticida-eletrico-recarga-eucalipto-1-un./5000204093209
5574,Difusor elétrico sem fio para pastilhas,5602098111016,10569,10086,Embalagem de 1 unidades,Ezalo,,"6,99€/Unidade","6,99€",https://cdn.intermarche.pt/pt/Content/images/boitmal/produit/zoom/FD1D1B4C3ECFE3FCB291682AB45538ED.jpg,,/product/difusor-eletrico-sem-fio-para-pastilhas/5602098111016
48822,Recarga difusor elétrico melgas e mosquitos,8410436337779,10569,10086,18 ml,Dum Dum,,"6,99€/Unidade","6,99€",https://cdn.intermarche.pt/pt/Content/images/boitmal/produit/zoom/E1E08A231A676AD4359F603A5D620ACC.jpg,,/product/recarga-difusor-eletrico-melgas-e-mosquitos/8410436337779
49591,Fita apanha moscas,5000204092653,10570,10086,4 unidades,Baygon,,"2,79€/Unidade","2,79€",https://cdn.intermarche.pt/pt/Content/images/boitmal/produit/zoom/B3B22FEAC706BC8FA6EC247C0CBC5FF6.jpg,,/product/fita-apanha-moscas/5000204092653
29590,Inseticida Aerossol Rapid Moscas e Mosquitos,5601021300725,10570,10086,1 Embalagem 600ml,Raid,,"8,32€/L","4,99€",https://cdn.intermarche.pt/pt/Content/images/boitmal/produit/zoom/4DB57EA7CC72FFF5B10EDB35ADF3852A.jpg,,/product/inseticida-aerossol-rapid-moscas-e-mosquitos/5601021300725
41242,Inseticida insectos voadores,5604260304110,10570,10086,500 ml,Apta,,"4,38€/L","2,19€",https://cdn.intermarche.pt/pt/Content/images/boitmal/produit/zoom/2838B3D201559A45B00C52CD7EC9DA11.jpg,,/product/inseticida-insectos-voadores/5604260304110
20688,Insecticida Liquido Vaporizante,5604260281046,10570,10086,Embalagem de 500 ml,Apta,,"5,78€/L","2,89€",https://cdn.intermarche.pt/pt/Content/images/boitmal/produit/zoom/DCA0CC688EB4E8556A4A72987490D6D4.jpg,,/product/insecticida-liquido-vaporizante/5604260281046
29248,Insecticida Casa e Plantas,5000204802689,10570,10086,400 ml,Raid,,"13,73€/L","5,49€",https://cdn.intermarche.pt/pt/Content/images/boitmal/produit/zoom/D9BDB5EC6E253EBB459466D1BE77CC12.jpg,,/product/insecticida-casa-e-plantas/5000204802689
29589,Inseticida Aerossol Casa&Plantas,5000204912272,10570,10086,1 Embalagem 600ml,Raid,,"9,98€/L","5,99€",https://cdn.intermarche.pt/pt/Content/images/boitmal/produit/zoom/162CB046D2B32D5D3156D17867ACE1DC.jpg,,/product/inseticida-aerossol-casa&plantas/5000204912272
5207,Inseticida vaporizador,5601149002853,10570,10086,Embalagem de 375 ml,Biokill,,"13,84€/L","5,19€",https://cdn.intermarche.pt/pt/Content/images/boitmal/produit/zoom/2FE45053F040812D634BD6BC5C7168EB.jpg,,/product/inseticida-vaporizador/5601149002853
5208,Insecticida recarga,5601149002860,10570,10086,Embalagem de 375 ml,Biokill,,"11,97€/L","4,49€",https://cdn.intermarche.pt/pt/Content/images/boitmal/produit/zoom/DEB068BB95431BE20849F00629F3A918.jpg,,/product/insecticida-recarga/5601149002860
7968,Pó baratas e formigas,5000204613629,10570,10086,Embalagem de 250 g,Baygon,,"22,76€/Kg","5,69€",https://cdn.intermarche.pt/pt/Content/images/boitmal/produit/zoom/80072BC73AA271990F472552F2E56930.jpg,,/product/po-baratas-e-formigas/5000204613629
53662,Insecticida Spray Multi Insectos,5000204758184,10570,10086,Embalagem de 400ml,Raid,,"17,48€/L","6,99€",https://cdn.intermarche.pt/pt/Content/images/boitmal/produit/zoom/55A14E8C37E7034388EB138125397425.jpg,,/product/insecticida-spray-multi-insectos/5000204758184
54276,"Inseticida Aerossol Eucalipto, 400ml",5000204342642,10570,10086,,Raid,,"14,98€/L","5,99€",https://cdn.intermarche.pt/pt/Content/images/boitmal/produit/zoom/689A01849F46915379865685760AECB9.jpg,,/product/inseticida-aerossol-eucalipto-400ml/5000204342642
54499,"Insecticida Rastejante Control Baratas, 6un.",5000204343397,10570,10086,,Raid,,"6,99€/Unidade","6,99€",https://cdn.intermarche.pt/pt/Content/images/boitmal/produit/zoom/4F6B084543FACE59FCD5D81B62ADB740.jpg,,/product/insecticida-rastejante-control-baratas-6un./5000204343397
54514,"Spray Replente Seco, 100ml",5000204354232,10570,10086,,Autan,,"76,90€/L","7,69€",https://cdn.intermarche.pt/pt/Content/images/boitmal/produit/zoom/B7E5707DBB174F86D2C2CE491AD8F042.jpg,,/product/spray-replente-seco-100ml/5000204354232
48206,Ganchos Perfumados Lavanda,5000204221039,10571,10086,Embalagem de 2 unidades,Raid,,"2,29€/Unidade","2,29€",https://cdn.intermarche.pt/pt/Content/images/boitmal/produit/zoom/00A596E6EAE5420269A06DBA709B50D2.jpg,2024-09-25T22:59:59.999Z,/product/ganchos-perfumados-lavanda/5000204221039
53346,"Insecticida Anti Traça Gel Lavanda, 2 un.",5000204310344,10571,10086,,Raid,,"2,49€/Unidade","2,49€",https://cdn.intermarche.pt/pt/Content/images/boitmal/produit/zoom/85183DE7F313323A9F76803A61102127.jpg,2024-09-25T22:59:59.999Z,/product/insecticida-anti-traca-gel-lavanda-2-un./5000204310344
53345,"Insecticida Anti Traça Gel Cedro, 2 un.",5000204310375,10571,10086,,Raid,,"2,49€/Unidade","2,49€",https://cdn.intermarche.pt/pt/Content/images/boitmal/produit/zoom/3FFCE950E82B28094E0FD740225309CF.jpg,2024-09-25T22:59:59.999Z,/product/insecticida-anti-traca-gel-cedro-2-un./5000204310375
53348,"Insecticida Armadilha Traça dos Alimentos 3 Folhas, 3 un.",5000204266665,10571,10086,,Raid,,"2,74€/Unidade","2,74€",https://cdn.intermarche.pt/pt/Content/images/boitmal/produit/zoom/2D4C014213B36BED1CAE3B027924216A.jpg,2024-09-25T22:59:59.999Z,/product/insecticida-armadilha-traca-dos-alimentos-3-folhas-3-un./5000204266665
48901,Sabao azul e branco,5604260316779,11783,11422,Embalagem de 400g,PorSi,,"3,98€/Kg","1,59€",https://cdn.intermarche.pt/pt/Content/images/boitmal/produit/zoom/D0BC5666217E236A57280B3F9A2F0853.jpg,,/product/sabao-azul-e-branco/5604260316779
44038,Detergente manual roupa,5604260312634,11783,11422,Embalagem de 650g,PorSi,,"1,98€/Kg","1,29€",https://cdn.intermarche.pt/pt/Content/images/boitmal/produit/zoom/5ABA7A38075E1771F802CB14CBCA1906.jpg,,/product/detergente-manual-roupa/5604260312634
48086,Sabao rosa e branco,5604260316786,11783,11422,Embalagem de 400g,PorSi,,"3,98€/Kg","1,59€",https://cdn.intermarche.pt/pt/Content/images/boitmal/produit/zoom/CEAD57CFD4011B0D5847CB9382E08C7A.jpg,,/product/sabao-rosa-e-branco/5604260316786
26305,Detergente Manual p/ Lavar Roupa Regular,8435495801542,11783,11422,Embalagem de 510 g,Gama,,"3,49€/Kg","1,78€",https://cdn.intermarche.pt/pt/Content/images/boitmal/produit/zoom/ACD5E3E0288B51859A1163EC3838C50F.jpg,,/product/detergente-manual-p-ou-lavar-roupa-regular/8435495801542
5494,"Tira nódoas, 95 ml",5601499119805,11783,11422,,Nodeti,,"31,47€/L","2,99€",https://cdn.intermarche.pt/pt/Content/images/boitmal/produit/zoom/938B0529BD4D5C4C57ABAC33F5B1ADC7.jpg,,/product/tira-nodoas-95-ml/5601499119805
53829,Sabão Rosa,5601092000081,11783,11422,Embalagem de 400g,Confiança,,"2,98€/Kg","1,19€",https://cdn.intermarche.pt/pt/Content/images/boitmal/produit/zoom/477038DAC978980B818FE5DC3E5D3013.jpg,,/product/sabao-rosa/5601092000081
6806,Detergente manual de roupa,8712561425858,11783,11422,Embalagem de 540g,Omo,,"4,61€/Kg","2,49€",https://cdn.intermarche.pt/pt/Content/images/boitmal/produit/zoom/B022600D45D57EBCDD40F091D9C0F336.jpg,,/product/detergente-manual-de-roupa/8712561425858
53830,"Sabão Barra Lãs, Sedas e Nylon",5601092005109,11783,11422,Embalagem de 125g,Confiança,,"15,92€/Kg","1,99€",https://cdn.intermarche.pt/pt/Content/images/boitmal/produit/zoom/79F47B2678DBE00EE2984708354E1B18.jpg,,/product/sabao-barra-las-sedas-e-nylon/5601092005109
32999,Spray de lavagem a seco denim,8710522401811,11783,11422,200 ml,Day 2,,"14,95€/L","2,99€",https://cdn.intermarche.pt/pt/Content/images/boitmal/produit/zoom/AC42323F1265B0FBCFE113EF25F50BD9.jpg,,/product/spray-de-lavagem-a-seco-denim/8710522401811
52891,"Detergente em Pó Máquina de Roupa Active Clean, 12 Doses",8720181387357,11784,11422,,Skip,,"4,98€/Kg","2,99€",https://cdn.intermarche.pt/pt/Content/images/boitmal/produit/zoom/57A6A7FF199125F45C11F360C191B640.jpg,2024-10-04T22:59:59.999Z,/product/detergente-em-po-maquina-de-roupa-active-clean-12-doses/8720181387357
52940,"Detergente em Pó Máquina da Roupa Active Clean, 56 Doses",8720181387371,11784,11422,,Skip,,"4,28€/Kg","11,99€",https://cdn.intermarche.pt/pt/Content/images/boitmal/produit/zoom/6D72E9F962593AE16F324A09633BDCD9.jpg,2024-10-04T22:59:59.999Z,/product/detergente-em-po-maquina-da-roupa-active-clean-56-doses/8720181387371
43845,Detergente em pó máquina roupa lavanda,5604260312603,11784,11422,Embalagem de 40 doses,PorSi,,"2,77€/Kg","6,99€",https://cdn.intermarche.pt/pt/Content/images/boitmal/produit/zoom/358F0C6277111C23D2A062C635E6168E.jpg,,/product/detergente-em-po-maquina-roupa-lavanda/5604260312603
43540,Detergente em pó máquina de lavar roupa active action,5604260312573,11784,11422,40 doses,PorSi,,"2,22€/Kg","5,59€",https://cdn.intermarche.pt/pt/Content/images/boitmal/produit/zoom/FE975708425CFF1FEBE99AC23A8643CF.jpg,,/product/detergente-em-po-maquina-de-lavar-roupa-active-action/5604260312573
43844,Detergente em pó máquina roupa lavanda,5604260312597,11784,11422,Embalagem de 10 doses,PorSi,,"3,16€/Kg","1,99€",https://cdn.intermarche.pt/pt/Content/images/boitmal/produit/zoom/C646FCBC647F5F4B46538CA7FDD43667.jpg,,/product/detergente-em-po-maquina-roupa-lavanda/5604260312597
43424,Detergente em pó máquina de lavar roupa sabão natural,5604260312627,11784,11422,100 doses,PorSi,,"1,67€/Kg","10,49€",https://cdn.intermarche.pt/pt/Content/images/boitmal/produit/zoom/A714B43F7253712C1241494AFB9D024A.jpg,,/product/detergente-em-po-maquina-de-lavar-roupa-sabao-natural/5604260312627
43722,Detergente em pó máquina de lavar roupa active action,5604260312566,11784,11422,10 doses,PorSi,,"3,16€/Kg","1,99€",https://cdn.intermarche.pt/pt/Content/images/boitmal/produit/zoom/065D787F2E00B335A5C3794AD8E05876.jpg,,/product/detergente-em-po-maquina-de-lavar-roupa-active-action/5604260312566
43425,Detergente em pó máquina de lavar roupa active action,5604260312580,11784,11422,75 doses,PorSi,,"2,11€/Kg","9,99€",https://cdn.intermarche.pt/pt/Content/images/boitmal/produit/zoom/54B9AFE1B4F2158A184FF653A744093E.jpg,,/product/detergente-em-po-maquina-de-lavar-roupa-active-action/5604260312580
29750,Detergente Maquina Roupa em Pó Sabão Azul e Branco,8410436294690,11784,11422,Embalagem de 70 doses,Persil,,"3,37€/Kg","12,49€",https://cdn.intermarche.pt/pt/Content/images/boitmal/produit/zoom/71E97F7DD28ED766675E099A943C5F96.jpg,,/product/detergente-maquina-roupa-em-po-sabao-azul-e-branco/8410436294690
43843,Detergente em pó máquina de lavar roupa lavanda,5604260312610,11784,11422,75 doses,PorSi,,"1,94€/Kg","9,19€",https://cdn.intermarche.pt/pt/Content/images/boitmal/produit/zoom/FAA4098DF505CE96F8DBE4EF0C3B2299.jpg,,/product/detergente-em-po-maquina-de-lavar-roupa-lavanda/5604260312610
50555,Detergente Maquina Roupa em Pó Original,5601217137166,11784,11422,Embalagem de 85 doses,Xau,,"4,70€/Kg","19,99€",https://cdn.intermarche.pt/pt/Content/images/boitmal/produit/zoom/E81968FD7BC8A5BACD4162E0FF8B77CB.jpg,,/product/detergente-maquina-roupa-em-po-original/5601217137166
51640,Detergente Maquina Roupa em Pó Lavanda,5601217137159,11784,11422,Embalagem de 85 doses,Xau,,"4,70€/Kg","19,99€",https://cdn.intermarche.pt/pt/Content/images/boitmal/produit/zoom/AA85F06183D575D98C637E0570A06A19.jpg,,/product/detergente-maquina-roupa-em-po-lavanda/5601217137159
51177,Detergente máquina roupa sabão azul e branco,8410436440455,11785,11422,76 doses,Persil,,"9,99€/Unidade","9,99€",https://cdn.intermarche.pt/pt/Content/images/boitmal/produit/zoom/405B529427643132DC974A0DC45DDCCF.jpg,2024-10-04T22:59:59.999Z,/product/detergente-maquina-roupa-sabao-azul-e-branco/8410436440455
52893,"Detergente Líquido Máquina de Roupa Tropical, 84 Doses",8720182632258,11785,11422,,Surf,,"2,64€/L","9,99€",https://cdn.intermarche.pt/pt/Content/images/boitmal/produit/zoom/CAA92D4FBECE6F1387F408E79BA0989D.jpg,2024-10-04T22:59:59.999Z,/product/detergente-liquido-maquina-de-roupa-tropical-84-doses/8720182632258
53800,Detergente Máquina Roupa Líquido Gel Total Color,8410436435574,11785,11422,Embalagem de 50 Doses,Xtra,,"3,55€/L","7,99€",https://cdn.intermarche.pt/pt/Content/images/boitmal/produit/zoom/4E596594043A409630F2B3B70BA9B24B.jpg,2024-10-04T22:59:59.999Z,/product/detergente-maquina-roupa-liquido-gel-total-color/8410436435574
54346,"Detergente Roupa Máquina Líquido Cuidado Diário, 80D",8435495843733,11785,11422,,Gama,,"5,99€/Unidade","5,99€",https://cdn.intermarche.pt/pt/Content/images/boitmal/produit/zoom/89F3701956C1BC588CE89678ABB30513.jpg,2024-10-04T22:59:59.999Z,/product/detergente-roupa-maquina-liquido-cuidado-diario-80d/8435495843733
52377,Detergente Máquina Roupa Líquido Sabão Natural,8720181385131,11785,11422,100 Doses,Skip,,"11,99€/Unidade","11,99€",https://cdn.intermarche.pt/pt/Content/images/boitmal/produit/zoom/C8D069DB25783C2FC7889DE8456B0590.jpg,2024-09-25T22:59:59.999Z,/product/detergente-maquina-roupa-liquido-sabao-natural/8720181385131
52326,Detergente Máquina Roupa Líquido Active Clean,8720181384776,11785,11422,56 Doses,Skip,,"9,99€/Unidade","9,99€",https://cdn.intermarche.pt/pt/Content/images/boitmal/produit/zoom/FB959F644F3F5B9BCC6B250AF56B6E18.jpg,2024-10-04T22:59:59.999Z,/product/detergente-maquina-roupa-liquido-active-clean/8720181384776
11672,Detergente líquido p/ máquina lavar roupa cores escuras,5601217126399,11785,11422,"Garrafa de 1,65 l",Woolite,,"4,24€/L","6,99€",https://cdn.intermarche.pt/pt/Content/images/boitmal/produit/zoom/F70AD128C36B39364F81379E51C417C0.jpg,2024-10-04T22:59:59.999Z,/product/detergente-liquido-p-ou-maquina-lavar-roupa-cores-escuras/5601217126399
52324,Detergente Máquina Roupa Líquido Active Fresh,8720181384899,11785,11422,56 Doses,Skip,,"9,99€/Unidade","9,99€",https://cdn.intermarche.pt/pt/Content/images/boitmal/produit/zoom/04DF579D55CD2D6A01A784ECE774108E.jpg,2024-10-04T22:59:59.999Z,/product/detergente-maquina-roupa-liquido-active-fresh/8720181384899
11671,Detergente líquido p/ máquina lavar roupa cores,5601217126382,11785,11422,"Garrafa de 1,65 l",Woolite,,"4,24€/L","6,99€",https://cdn.intermarche.pt/pt/Content/images/boitmal/produit/zoom/50465693868DD35972833B1D4D848AC2.jpg,2024-10-04T22:59:59.999Z,/product/detergente-liquido-p-ou-maquina-lavar-roupa-cores/5601217126382
52597,"Detergente Máquina Roupa Líquido Primavera, 69 doses",5601217137692,11785,11422,,Xau,,"8,99€/Unidade","8,99€",https://cdn.intermarche.pt/pt/Content/images/boitmal/produit/zoom/A8915C503274138B56F6F6F4AD27881F.jpg,2024-10-04T22:59:59.999Z,/product/detergente-maquina-roupa-liquido-primavera-69-doses/5601217137692
52941,"Detergente Líquido Máquina de Roupa Sabão Natural, 60 Doses",8720181386510,11785,11422,,Skip,,"2,96€/L","7,99€",https://cdn.intermarche.pt/pt/Content/images/boitmal/produit/zoom/F78D7BA1CEEC1BA7836B80E309E4D243.jpg,2024-10-04T22:59:59.999Z,/product/detergente-liquido-maquina-de-roupa-sabao-natural-60-doses/8720181386510
32391,Detergente Máquina Roupa Liquido Lãs e Sedas,5601217131317,11785,11422,Embalagem de 25 Doses,Woolite,,"3,99€/Unidade","3,99€",https://cdn.intermarche.pt/pt/Content/images/boitmal/produit/zoom/FE0D1CB71481296016D84D5B5038EC43.jpg,2024-10-04T22:59:59.999Z,/product/detergente-maquina-roupa-liquido-las-e-sedas/5601217131317
52325,Detergente Máquina Roupa Líquido Sensitive,8720181384868,11785,11422,56 Doses,Skip,,"9,99€/Unidade","9,99€",https://cdn.intermarche.pt/pt/Content/images/boitmal/produit/zoom/4DF32BF1564A4CFF4F3F63F53192D53C.jpg,2024-10-04T22:59:59.999Z,/product/detergente-maquina-roupa-liquido-sensitive/8720181384868
52372,Detergente Máquina Roupa Líquido Active Clean,8720181384783,11785,11422,76 Doses,Skip,,"11,99€/Unidade","11,99€",https://cdn.intermarche.pt/pt/Content/images/boitmal/produit/zoom/317EA4E845A007FE56B2D6D0E194B17C.jpg,2024-10-04T22:59:59.999Z,/product/detergente-maquina-roupa-liquido-active-clean/8720181384783
53044,"Detergente Roupa Máquina Líquido, 96 doses",8720181368769,11785,11422,,Omo,,"2,08€/L","8,99€",https://cdn.intermarche.pt/pt/Content/images/boitmal/produit/zoom/2FAC3B0E03EB13AA8A18297FAA079D90.jpg,2024-10-04T22:59:59.999Z,/product/detergente-roupa-maquina-liquido-96-doses/8720181368769
53240,"Detergente Líquido Máquina de Roupa 2 em 1 Ultimate, 52 Doses",8720181384264,11785,11422,,Skip,,"4,70€/L","10,99€",https://cdn.intermarche.pt/pt/Content/images/boitmal/produit/zoom/ADA1267F1850FE173AC42CD30CA77DD5.jpg,2024-10-04T22:59:59.999Z,/product/detergente-liquido-maquina-de-roupa-2-em-1-ultimate-52-doses/8720181384264
52327,Detergente Máquina Roupa Líquido Roupa Escura,8720181385087,11785,11422,56 Doses,Skip,,"9,99€/Unidade","9,99€",https://cdn.intermarche.pt/pt/Content/images/boitmal/produit/zoom/E0D1F9F4573871E5DC8853A835283320.jpg,2024-10-04T22:59:59.999Z,/product/detergente-maquina-roupa-liquido-roupa-escura/8720181385087
52328,Detergente Máquina Roupa Líquido Baby,8720181385100,11785,11422,56 Doses,Skip,,"9,99€/Unidade","9,99€",https://cdn.intermarche.pt/pt/Content/images/boitmal/produit/zoom/825352D7869A319C8A3A885BD4932367.jpg,2024-10-04T22:59:59.999Z,/product/detergente-maquina-roupa-liquido-baby/8720181385100
52373,Detergente Máquina Roupa Líquido Sensitive,8720181384929,11785,11422,76 Doses,Skip,,"11,99€/Unidade","11,99€",https://cdn.intermarche.pt/pt/Content/images/boitmal/produit/zoom/61929A1D7DD3255CD6C78DACDFB51F9A.jpg,2024-10-04T22:59:59.999Z,/product/detergente-maquina-roupa-liquido-sensitive/8720181384929
52942,"Detergente Líquido Máquina de Roupa Cores, 56 Doses",8720181385070,11785,11422,,Skip,,"3,96€/L","9,99€",https://cdn.intermarche.pt/pt/Content/images/boitmal/produit/zoom/DA89C34C561727E74F60C33922AB0C9D.jpg,2024-10-04T22:59:59.999Z,/product/detergente-liquido-maquina-de-roupa-cores-56-doses/8720181385070
35578,Detergente líquido máquina de lavar roupa fresh sensation,8435495808626,11785,11422,85 doses,A+,,"2,82€/L","11,99€",https://cdn.intermarche.pt/pt/Content/images/boitmal/produit/zoom/4BD38648605DEC144AB799226784559D.jpg,2024-10-04T22:59:59.999Z,/product/detergente-liquido-maquina-de-lavar-roupa-fresh-sensation/8435495808626
42793,Detergente líquido máquina de lavar roupa cores,5601217134233,11785,11422,56 doses,Woolite,,"2,63€/L","9,99€",https://cdn.intermarche.pt/pt/Content/images/boitmal/produit/zoom/5077C3CE9CC09E26ECFA810C2B1D783A.jpg,2024-10-04T22:59:59.999Z,/product/detergente-liquido-maquina-de-lavar-roupa-cores/5601217134233
49556,Detergente líquido máquina roupa sabão natural,5601217136541,11785,11422,127 doses,Xau,,"2,45€/L","13,99€",https://cdn.intermarche.pt/pt/Content/images/boitmal/produit/zoom/EFA51F6E377F52AB025B9C1E70ECB1BC.jpg,2024-10-04T22:59:59.999Z,/product/detergente-liquido-maquina-roupa-sabao-natural/5601217136541
52902,"Detergente Líquido Máquina de Roupa Gel Ativo, 69 doses",5601217137708,11785,11422,,Xau,,"2,83€/L","8,99€",https://cdn.intermarche.pt/pt/Content/images/boitmal/produit/zoom/E0EA6D0C56A717E075A5E4DB2C7A794E.jpg,2024-10-04T22:59:59.999Z,/product/detergente-liquido-maquina-de-roupa-gel-ativo-69-doses/5601217137708
53239,"Detergente Líquido Máquina de Roupa Active Clean, 52 Doses",8720181384271,11785,11422,,Skip,,"4,70€/L","10,99€",https://cdn.intermarche.pt/pt/Content/images/boitmal/produit/zoom/E0785C7CA2091A08EA4BD781B8287B51.jpg,2024-10-04T22:59:59.999Z,/product/detergente-liquido-maquina-de-roupa-active-clean-52-doses/8720181384271
53785,Detergente Máquina Roupa Líquido Color,8410436445313,11785,11422,Embalagem de 100 Doses,Persil,,"3,33€/L","14,99€",https://cdn.intermarche.pt/pt/Content/images/boitmal/produit/zoom/C1FEC9F1EC504236CF01E6C61B51EB05.jpg,2024-10-04T22:59:59.999Z,/product/detergente-maquina-roupa-liquido-color/8410436445313
41400,Detergente líquido máquina de lavar roupa cores escuras,5601217134240,11785,11422,56 doses,Woolite,,"2,63€/L","9,99€",https://cdn.intermarche.pt/pt/Content/images/boitmal/produit/zoom/993E01BDCB8CD2FCD8220CF222551F57.jpg,2024-10-04T22:59:59.999Z,/product/detergente-liquido-maquina-de-lavar-roupa-cores-escuras/5601217134240
52333,Detergente Máquina Roupa Líquido Lavanda,5601217137715,11785,11422,69 Doses,Xau,,"8,99€/Unidade","8,99€",https://cdn.intermarche.pt/pt/Content/images/boitmal/produit/zoom/9FBBC0A7AEBA574DE66C68C8488E8F4C.jpg,2024-10-04T22:59:59.999Z,/product/detergente-maquina-roupa-liquido-lavanda/5601217137715
52374,Detergente Máquina Roupa Líquido Lavanda,8720181385063,11785,11422,76 Doses,Skip,,"10,99€/Unidade","10,99€",https://cdn.intermarche.pt/pt/Content/images/boitmal/produit/zoom/9168A118F4ECAE8C9BEFEC7E6D9C9016.jpg,2024-10-04T22:59:59.999Z,/product/detergente-maquina-roupa-liquido-lavanda/8720181385063
52892,"Detergente Roupa Máquina Líquido Coco, 84 Cápsulas",8720182632296,11785,11422,,Surf,,"2,64€/L","9,99€",https://cdn.intermarche.pt/pt/Content/images/boitmal/produit/zoom/10B97661DB4C68339D42D3336A959B4F.jpg,2024-10-04T22:59:59.999Z,/product/detergente-roupa-maquina-liquido-coco-84-capsulas/8720182632296
53801,Detergente Máquina Roupa Líquido Gel Universal,8410436435604,11785,11422,Embalagem de 50 Doses,Xtra,,"3,55€/L","7,99€",https://cdn.intermarche.pt/pt/Content/images/boitmal/produit/zoom/073738B9C787AEDD3994CD2BF79D8061.jpg,2024-10-04T22:59:59.999Z,/product/detergente-maquina-roupa-liquido-gel-universal/8410436435604
54347,"Detergente Roupa Máquina Líquido Jasmim, 100D",8435495843856,11785,11422,,Gama,,"9,99€/Unidade","9,99€",https://cdn.intermarche.pt/pt/Content/images/boitmal/produit/zoom/71FAFE3ED3D491259F6333560AAF7DA8.jpg,2024-10-04T22:59:59.999Z,/product/detergente-roupa-maquina-liquido-jasmim-100d/8435495843856
54530,"Detergente Máquina Roupa Líquido Expert, 40D",8410436468404,11785,11422,,Persil,,"7,99€/Unidade","7,99€",https://cdn.intermarche.pt/pt/Content/images/boitmal/produit/zoom/07D344A15524177C086B907C07490CF3.jpg,2024-10-04T22:59:59.999Z,/product/detergente-maquina-roupa-liquido-expert-40d/8410436468404
54533,"Detergente Máquina Roupa Liquído Expert Lavanda Gel, 54D",8410436467902,11785,11422,,Persil,,"9,99€/Unidade","9,99€",https://cdn.intermarche.pt/pt/Content/images/boitmal/produit/zoom/5E81C7BC377BA2F0633E5F994700E182.jpg,2024-10-04T22:59:59.999Z,/product/detergente-maquina-roupa-liquido-expert-lavanda-gel-54d/8410436467902
54534,"Detergente Máquina Roupa Liquído Expert Stain Removal Gel, 54D",8410436467964,11785,11422,,Persil,,"9,99€/Unidade","9,99€",https://cdn.intermarche.pt/pt/Content/images/boitmal/produit/zoom/509AF39AD69B895E042B5F96E25B0776.jpg,2024-10-04T22:59:59.999Z,/product/detergente-maquina-roupa-liquido-expert-stain-removal-gel-54d/8410436467964
54535,"Detergente Máquina Roupa Liquído Universal Ge, 60D",8410436468244,11785,11422,,Persil,,"9,99€/Unidade","9,99€",https://cdn.intermarche.pt/pt/Content/images/boitmal/produit/zoom/BC6EB44530D98773DF0B49E66EFD20DE.jpg,2024-10-04T22:59:59.999Z,/product/detergente-maquina-roupa-liquido-universal-ge-60d/8410436468244
48210,Detergente líquido máquina de roupa sabão natural,5604260323111,11785,11422,86 Doses,PorSi,,"1,58€/L","6,79€",https://cdn.intermarche.pt/pt/Content/images/boitmal/produit/zoom/74777F45E8AED1EC283F1182071F1C1E.jpg,,/product/detergente-liquido-maquina-de-roupa-sabao-natural/5604260323111
53758,Detergente Máquina Roupa Líquido Universal,8435495833833,11785,11422,Embalagem de 90 Doses,Gama,,"2,47€/L","9,99€",https://cdn.intermarche.pt/pt/Content/images/boitmal/produit/zoom/CD6C53630E31CBABE0C055A486FBD5A3.jpg,,/product/detergente-maquina-roupa-liquido-universal/8435495833833
48209,"Detergente líquido máquina de roupa delicada, 66 doses",5604260322787,11785,11422,,PorSi,,"1,41€/L","2,79€",https://cdn.intermarche.pt/pt/Content/images/boitmal/produit/zoom/D1552534B80C43B5DC20090AA96CB12B.jpg,,/product/detergente-liquido-maquina-de-roupa-delicada-66-doses/5604260322787
49215,Detergente líquido máquina roupa sabão natural,5604260322800,11785,11422,40 doses,PorSi,,"3,49€/Unidade","3,49€",https://cdn.intermarche.pt/pt/Content/images/boitmal/produit/zoom/1DE2F44204EF03F357D83986CBC68AF4.jpg,,/product/detergente-liquido-maquina-roupa-sabao-natural/5604260322800
52221,Detergente Máquina de Roupa Coco,8720181370427,11786,11422,45 cápsulas,Surf,,"8,99€/Unidade","8,99€",https://cdn.intermarche.pt/pt/Content/images/boitmal/produit/zoom/B89060F66F34B8E1C79FE5068E94C801.jpg,2024-10-04T22:59:59.999Z,/product/detergente-maquina-de-roupa-coco/8720181370427
53578,"Detergente Máquina Roupa Cápsulas Optimal, 38 unidades",8435495836452,11786,11422,,A+,,"8,99€/Unidade","8,99€",https://cdn.intermarche.pt/pt/Content/images/boitmal/produit/zoom/A152C9C75F49F8FB49CA4BA0395A8F08.jpg,2024-10-04T22:59:59.999Z,/product/detergente-maquina-roupa-capsulas-optimal-38-unidades/8435495836452
30420,Detergente Máquina de Roupa Tropical,8720181370403,11786,11422,45 cápsulas,Surf,,"8,99€/Unidade","8,99€",https://cdn.intermarche.pt/pt/Content/images/boitmal/produit/zoom/9FDE386D081EF0BCB653BE60C955496C.jpg,2024-10-04T22:59:59.999Z,/product/detergente-maquina-de-roupa-tropical/8720181370403
44647,Detergente para a Maquina da Roupa Active Clean,8720181102493,11786,11422,Embalagem de 54 unidades,Skip,,"13,99€/Unidade","13,99€",https://cdn.intermarche.pt/pt/Content/images/boitmal/produit/zoom/252C50E9AEEAC9B421D7BEF241F29B0F.jpg,2024-10-04T22:59:59.999Z,/product/detergente-para-a-maquina-da-roupa-active-clean/8720181102493
50277,Detergente máquina roupa 4 em 1,8410436429443,11786,11422,40 cápsulas,Persil,,"9,99€/Unidade","9,99€",https://cdn.intermarche.pt/pt/Content/images/boitmal/produit/zoom/5E047E9BAF43F15ECC8BBAF280F71764.jpg,2024-10-04T22:59:59.999Z,/product/detergente-maquina-roupa-4-em-1/8410436429443
51047,Detergente máquina roupa 4 em 1 lavanda,8410436430364,11786,11422,40 cápsulas,Persil,,"9,99€/Unidade","9,99€",https://cdn.intermarche.pt/pt/Content/images/boitmal/produit/zoom/A5FA7D78F48BA80F07906761E5B479A5.jpg,2024-10-04T22:59:59.999Z,/product/detergente-maquina-roupa-4-em-1-lavanda/8410436430364
52839,"Detergente Roupa Máquina Cápsulas Skip Baby Embalagem Cartão, 32 doses",8720181380686,11786,11422,,Skip,,"8,99€/Unidade","8,99€",https://cdn.intermarche.pt/pt/Content/images/boitmal/produit/zoom/9D5657D4263153C15B398271532DDB88.jpg,2024-10-04T22:59:59.999Z,/product/detergente-roupa-maquina-capsulas-skip-baby-embalagem-cartao-32-doses/8720181380686
51178,Detergente Máquina Roupa Universal 4 em 1,8410436428255,11786,11422,52 cápsulas,Persil,,"11,99€/Unidade","11,99€",https://cdn.intermarche.pt/pt/Content/images/boitmal/produit/zoom/3142CD08DE798233E1B3C4D949069117.jpg,2024-10-04T22:59:59.999Z,/product/detergente-maquina-roupa-universal-4-em-1/8410436428255
52896,"Detergente Cápsulas Máquina de Roupa Sensitive, 40 doses",8720181380716,11786,11422,,Skip,,"10,99€/Unidade","10,99€",https://cdn.intermarche.pt/pt/Content/images/boitmal/produit/zoom/FA591D23EC9054B7221A5C30B763EC5B.jpg,2024-10-04T22:59:59.999Z,/product/detergente-capsulas-maquina-de-roupa-sensitive-40-doses/8720181380716
51045,Detergente máquina roupa 4 em 1 cores,8410436430333,11786,11422,40 cápsulas,Persil,,"9,99€/Unidade","9,99€",https://cdn.intermarche.pt/pt/Content/images/boitmal/produit/zoom/21E8A88E10242605576CE0A0A6ED8A8F.jpg,2024-10-04T22:59:59.999Z,/product/detergente-maquina-roupa-4-em-1-cores/8410436430333
51046,Detergente máquina roupa 4 em 1 higiene,8410436430302,11786,11422,40 cápsulas,Persil,,"9,99€/Unidade","9,99€",https://cdn.intermarche.pt/pt/Content/images/boitmal/produit/zoom/09E2120D5436CC8D9F8EA9878657CDBE.jpg,2024-10-04T22:59:59.999Z,/product/detergente-maquina-roupa-4-em-1-higiene/8410436430302
52515,Detergente Máquina Roupa Lavanda 4 em 1,8410436428286,11786,11422,52 cápsulas,Persil,,"11,99€/Unidade","11,99€",https://cdn.intermarche.pt/pt/Content/images/boitmal/produit/zoom/3C29F379B133D1B4112F30841E028F7E.jpg,2024-10-04T22:59:59.999Z,/product/detergente-maquina-roupa-lavanda-4-em-1/8410436428286
52516,Detergente Máquina Roupa Color 4 em 1,8410436428644,11786,11422,52 cápsulas,Persil,,"11,99€/Unidade","11,99€",https://cdn.intermarche.pt/pt/Content/images/boitmal/produit/zoom/E6866AE215D31A4746438D7FCE2CBCF2.jpg,2024-10-04T22:59:59.999Z,/product/detergente-maquina-roupa-color-4-em-1/8410436428644
52894,"Detergente Cápsulas Máquina de Roupa Cores Ultimate, 32 doses",8720181380662,11786,11422,,Skip,,"8,99€/Unidade","8,99€",https://cdn.intermarche.pt/pt/Content/images/boitmal/produit/zoom/B1683867F45318233084D2B03D3717BC.jpg,2024-10-04T22:59:59.999Z,/product/detergente-capsulas-maquina-de-roupa-cores-ultimate-32-doses/8720181380662
52895,"Detergente Cápsulas Máquina de Roupa Active Clean, 32 doses",8720181380648,11786,11422,,Skip,,"8,99€/Unidade","8,99€",https://cdn.intermarche.pt/pt/Content/images/boitmal/produit/zoom/AFDAFD11D9A3E06FF9612A9C5A925C33.jpg,2024-10-04T22:59:59.999Z,/product/detergente-capsulas-maquina-de-roupa-active-clean-32-doses/8720181380648
53579,"Detergente Máquina Roupa Cápsulas Colour, 38 unidades",8435495836483,11786,11422,,A+,,"8,99€/Unidade","8,99€",https://cdn.intermarche.pt/pt/Content/images/boitmal/produit/zoom/C52A1EADAB9AE91BB2279362B5BD84E9.jpg,2024-10-04T22:59:59.999Z,/product/detergente-maquina-roupa-capsulas-colour-38-unidades/8435495836483
53580,"Detergente Máquina Roupa Cápsulas Fresh Flowers, 38 unidades",8435495836513,11786,11422,,A+,,"8,99€/Unidade","8,99€",https://cdn.intermarche.pt/pt/Content/images/boitmal/produit/zoom/32EDA3D0F46E31622CE84E6E57674B88.jpg,2024-10-04T22:59:59.999Z,/product/detergente-maquina-roupa-capsulas-fresh-flowers-38-unidades/8435495836513
54618,"Detergente Máquina Roupa Cápsulas Ultimate Sabão Natural, 40D",8720181513954,11786,11422,,Skip,,"9,99€/Unidade","9,99€",https://cdn.intermarche.pt/pt/Content/images/boitmal/produit/zoom/703B39D1A0F3731987F0A7AC8020711B.jpg,2024-09-25T22:59:59.999Z,/product/detergente-maquina-roupa-capsulas-ultimate-sabao-natural-40d/8720181513954
45685,Detergente máquina roupa Tahiti,5604260312870,11786,11422,Embalagem de 30 cápsulas,PorSi,,"6,49€/Unidade","6,49€",https://cdn.intermarche.pt/pt/Content/images/boitmal/produit/zoom/BD39E0DD6FD192263DA1D794CFA7BB52.jpg,,/product/detergente-maquina-roupa-tahiti/5604260312870
46278,Detergente máquina roupa duo caps,5604260312863,11786,11422,20 cápsulas,PorSi,,"4,99€/Unidade","4,99€",https://cdn.intermarche.pt/pt/Content/images/boitmal/produit/zoom/8BB3B2EE1C49474ED782672C12D67919.jpg,,/product/detergente-maquina-roupa-duo-caps/5604260312863
45451,"Detergente de máquina para roupa, duocaps floral",5604260312849,11786,11422,20 doses,PorSi,,"4,59€/Unidade","4,59€",https://cdn.intermarche.pt/pt/Content/images/boitmal/produit/zoom/3DFD2073537FC79E4962A4100FD3D13F.jpg,,/product/detergente-de-maquina-para-roupa-duocaps-floral/5604260312849
52897,"Amaciador Concentrado Essência Pure, 74 Doses",8720181392917,11787,11422,,Comfort,,"2,62€/L","3,49€",https://cdn.intermarche.pt/pt/Content/images/boitmal/produit/zoom/6C81AB307354BD851AD24288672BBAB9.jpg,2024-10-04T22:59:59.999Z,/product/amaciador-concentrado-essencia-pure-74-doses/8720181392917
51428,Amaciador Concentrado Fragrância Fascinante,8410436441490,11787,11422,70 doses,Vernel,,"3,49€/Unidade","3,49€",https://cdn.intermarche.pt/pt/Content/images/boitmal/produit/zoom/1E2A99C4C03491111A29104F2EBEAA9A.jpg,2024-10-04T22:59:59.999Z,/product/amaciador-concentrado-fragrancia-fascinante/8410436441490
51430,Amaciador Concentrado Água Coco e Minerais,8410436442053,11787,11422,70 doses,Vernel,,"3,49€/Unidade","3,49€",https://cdn.intermarche.pt/pt/Content/images/boitmal/produit/zoom/179245E7FC668DE2AC2EE670CF2D99F0.jpg,2024-10-04T22:59:59.999Z,/product/amaciador-concentrado-agua-coco-e-minerais/8410436442053
52337,Amaciador Roupa Concentrado Creations Flor de Lótus e Lima,8720181392955,11787,11422,76 Doses,Comfort,,"3,99€/Unidade","3,99€",https://cdn.intermarche.pt/pt/Content/images/boitmal/produit/zoom/18DD584DA1A39A596C301D171EB7721A.jpg,2024-10-04T22:59:59.999Z,/product/amaciador-roupa-concentrado-creations-flor-de-lotus-e-lima/8720181392955
51537,Amaciador Concentrado Maldivas,8410436441827,11787,11422,70 doses,Vernel,,"3,49€/Unidade","3,49€",https://cdn.intermarche.pt/pt/Content/images/boitmal/produit/zoom/1E5954FABCBB04BE4B29CED1B30BFE51.jpg,2024-10-04T22:59:59.999Z,/product/amaciador-concentrado-maldivas/8410436441827
51427,Amaciador Concentrado Lírio Irresistível,8410436441766,11787,11422,70 doses,Vernel,,"3,49€/Unidade","3,49€",https://cdn.intermarche.pt/pt/Content/images/boitmal/produit/zoom/DE9021DA501490230A96ECEA8DFE738E.jpg,2024-10-04T22:59:59.999Z,/product/amaciador-concentrado-lirio-irresistivel/8410436441766
51429,Amaciador Concentrado Magia De Magnólia,8410436441582,11787,11422,70 doses,Vernel,,"3,49€/Unidade","3,49€",https://cdn.intermarche.pt/pt/Content/images/boitmal/produit/zoom/62706D733A79A883B313F5BDFF7369D2.jpg,2024-10-04T22:59:59.999Z,/product/amaciador-concentrado-magia-de-magnolia/8410436441582
52338,Amaciador Roupa Concentrado Creations Jasmim e Mirtilo,8720181392931,11787,11422,76 Doses,Comfort,,"3,99€/Unidade","3,99€",https://cdn.intermarche.pt/pt/Content/images/boitmal/produit/zoom/DED7323146382FF9F9D6D0F2196F9D63.jpg,2024-10-04T22:59:59.999Z,/product/amaciador-roupa-concentrado-creations-jasmim-e-mirtilo/8720181392931
52339,Amaciador Roupa Concentrado Creations Lírios e Morango,8720181392924,11787,11422,76 Doses,Comfort,,"3,99€/Unidade","3,99€",https://cdn.intermarche.pt/pt/Content/images/boitmal/produit/zoom/8F3E1CB8E1F41E507DB7FBA8EF126461.jpg,2024-10-04T22:59:59.999Z,/product/amaciador-roupa-concentrado-creations-lirios-e-morango/8720181392924
16229,"Amaciador de roupa, pure",8712561587495,11787,11422,Garrafa de 4 l,Comfort,,"1,25€/L","4,99€",https://cdn.intermarche.pt/pt/Content/images/boitmal/produit/zoom/AAE7E7461FE5C9CAA68CFDC37842673D.jpg,2024-10-04T22:59:59.999Z,/product/amaciador-de-roupa-pure/8712561587495
52600,"Amaciador Roupa Concentrado Ouro e Orquídea Branca, 95 doses",5601217137951,11787,11422,,Quanto,,"2,33€/L","3,99€",https://cdn.intermarche.pt/pt/Content/images/boitmal/produit/zoom/A89E9019D654EFABC7388FF37B1BF310.jpg,2024-10-04T22:59:59.999Z,/product/amaciador-roupa-concentrado-ouro-e-orquidea-branca-95-doses/5601217137951
52340,Amaciador Roupa Concentrado Creations Madressilva e Sândalo,8720181392962,11787,11422,76 Doses,Comfort,,"3,99€/Unidade","3,99€",https://cdn.intermarche.pt/pt/Content/images/boitmal/produit/zoom/6B8F8DA9C5DF28DF49A227B125CD9AD5.jpg,2024-10-04T22:59:59.999Z,/product/amaciador-roupa-concentrado-creations-madressilva-e-sandalo/8720181392962
16230,"Amaciador de roupa, azul",8712561587594,11787,11422,Garrafa de 4 l,Comfort,,"1,25€/L","4,99€",https://cdn.intermarche.pt/pt/Content/images/boitmal/produit/zoom/27CE8767BA23CA7628783B3F31A16F69.jpg,2024-10-04T22:59:59.999Z,/product/amaciador-de-roupa-azul/8712561587594
20803,Amaciador Roupa Concentrado Fragrância Fascinante,8410436441612,11787,11422,95 Doses,Vernel,,"2,33€/L","3,99€",https://cdn.intermarche.pt/pt/Content/images/boitmal/produit/zoom/E4DB5E7449839C1C25E1C99EC184A696.jpg,2024-10-04T22:59:59.999Z,/product/amaciador-roupa-concentrado-fragrancia-fascinante/8410436441612
51515,Amaciador Roupa Concentrado Maldivas,8410436441940,11787,11422,95 Doses,Vernel,,"2,63€/L","4,49€",https://cdn.intermarche.pt/pt/Content/images/boitmal/produit/zoom/74D405E8BCDAE971AE116F6039A2037A.jpg,2024-10-04T22:59:59.999Z,/product/amaciador-roupa-concentrado-maldivas/8410436441940
52335,Amaciador Roupa Concentrado Creations Angélicas e Flor de Baunilha,8720181392979,11787,11422,76 Doses,Comfort,,"3,99€/Unidade","3,99€",https://cdn.intermarche.pt/pt/Content/images/boitmal/produit/zoom/88E220DCA59FCA8026855622E667F899.jpg,2024-10-04T22:59:59.999Z,/product/amaciador-roupa-concentrado-creations-angelicas-e-flor-de-baunilha/8720181392979
52598,"Amaciador Roupa Concentrado Frutos Silvestres, 95 doses",5601217137975,11787,11422,,Quanto,,"2,33€/L","3,99€",https://cdn.intermarche.pt/pt/Content/images/boitmal/produit/zoom/425B618E435B239C500E88642C038EB6.jpg,2024-10-04T22:59:59.999Z,/product/amaciador-roupa-concentrado-frutos-silvestres-95-doses/5601217137975
52601,"Amaciador Roupa Concentrado Rubi e Jasmim, 95 doses",5601217137944,11787,11422,,Quanto,,"2,33€/L","3,99€",https://cdn.intermarche.pt/pt/Content/images/boitmal/produit/zoom/EFA6AAA584BAA33F31E0C73AACE65A5B.jpg,2024-10-04T22:59:59.999Z,/product/amaciador-roupa-concentrado-rubi-e-jasmim-95-doses/5601217137944
51535,Amaciador Concentrado Delicado,8410436441858,11787,11422,70 doses,Vernel,,"3,49€/Unidade","3,49€",https://cdn.intermarche.pt/pt/Content/images/boitmal/produit/zoom/8ECD583ED79AF08520CD76642589EEE1.jpg,2024-10-04T22:59:59.999Z,/product/amaciador-concentrado-delicado/8410436441858
52599,"Amaciador Roupa Concentrado Violetas do Bosque, 95 doses",5601217137968,11787,11422,,Quanto,,"2,33€/L","3,99€",https://cdn.intermarche.pt/pt/Content/images/boitmal/produit/zoom/158716B89DDA66C93B622A001C4C974A.jpg,2024-10-04T22:59:59.999Z,/product/amaciador-roupa-concentrado-violetas-do-bosque-95-doses/5601217137968
52943,"Amaciador Concentrado Essência Sunfresh, 74 Doses",8720181392894,11787,11422,,Comfort,,"2,62€/L","3,49€",https://cdn.intermarche.pt/pt/Content/images/boitmal/produit/zoom/4B45CB47C484E122AFEE45709A63BE0A.jpg,2024-10-04T22:59:59.999Z,/product/amaciador-concentrado-essencia-sunfresh-74-doses/8720181392894
52336,Amaciador Roupa Concentrado Creations Leite de Coco e Óleo de Argão,8720181392948,11787,11422,76 Doses,Comfort,,"3,99€/Unidade","3,99€",https://cdn.intermarche.pt/pt/Content/images/boitmal/produit/zoom/B5AB3913DE6B52169BC469E25747FB10.jpg,2024-10-04T22:59:59.999Z,/product/amaciador-roupa-concentrado-creations-leite-de-coco-e-oleo-de-argao/8720181392948
53298,"Amaciador Concentrado Elixir Lirios Azuis, 63 doses",5601217137340,11787,11422,,Quanto,,"4,49€/Unidade","4,49€",https://cdn.intermarche.pt/pt/Content/images/boitmal/produit/zoom/04A75B6D2F080DBEA2B17AF9A038F6C7.jpg,2024-10-04T22:59:59.999Z,/product/amaciador-concentrado-elixir-lirios-azuis-63-doses/5601217137340
52602,"Amaciador Roupa Concentrado Lirios e Frutos Vermelhos, 95 doses",5601217137937,11787,11422,,Quanto,,"2,33€/L","3,99€",https://cdn.intermarche.pt/pt/Content/images/boitmal/produit/zoom/563FAA46B02CF60B1C429C7EDCFFBB40.jpg,2024-10-04T22:59:59.999Z,/product/amaciador-roupa-concentrado-lirios-e-frutos-vermelhos-95-doses/5601217137937
52944,"Amaciador Concentrado Essência Azul, 74 Doses",8720181392900,11787,11422,,Comfort,,"2,62€/L","3,49€",https://cdn.intermarche.pt/pt/Content/images/boitmal/produit/zoom/E11C27145AD703889B20EE3212D34D08.jpg,2024-10-04T22:59:59.999Z,/product/amaciador-concentrado-essencia-azul-74-doses/8720181392900
53299,"Amaciador Concentrado Elixir Rosas, 63 doses",5601217137357,11787,11422,,Quanto,,"4,49€/Unidade","4,49€",https://cdn.intermarche.pt/pt/Content/images/boitmal/produit/zoom/9F96C3255289D57CD765C87A41F753EE.jpg,2024-10-04T22:59:59.999Z,/product/amaciador-concentrado-elixir-rosas-63-doses/5601217137357
54348,"Amaciador Roupa Concentrado Ouro E Orquídea Branca, 74D",5601217138064,11787,11422,,Quanto,,"2,99€/Unidade","2,99€",https://cdn.intermarche.pt/pt/Content/images/boitmal/produit/zoom/D6DC310FE60983E70DC521CFECDCD8E8.jpg,2024-10-04T22:59:59.999Z,/product/amaciador-roupa-concentrado-ouro-e-orquidea-branca-74d/5601217138064
54349,"Amaciador Roupa Concentrado Ametista E Íris, 74D",5601217138040,11787,11422,,Quanto,,"2,99€/Unidade","2,99€",https://cdn.intermarche.pt/pt/Content/images/boitmal/produit/zoom/B7FD642DFDD8A663D0A9F433068EF8D7.jpg,2024-10-04T22:59:59.999Z,/product/amaciador-roupa-concentrado-ametista-e-iris-74d/5601217138040
43027,"Amaciador concentrado para roupa aloé vera, 80 doses",5604260309948,11787,11422,,PorSi,,"1,00€/L","1,99€",https://cdn.intermarche.pt/pt/Content/images/boitmal/produit/zoom/8F5D9E9881CF7344832E8C38BDD4AAAF.jpg,,/product/amaciador-concentrado-para-roupa-aloe-vera-80-doses/5604260309948
43542,"Amaciador concentrado para roupa jojoba, 80 doses",5604260309962,11787,11422,,PorSi,,"0,93€/L","1,85€",https://cdn.intermarche.pt/pt/Content/images/boitmal/produit/zoom/94FE1121B49E8CA3F6DE747E6FC615FD.jpg,,/product/amaciador-concentrado-para-roupa-jojoba-80-doses/5604260309962
43543,Amaciador concentrado para roupa alfazema,5604260309931,11787,11422,80 doses,PorSi,,"1,00€/L","1,99€",https://cdn.intermarche.pt/pt/Content/images/boitmal/produit/zoom/5409BC73A7BC8F3D22007B47163FD8C7.jpg,,/product/amaciador-concentrado-para-roupa-alfazema/5604260309931
48137,Amaciador concentrado talco,5604260323319,11787,11422,80 doses,PorSi,,"0,90€/L","1,79€",https://cdn.intermarche.pt/pt/Content/images/boitmal/produit/zoom/19A86120D5B46985AF96636938E62EA9.jpg,,/product/amaciador-concentrado-talco/5604260323319
48138,"Amaciador concentrado spa, 80 doses",5604260323302,11787,11422,,PorSi,,"0,90€/L","1,79€",https://cdn.intermarche.pt/pt/Content/images/boitmal/produit/zoom/B55A72265AD19CED3CBED903155DF619.jpg,,/product/amaciador-concentrado-spa-80-doses/5604260323302
43544,"Amaciador concentrado para roupa pétalas de rosa, 80 doses",5604260309979,11787,11422,,PorSi,,"1,00€/L","1,99€",https://cdn.intermarche.pt/pt/Content/images/boitmal/produit/zoom/BDA41368C6420E9C55F887725D9E81AD.jpg,,/product/amaciador-concentrado-para-roupa-petalas-de-rosa-80-doses/5604260309979
43541,Amaciador concentrado para roupa floral,5604260309955,11787,11422,80 doses,PorSi,,"1,00€/L","1,99€",https://cdn.intermarche.pt/pt/Content/images/boitmal/produit/zoom/AC8E28B5914FC2CC7805AFF54F6F924A.jpg,,/product/amaciador-concentrado-para-roupa-floral/5604260309955
40788,"Amaciador roupa concentrado lírios e morango, 60 doses",5604260303700,11787,11422,,PorSi,,"2,39€/Unidade","2,39€",https://cdn.intermarche.pt/pt/Content/images/boitmal/produit/zoom/660FEABEFF238540CE2A0A5E0FEB81E0.jpg,,/product/amaciador-roupa-concentrado-lirios-e-morango-60-doses/5604260303700
40748,Amaciador roupa suave,5604260303939,11787,11422,Embalagem de 60 doses,PorSi,,"0,89€/L","3,49€",https://cdn.intermarche.pt/pt/Content/images/boitmal/produit/zoom/71E0C5838A47FFBB21435A34C9F0466D.jpg,,/product/amaciador-roupa-suave/5604260303939
35006,Amaciador concentrado para a roupa essência fresh,5604260283781,11787,11422,60 doses,PorSi,,"1,59€/L","2,39€",https://cdn.intermarche.pt/pt/Content/images/boitmal/produit/zoom/89D4EA9FF1041E50C3435F294AA76DAD.jpg,,/product/amaciador-concentrado-para-a-roupa-essencia-fresh/5604260283781
40746,Amaciador Roupa lavanda,5604260303915,11787,11422,Embalagem de 60 doses,PorSi,,"0,95€/L","3,69€",https://cdn.intermarche.pt/pt/Content/images/boitmal/produit/zoom/71A1D4E7F3ACB12BD45D167C1DFE77C3.jpg,,/product/amaciador-roupa-lavanda/5604260303915
9612,Amaciador Roupa Bosque,5604260303908,11787,11422,Embalagem de 60 doses,PorSi,,"0,89€/L","3,49€",https://cdn.intermarche.pt/pt/Content/images/boitmal/produit/zoom/DE3F40F71EEBB38CFE27516372ED67B4.jpg,,/product/amaciador-roupa-bosque/5604260303908
7293,"Anti-calcário para máquina de roupa, em gel",3141360050001,11788,11422,Garrafa de 750 ml,Calgon,,"9,32€/L","6,99€",https://cdn.intermarche.pt/pt/Content/images/boitmal/produit/zoom/CBAA20E2D0B47492F063F2C7CE6B7F2D.jpg,2024-10-04T22:59:59.999Z,/product/anti-calcario-para-maquina-de-roupa-em-gel/3141360050001
51181,"Perfumador de Roupa Azul, 36 doses",5601217137265,11788,11422,,Quanto,,"2,99€/Unidade","2,99€",https://cdn.intermarche.pt/pt/Content/images/boitmal/produit/zoom/D220904A5CC7339C1FC4FDBF74A24C1B.jpg,2024-10-04T22:59:59.999Z,/product/perfumador-de-roupa-azul-36-doses/5601217137265
4484,Anti-calcário para máquina de roupa,4002448003533,11788,11422,Embalagem de 15 pastilhas,Calgon,,"6,99€/Unidade","6,99€",https://cdn.intermarche.pt/pt/Content/images/boitmal/produit/zoom/1547C9E7DE90C6A0D94D17E806301F7A.jpg,2024-10-04T22:59:59.999Z,/product/anti-calcario-para-maquina-de-roupa/4002448003533
33154,Pérolas de Perfume Fresh,8001841006710,11788,11422,Embalagem de 210g,Lenor,,"28,52€/Kg","5,99€",https://cdn.intermarche.pt/pt/Content/images/boitmal/produit/zoom/8ED8ADB909211D365E80EE2B546E6B4F.jpg,2024-10-04T22:59:59.999Z,/product/perolas-de-perfume-fresh/8001841006710
51080,Pérolas de Perfume Alpes,8006540758915,11788,11422,embalagem de 210 g,Lenor,,"28,52€/Kg","5,99€",https://cdn.intermarche.pt/pt/Content/images/boitmal/produit/zoom/7FE25533A3B86FCEAB24437DE26C601D.jpg,2024-10-04T22:59:59.999Z,/product/perolas-de-perfume-alpes/8006540758915
51081,Pérolas de Perfume Sensations,8006540758946,11788,11422,embalagem de 210 g,Lenor,,"28,52€/Kg","5,99€",https://cdn.intermarche.pt/pt/Content/images/boitmal/produit/zoom/C61FE804239F09CC477FFED570E1078D.jpg,2024-10-04T22:59:59.999Z,/product/perolas-de-perfume-sensations/8006540758946
29132,"Tira Nódoas Brancos em Pó, 1 kg",8710522322130,11788,11422,,Skip,,"7,19€/Kg","7,19€",https://cdn.intermarche.pt/pt/Content/images/boitmal/produit/zoom/DD9DAEDD8BEF01F645D8C34A69A9208C.jpg,2024-09-25T22:59:59.999Z,/product/tira-nodoas-brancos-em-po-1-kg/8710522322130
29313,Anticalcário p/máquina roupa em pó,8710552260594,11788,11422,Embalagem de 500g,Calgon,,"13,98€/Kg","6,99€",https://cdn.intermarche.pt/pt/Content/images/boitmal/produit/zoom/4C660984AE676BC886E4E4AD0C7560F4.jpg,2024-10-04T22:59:59.999Z,/product/anticalcario-p-ou-maquina-roupa-em-po/8710552260594
29369,"Tira Nódoas em Pó Cores, 1 kg",8710522322116,11788,11422,,Skip,,"7,19€/Kg","7,19€",https://cdn.intermarche.pt/pt/Content/images/boitmal/produit/zoom/BCC51FAACF715BA76CA6D894D9421BF2.jpg,2024-09-25T22:59:59.999Z,/product/tira-nodoas-em-po-cores-1-kg/8710522322116
29370,"Tira Nódoas em Gel Cores, 1.6 l",8710522322154,11788,11422,,Skip,,"4,49€/L","7,19€",https://cdn.intermarche.pt/pt/Content/images/boitmal/produit/zoom/0629C0D5C3753AC34B5690FC3752C6C0.jpg,2024-09-25T22:59:59.999Z,/product/tira-nodoas-em-gel-cores-1.6-l/8710522322154
52900,"Intensificador Perfume Líquido Lavanda 36D, 720ml",5601217138088,11788,11422,,Quanto,,"4,15€/L","2,99€",https://cdn.intermarche.pt/pt/Content/images/boitmal/produit/zoom/CAC5CEAACB3DCE6D8F3FF5B4761BDD42.jpg,2024-10-04T22:59:59.999Z,/product/intensificador-perfume-liquido-lavanda-36d-720ml/5601217138088
53815,Intensificador Perfume Pérolas Unstoppables Fresh,8001090938015,11788,11422,Embalagem de 510g,Lenor,,"21,55€/Kg","10,99€",https://cdn.intermarche.pt/pt/Content/images/boitmal/produit/zoom/431B7C52111EEA42B51370F99ED6B13A.jpg,2024-10-04T22:59:59.999Z,/product/intensificador-perfume-perolas-unstoppables-fresh/8001090938015
54603,"Intensificador Perfume Tropical, 760ml",8720181292873,11788,11422,,Comfort,,"4,59€/L","3,49€",https://cdn.intermarche.pt/pt/Content/images/boitmal/produit/zoom/3BA59D17D5C4752E05E829D4540DEF17.jpg,2024-09-25T22:59:59.999Z,/product/intensificador-perfume-tropical-760ml/8720181292873
10111,"Pré-lavagem power gel, garrafa de 200 ml",8410104402501,11788,11422,,Vanish,,"19,45€/L","3,89€",https://cdn.intermarche.pt/pt/Content/images/boitmal/produit/zoom/43BF12F00EF01640414435278CB9BD77.jpg,,/product/pre-lavagem-power-gel-garrafa-de-200-ml/8410104402501
33481,Limpa máquinas de roupa tripla ação,5604260285112,11788,11422,Embalagem de 250 ml,PorSi,,"6,36€/L","1,59€",https://cdn.intermarche.pt/pt/Content/images/boitmal/produit/zoom/ADA8AC2A0BE0ED55A687A56645EEC09F.jpg,,/product/limpa-maquinas-de-roupa-tripla-acao/5604260285112
45697,Toalhitas proteção cores,5604260313426,11788,11422,Embalagem de 20 unidades,PorSi,,"1,69€/Unidade","1,69€",https://cdn.intermarche.pt/pt/Content/images/boitmal/produit/zoom/13BCA82191B32BA24C7CB1CC7025F64E.jpg,,/product/toalhitas-protecao-cores/5604260313426
5954,"Tira nódoas, gel oxi",5604260267026,11788,11422,Embalagem de 750 ml,PorSi,,"2,65€/L","1,99€",https://cdn.intermarche.pt/pt/Content/images/boitmal/produit/zoom/B0B13825D20BF143B955A65EB6AA07BA.jpg,,/product/tira-nodoas-gel-oxi/5604260267026
43658,Perolas perfumadas fresh,5604260312672,11788,11422,Embalagem de 275 g,PorSi,,"10,87€/Kg","2,99€",https://cdn.intermarche.pt/pt/Content/images/boitmal/produit/zoom/4A41B4FACDA7EF6E3D263E1AEB934F2C.jpg,,/product/perolas-perfumadas-fresh/5604260312672
43546,Tira nódoas roupa em pó oxy white,5604260312207,11788,11422,Embalagem de 1 kg,PorSi,,"2,99€/Kg","2,99€",https://cdn.intermarche.pt/pt/Content/images/boitmal/produit/zoom/6DD8CF4F26F280EF609C5726F98AB244.jpg,,/product/tira-nodoas-roupa-em-po-oxy-white/5604260312207
43545,Tira nódoas roupa em pó oxy cores,5604260312214,11788,11422,Embalagem de 1 kg,PorSi,,"2,99€/Kg","2,99€",https://cdn.intermarche.pt/pt/Content/images/boitmal/produit/zoom/1AE9B6880740611A551DFF93DC701D18.jpg,,/product/tira-nodoas-roupa-em-po-oxy-cores/5604260312214
51404,Água engomar perfumada rosas,5604260324262,11788,11422,Garrafa de 1 l,PorSi,,"0,69€/L","0,69€",https://cdn.intermarche.pt/pt/Content/images/boitmal/produit/zoom/A0ADCC8BA0C8F6149476DF34FC833A0C.jpg,,/product/agua-engomar-perfumada-rosas/5604260324262
22955,"Desinfetante para Roupa, 500ml",3045200760009,11788,11422,,Sanytol,,"7,18€/L","3,59€",https://cdn.intermarche.pt/pt/Content/images/boitmal/produit/zoom/709F2A22592CEA8E23DD3F8388E2B789.jpg,,/product/desinfetante-para-roupa-500ml/3045200760009
7934,"Toalhitas de proteção, cores, 10 unidades",5000146401568,11788,11422,Uma embalagem,Woolite,,"3,49€/Unidade","3,49€",https://cdn.intermarche.pt/pt/Content/images/boitmal/produit/zoom/8006ECA8865AFA4186DE4F5AE9DE3562.jpg,,/product/toalhitas-de-protecao-cores-10-unidades/5000146401568
46495,Spray gentil desengordurante,5604260318629,11788,11422,750 ml,PorSi,,"2,52€/L","1,89€",https://cdn.intermarche.pt/pt/Content/images/boitmal/produit/zoom/E1E3E34581A1C16FEA55873223BE24EE.jpg,,/product/spray-gentil-desengordurante/5604260318629
16428,"Anti-calcário em pó, máquina roupa",5604260276981,11788,11422,Embalagem de 800g,PorSi,,"4,99€/Kg","3,99€",https://cdn.intermarche.pt/pt/Content/images/boitmal/produit/zoom/F62EB807A060CC28B882F1EE6E56B867.jpg,,/product/anti-calcario-em-po-maquina-roupa/5604260276981
21140,"Desinfetante Têxtil, 500 ml",3045206331005,11788,11422,,Sanytol,,"10,78€/L","5,39€",https://cdn.intermarche.pt/pt/Content/images/boitmal/produit/zoom/AA81088C3708467E524D8B47F700AA46.jpg,,/product/desinfetante-textil-500-ml/3045206331005
43751,Desodorizante textil,5604260312795,11788,11422,500 ml,PorSi,,"39,80€/L","1,99€",https://cdn.intermarche.pt/pt/Content/images/boitmal/produit/zoom/A7B41F8A97AEAEA39DBD0CB0BB8A0566.jpg,,/product/desodorizante-textil/5604260312795
50502,"Aditivos Pó Vanish Oxi Advance White, 400g",8410104895570,11788,11422,,Vanish,,"14,98€/Kg","5,99€",https://cdn.intermarche.pt/pt/Content/images/boitmal/produit/zoom/D7BF2B9AB20E28933F806A9A8FF95FA6.jpg,,/product/aditivos-po-vanish-oxi-advance-white-400g/8410104895570
50949,"Tira Nódoas Spray Desengordurante, 750 ml",8410104898298,11788,11422,,Vanish,,"5,99€/L","4,49€",https://cdn.intermarche.pt/pt/Content/images/boitmal/produit/zoom/DFBD88FFE5CB18F6516F5CD4281270B2.jpg,,/product/tira-nodoas-spray-desengordurante-750-ml/8410104898298
50950,"Tira Nódoas Spray Roupa Branca, 750 ml",8410104898496,11788,11422,,Vanish,,"5,99€/L","4,49€",https://cdn.intermarche.pt/pt/Content/images/boitmal/produit/zoom/6687FF6DFB3F1AC5E6A7E937C285D48C.jpg,,/product/tira-nodoas-spray-roupa-branca-750-ml/8410104898496
51405,Agua engomar perfumada suave,5604260324279,11788,11422,Garrafa de 1 l,PorSi,,"0,69€/L","0,69€",https://cdn.intermarche.pt/pt/Content/images/boitmal/produit/zoom/0D36A5AE669C1D1273F8F1E0941CDC95.jpg,,/product/agua-engomar-perfumada-suave/5604260324279
52517,Pérolas de Perfume Orquidea Dourada,8006540991695,11788,11422,Embalagem de 210g,Lenor,,"31,38€/Kg","6,59€",https://cdn.intermarche.pt/pt/Content/images/boitmal/produit/zoom/3CC4FF1E60474590A575791A3D5AFE88.jpg,,/product/perolas-de-perfume-orquidea-dourada/8006540991695
12090,"Engoma fácil, pistola",5604260263622,11788,11422,Embalagem de 750 ml,PorSi,,"2,39€/L","1,79€",https://cdn.intermarche.pt/pt/Content/images/boitmal/produit/zoom/799FD78460FA6E1F24708C52FEEC7778.jpg,,/product/engoma-facil-pistola/5604260263622
22956,Tira Nódoas,3045206382007,11788,11422,embalagem com 450g,Sanytol,,"8,99€/Unidade","8,99€",https://cdn.intermarche.pt/pt/Content/images/boitmal/produit/zoom/45E464D51C31D589C05467E2EA875F0D.jpg,,/product/tira-nodoas/3045206382007
43819,Tira nódoas oxy limpa a seco sem deixar manchas,5604260312221,11788,11422,Embalagem de 200 ml,PorSi,,"9,95€/L","1,99€",https://cdn.intermarche.pt/pt/Content/images/boitmal/produit/zoom/79420ADB2999BF854EDBB0690100D459.jpg,,/product/tira-nodoas-oxy-limpa-a-seco-sem-deixar-manchas/5604260312221
46843,Anti calcário em gel máquina roupa,5604260316847,11788,11422,750 ml,PorSi,,"3,59€/L","2,69€",https://cdn.intermarche.pt/pt/Content/images/boitmal/produit/zoom/305E270855DB494A27709237E6A38CAA.jpg,,/product/anti-calcario-em-gel-maquina-roupa/5604260316847
48140,Engoma fácil,5604260320998,11788,11422,Embalagem de 750 ml,PorSi,,"2,92€/L","2,19€",https://cdn.intermarche.pt/pt/Content/images/boitmal/produit/zoom/BF7103BAD72CB75EC5F784828D1EF9F2.jpg,,/product/engoma-facil/5604260320998
50500,"Aditivo Tira Nódoas Spray Nódoas Dia-A-Dia, 500 ml",5601217134981,11788,11422,,Vanish,,"7,98€/L","3,99€",https://cdn.intermarche.pt/pt/Content/images/boitmal/produit/zoom/77F5862CE52D144666F18B51D6C135F6.jpg,,/product/aditivo-tira-nodoas-spray-nodoas-dia-a-dia-500-ml/5601217134981
50501,"Aditivo Tira Nódoas Pó Oxi Advance Pink, 400g",8410104895563,11788,11422,,Vanish,,"14,98€/Kg","5,99€",https://cdn.intermarche.pt/pt/Content/images/boitmal/produit/zoom/9AD7D6DF4F5ACD476CEB963E0E2D9A17.jpg,,/product/aditivo-tira-nodoas-po-oxi-advance-pink-400g/8410104895563
50503,Aditivo Tira Nódoas Gel Oxi Advance Pink,8410104895525,11788,11422,Garrafa de 750 ml,Vanish,,"7,99€/L","5,99€",https://cdn.intermarche.pt/pt/Content/images/boitmal/produit/zoom/89476E3A6FFE515514082BC21D3F3194.jpg,,/product/aditivo-tira-nodoas-gel-oxi-advance-pink/8410104895525
53551,"Lixívia Gentil, 18 Pastilhas",8001480721326,11789,11422,,Neoblanc,,"3,24€/Unidade","3,24€",https://cdn.intermarche.pt/pt/Content/images/boitmal/produit/zoom/0BFE05490B3825CE2EB9049B98631E70.jpg,2024-09-25T22:59:59.999Z,/product/lixivia-gentil-18-pastilhas/8001480721326
53552,"Lixívia, 14 Pastilhas",8001480721333,11789,11422,,Neoblanc,,"2,99€/Unidade","2,99€",https://cdn.intermarche.pt/pt/Content/images/boitmal/produit/zoom/D10218DF7DC3F854FF3AB0BF703C2F96.jpg,2024-09-25T22:59:59.999Z,/product/lixivia-14-pastilhas/8001480721333
16427,Lixívia Roupa delicada,5604260277407,11789,11422,Embalagem de 2 l,PorSi,,"0,60€/L","1,19€",https://cdn.intermarche.pt/pt/Content/images/boitmal/produit/zoom/F75AE5B05F615D8988E4038F0F690C04.jpg,,/product/lixivia-roupa-delicada/5604260277407
5966,Lixívia perfumada,5604260272792,11789,11422,Embalagem de 5 l,PorSi,,"0,40€/L","1,99€",https://cdn.intermarche.pt/pt/Content/images/boitmal/produit/zoom/078B1FC19DA6904C23B2DB9CEAA0B22F.jpg,,/product/lixivia-perfumada/5604260272792
5804,Lixívia Tradicional,5604260055821,11789,11422,Embalagem de 5 l,PorSi,,"0,34€/L","1,69€",https://cdn.intermarche.pt/pt/Content/images/boitmal/produit/zoom/81DB788515084D1DCFC967836E89EA5D.jpg,,/product/lixivia-tradicional/5604260055821
5803,Lixívia tradicional,5604260055814,11789,11422,Embalagem de 2 l,PorSi,,"0,45€/L","0,89€",https://cdn.intermarche.pt/pt/Content/images/boitmal/produit/zoom/934BC2B728ADDB96BB31CF919A2E21C2.jpg,,/product/lixivia-tradicional/5604260055814
5806,Lixivia perfumada,5604260055845,11789,11422,Garrafa de 2 l,PorSi,,"0,60€/L","1,19€",https://cdn.intermarche.pt/pt/Content/images/boitmal/produit/zoom/7D9231CD470153AB42877965FFCBDC06.jpg,,/product/lixivia-perfumada/5604260055845
5807,Lixívia com detergente,5604260055852,11789,11422,Embalagem de 2 l,PorSi,,"0,60€/L","1,19€",https://cdn.intermarche.pt/pt/Content/images/boitmal/produit/zoom/4116B563D6621896E4ADBC140C538808.jpg,,/product/lixivia-com-detergente/5604260055852
6208,Lixívia Denso-Activa Tradicional p/ Casa e Roupa,8001480020580,11789,11422,Embalagem de 2 l,Neoblanc,,"1,85€/L","3,69€",https://cdn.intermarche.pt/pt/Content/images/boitmal/produit/zoom/E446BACA3D4561303E1F410048645F37.jpg,,/product/lixivia-denso-activa-tradicional-p-ou-casa-e-roupa/8001480020580
5802,"Lixívia tradicional, 1 l",5604260055807,11789,11422,,PorSi,,"0,79€/L","0,79€",https://cdn.intermarche.pt/pt/Content/images/boitmal/produit/zoom/BCED94EABDE98B5CAB02624A604290B0.jpg,,/product/lixivia-tradicional-1-l/5604260055807
12286,Lixívia para roupa delicada,8001480020696,11789,11422,Embalagem de 2 l,Neoblanc,,"3,50€/L","6,99€",https://cdn.intermarche.pt/pt/Content/images/boitmal/produit/zoom/1EEF05A0D9CFE46475A118F5FF12889D.jpg,,/product/lixivia-para-roupa-delicada/8001480020696
10000,Lixivia perfume fresco,8001480020559,11789,11422,Embalagem de 2 l,Neoblanc,,"1,50€/L","2,99€",https://cdn.intermarche.pt/pt/Content/images/boitmal/produit/zoom/AB043965B840954BA1E2B970EB3CF7B9.jpg,,/product/lixivia-perfume-fresco/8001480020559
6205,Lixívia Denso-Activa Harmonias Florais p/ Casa e Roupa,8001480020450,11789,11422,Embalagem de 2 l,Neoblanc,,"1,85€/L","3,69€",https://cdn.intermarche.pt/pt/Content/images/boitmal/produit/zoom/F41ADE6A8A2E172433A5157F3ABCA9F6.jpg,,/product/lixivia-denso-activa-harmonias-florais-p-ou-casa-e-roupa/8001480020450
10001,"Lixívia, perfume fresco",8001480020566,11789,11422,Embalagem de 4 l,Neoblanc,,"1,22€/L","4,89€",https://cdn.intermarche.pt/pt/Content/images/boitmal/produit/zoom/2040755A055F7A484FEAB095CC36C6F9.jpg,,/product/lixivia-perfume-fresco/8001480020566
10002,"Lixívia para roupa, azul, tradicional",8001480020573,11789,11422,Embalagem de 1 l,Neoblanc,,"2,29€/L","2,29€",https://cdn.intermarche.pt/pt/Content/images/boitmal/produit/zoom/64E8E99951AC04CDD333BAF1A08FB324.jpg,,/product/lixivia-para-roupa-azul-tradicional/8001480020573
12287,Lixívia para roupa delicada,8001480020740,11789,11422,Embalagem de 1 l,Neoblanc,,"3,19€/L","3,19€",https://cdn.intermarche.pt/pt/Content/images/boitmal/produit/zoom/E98E4328FF3CC4E22D5A39A57AD16869.jpg,,/product/lixivia-para-roupa-delicada/8001480020740
12288,Lixívia para roupa delicada,8001480020757,11789,11422,Embalagem de 2 l,Neoblanc,,"3,00€/L","5,99€",https://cdn.intermarche.pt/pt/Content/images/boitmal/produit/zoom/B4BF8DE0F17D4D83042107CF1D778F44.jpg,,/product/lixivia-para-roupa-delicada/8001480020757
6204,Lixívia densa verde,8001480020443,11789,11422,Embalagem de 1 l,Neoblanc,,"1,99€/L","1,99€",https://cdn.intermarche.pt/pt/Content/images/boitmal/produit/zoom/27F59444C0EE6A8BD2ECA66FE825727C.jpg,,/product/lixivia-densa-verde/8001480020443
53723,Lixivia Perfume Do Campo,8001480020542,11789,11422,Embalagem de 1000ml,Neoblanc,,"1,69€/L","1,69€",https://cdn.intermarche.pt/pt/Content/images/boitmal/produit/zoom/450D13547E8C277100C8B706BA520F7F.jpg,,/product/lixivia-perfume-do-campo/8001480020542
5853,"Lixívia para roupa, tradicional verde denso",5604260161461,11789,11422,Embalagem de 2L,PorSi,,"0,65€/L","1,29€",https://cdn.intermarche.pt/pt/Content/images/boitmal/produit/zoom/1093B2A04396D0752D3E6E2D20D00119.jpg,,/product/lixivia-para-roupa-tradicional-verde-denso/5604260161461
17087,Lata de Brilho Incolor,4009175131355,11790,11422,Embalagem de 75 ml,Búfalo,,"30,53€/L","2,29€",https://cdn.intermarche.pt/pt/Content/images/boitmal/produit/zoom/56A020B533D549D5BA62F9BD03774F91.jpg,2024-09-25T22:59:59.999Z,/product/lata-de-brilho-incolor/4009175131355
4574,Autobrilhante Branco,4009175139559,11790,11422,Embalagem de 50 ml,Búfalo,,"37,80€/L","1,89€",https://cdn.intermarche.pt/pt/Content/images/boitmal/produit/zoom/E66E89B3A613388C0A84BBA7056B09E1.jpg,2024-09-25T22:59:59.999Z,/product/autobrilhante-branco/4009175139559
17086,"Lata de Brilho Castanho, 75 ml",4009175131379,11790,11422,,Búfalo,,"30,53€/L","2,29€",https://cdn.intermarche.pt/pt/Content/images/boitmal/produit/zoom/656814B2B5EA6504671F03862C688C75.jpg,2024-09-25T22:59:59.999Z,/product/lata-de-brilho-castanho-75-ml/4009175131379
37529,Esponja brilho preto,4009175912138,11790,11422,,Búfalo,,"2,19€/Unidade","2,19€",https://cdn.intermarche.pt/pt/Content/images/boitmal/produit/zoom/62D1F04FA72CE691E1DBADA83948C82C.jpg,2024-09-25T22:59:59.999Z,/product/esponja-brilho-preto/4009175912138
4573,Autobrilhante Preto,4009175139535,11790,11422,Embalagem de 50 ml,Búfalo,,"37,80€/L","1,89€",https://cdn.intermarche.pt/pt/Content/images/boitmal/produit/zoom/CD6E884339FD22C8A76A56F2BA8AD386.jpg,2024-09-25T22:59:59.999Z,/product/autobrilhante-preto/4009175139535
5200,Creme p/ Calçado Preto,8411650053193,11790,11422,Embalagem de 40 ml,Búfalo,,"67,25€/L","2,69€",https://cdn.intermarche.pt/pt/Content/images/boitmal/produit/zoom/7362D9765562B04243A3F7A66AB8AEB9.jpg,2024-09-25T22:59:59.999Z,/product/creme-p-ou-calcado-preto/8411650053193
17085,Lata de Brilho Preto,4009175131348,11790,11422,Embalagem de 75 ml,Búfalo,,"30,53€/L","2,29€",https://cdn.intermarche.pt/pt/Content/images/boitmal/produit/zoom/0D5EFC1D433440269EF7D1DBCE3D4CBD.jpg,2024-09-25T22:59:59.999Z,/product/lata-de-brilho-preto/4009175131348
17088,Autobrilhante Incolor,4009175139542,11790,11422,Embalagem de 50 ml,Búfalo,,"37,80€/L","1,89€",https://cdn.intermarche.pt/pt/Content/images/boitmal/produit/zoom/8089A9F5C2898B5339F0121985DC2EFD.jpg,2024-09-25T22:59:59.999Z,/product/autobrilhante-incolor/4009175139542
21725,Creme p/ Calçado Azul,8411650053230,11790,11422,Embalagem de 40 ml,Búfalo,,"67,25€/L","2,69€",https://cdn.intermarche.pt/pt/Content/images/boitmal/produit/zoom/72892DCDF861BDDB8A2D70D7059CC6DC.jpg,2024-09-25T22:59:59.999Z,/product/creme-p-ou-calcado-azul/8411650053230
27529,Lata Cebo Protexol Incolor,4009175131492,11790,11422,Embalagem de 75 ml,Búfalo,,"30,53€/L","2,29€",https://cdn.intermarche.pt/pt/Content/images/boitmal/produit/zoom/FFD729F61A1EB3A02C6924257FDEE0D8.jpg,2024-09-25T22:59:59.999Z,/product/lata-cebo-protexol-incolor/4009175131492
27535,Escova de Camurça,8411650426096,11790,11422,Embalagem de 250 ml,Búfalo,,"16,60€/L","4,15€",https://cdn.intermarche.pt/pt/Content/images/boitmal/produit/zoom/E5B48659C8580101EE04EEB0E3360DA4.jpg,2024-09-25T22:59:59.999Z,/product/escova-de-camurca/8411650426096
4575,Autobrilhante Castanho,4009175139566,11790,11422,Embalagem de 50 ml,Búfalo,,"37,80€/L","1,89€",https://cdn.intermarche.pt/pt/Content/images/boitmal/produit/zoom/B3F79660E964BFC938FCCB218F7AE4FC.jpg,2024-09-25T22:59:59.999Z,/product/autobrilhante-castanho/4009175139566
53331,Esponja Calçado Brilho Incolor,4009175912176,11790,11422,,Bufalo,,"2,19€/Unidade","2,19€",https://cdn.intermarche.pt/pt/Content/images/boitmal/produit/zoom/762161A8FDB3509A81173371F8199095.jpg,2024-09-25T22:59:59.999Z,/product/esponja-calcado-brilho-incolor/4009175912176
7760,Renovador de Camurça em Spray Incolor,4009175174017,11790,11422,Embalagem de 250 ml,Búfalo,,"20,76€/L","5,19€",https://cdn.intermarche.pt/pt/Content/images/boitmal/produit/zoom/B2407EA62ADB98089DFFB8AB3C0D4CD3.jpg,2024-09-25T22:59:59.999Z,/product/renovador-de-camurca-em-spray-incolor/4009175174017
8593,Creme p/ Calçado Castanho,8411650053216,11790,11422,Embalagem de 40 ml,Búfalo,,"67,25€/L","2,69€",https://cdn.intermarche.pt/pt/Content/images/boitmal/produit/zoom/32622ABC88EC7646D71E433AD7151EC2.jpg,2024-09-25T22:59:59.999Z,/product/creme-p-ou-calcado-castanho/8411650053216
40563,Esponja autobrilhante,5604260277674,11790,11422,3 g,PorSi,,"330,00€/Kg","0,99€",https://cdn.intermarche.pt/pt/Content/images/boitmal/produit/zoom/E366A907FD8894FC4C0DA9D2D8B205CE.jpg,,/product/esponja-autobrilhante/5604260277674
43479,Spray elimina odores do calçado,5604260312108,11790,11422,embalagem de 100 ml,PorSi,,"19,90€/L","1,99€",https://cdn.intermarche.pt/pt/Content/images/boitmal/produit/zoom/2D990C0EE4E4D633EAA772D716DECEA6.jpg,,/product/spray-elimina-odores-do-calcado/5604260312108
43480,Creme para calçado incolor,5604260312115,11790,11422,50 ml,PorSi,,"23,80€/L","1,19€",https://cdn.intermarche.pt/pt/Content/images/boitmal/produit/zoom/6C76211C00628571994DA366B3B20F57.jpg,,/product/creme-para-calcado-incolor/5604260312115
22954,"Desodorizante e desinfetante para calçado, 150 ml",3045200715009,11790,11422,,Sanytol,,"33,27€/L","4,99€",https://cdn.intermarche.pt/pt/Content/images/boitmal/produit/zoom/F999B267D2BC65CBDFCC6C5BAC28F6A4.jpg,,/product/desodorizante-e-desinfetante-para-calcado-150-ml/3045200715009
40562,Creme calçado preto,5604260277698,11790,11422,50 ml,PorSi,,"25,80€/L","1,29€",https://cdn.intermarche.pt/pt/Content/images/boitmal/produit/zoom/66647851B0B4CE69A284375567B417F9.jpg,,/product/creme-calcado-preto/5604260277698
40653,Liquido brilhante sapato preto,5604260277650,11790,11422,75 ml,PorSi,,"13,20€/L","0,99€",https://cdn.intermarche.pt/pt/Content/images/boitmal/produit/zoom/3BBD2720CACC75D48FC8F78D15AD6931.jpg,,/product/liquido-brilhante-sapato-preto/5604260277650
42621,Liquido abrilhantador castanho,5604260277667,11790,11422,75 ml,PorSi,,"13,20€/L","0,99€",https://cdn.intermarche.pt/pt/Content/images/boitmal/produit/zoom/984B9871A2D6E85E55561626424D07EF.jpg,,/product/liquido-abrilhantador-castanho/5604260277667
43473,Spray renova camurça preta,5604260312078,11790,11422,Embalagem de 200 ml,PorSi,,"14,45€/L","2,89€",https://cdn.intermarche.pt/pt/Content/images/boitmal/produit/zoom/8FBEA4348F3240D73256EB563DEDD74E.jpg,,/product/spray-renova-camurca-preta/5604260312078
43474,Spray renova camurça castanha,5604260312085,11790,11422,Embalagem de 200 ml,PorSi,,"14,45€/L","2,89€",https://cdn.intermarche.pt/pt/Content/images/boitmal/produit/zoom/1AAE4F5D183200FF6CAA028437C7C9A0.jpg,,/product/spray-renova-camurca-castanha/5604260312085
43475,Spray renova camurça incolor,5604260312092,11790,11422,Embalagem de 200 ml,PorSi,,"14,45€/L","2,89€",https://cdn.intermarche.pt/pt/Content/images/boitmal/produit/zoom/EA64B2C5CA4BB538BCA55F03AEE0EFEA.jpg,,/product/spray-renova-camurca-incolor/5604260312092
43476,Esponja limpa camurça,5604260312122,11790,11422,1 unidade,PorSi,,"1,49€/Unidade","1,49€",https://cdn.intermarche.pt/pt/Content/images/boitmal/produit/zoom/C9B798C2FF422233FE5DF361713ABE05.jpg,,/product/esponja-limpa-camurca/5604260312122
43551,Creme para calçado castanho,5604260277704,11790,11422,50 ml,PorSi,,"25,80€/L","1,29€",https://cdn.intermarche.pt/pt/Content/images/boitmal/produit/zoom/2BA7610A6B3C4FB600096BAEE0EC4E57.jpg,,/product/creme-para-calcado-castanho/5604260277704
36308,Creme calçado preto bisnaga,4009175951809,11790,11422,50 ml,Búfalo,,"39,80€/L","1,99€",https://cdn.intermarche.pt/pt/Content/images/boitmal/produit/zoom/D43FE8A0FE17FEE22F052742498A7D80.jpg,,/product/creme-calcado-preto-bisnaga/4009175951809
51528,Toalhitas limpa calçado desporto,5601149042118,11790,11422,24 unidades,Splendor,,"3,99€/Unidade","3,99€",https://cdn.intermarche.pt/pt/Content/images/boitmal/produit/zoom/2E85A31B1571F1F31D809A75C73F3F7A.jpg,,/product/toalhitas-limpa-calcado-desporto/5601149042118
27534,Renovador de Camurça em Spray Castanho,4009175174024,11790,11422,Embalagem de 250 ml,Búfalo,,"19,96€/L","4,99€",https://cdn.intermarche.pt/pt/Content/images/boitmal/produit/zoom/010626F53D8F9C7A9AC4BE12A172505D.jpg,,/product/renovador-de-camurca-em-spray-castanho/4009175174024
35512,Molas plásticas,5604260289585,10642,10097,15 unidades,PorSi,,"0,89€/Unidade","0,89€",https://cdn.intermarche.pt/pt/Content/images/boitmal/produit/zoom/0F0C4F65EAD71CFDE78971FA2D673B8E.jpg,,/product/molas-plasticas/5604260289585
47785,"Água destilada, garrafão de 5 l",5604260321667,10640,10097,,PorSi,,"0,20€/L","0,99€",https://cdn.intermarche.pt/pt/Content/images/boitmal/produit/zoom/EF3A04BF537F04160EFFD9BDF954EE32.jpg,,/product/agua-destilada-garrafao-de-5-l/5604260321667
35513,Molas plásticas amarelas,5604260289592,10642,10097,50 unidades,PorSi,,"2,19€/Unidade","2,19€",https://cdn.intermarche.pt/pt/Content/images/boitmal/produit/zoom/A20934E81D5AAA96ACC46607DD3B3AF6.jpg,,/product/molas-plasticas-amarelas/5604260289592
35514,Molas de madeira,5604260289608,10642,10097,36 unidades,PorSi,,"2,19€/Unidade","2,19€",https://cdn.intermarche.pt/pt/Content/images/boitmal/produit/zoom/218F38FD8CE9A24D40DC8CE4C1EC08A4.jpg,,/product/molas-de-madeira/5604260289608
37651,Estendal de roupa com abas alumínio,5604260301225,10642,10097,20 metros,PorSi,,"26,99€/Unidade","26,99€",https://cdn.intermarche.pt/pt/Content/images/boitmal/produit/zoom/7381FFE8F74D76F55C4C5FAFA2176FFD.jpg,,/product/estendal-de-roupa-com-abas-aluminio/5604260301225
32363,"Cabide Anti-Humidade, 450 g",8412857001253,10640,10097,,Humydry,,"8,99€/Unidade","8,99€",https://cdn.intermarche.pt/pt/Content/images/boitmal/produit/zoom/BEC783D97DB597A50C9F4C9919A62267.jpg,,/product/cabide-anti-humidade-450-g/8412857001253
3268,Limpa ferros,5601677250016,10642,10097,1 unidade,Petex,,"4,49€/Unidade","4,49€",https://cdn.intermarche.pt/pt/Content/images/boitmal/produit/zoom/0FCC7DE94A5E67F8FC200A40AF3DF262.jpg,,/product/limpa-ferros/5601677250016
3318,Escova plástica (cores sortidas),5604260031870,10642,10097,1 unidade,PorSi,,"0,79€/Unidade","0,79€",https://cdn.intermarche.pt/pt/Content/images/boitmal/produit/zoom/C10BFD0304B9B55C77E4400B08CD3C38.jpg,,/product/escova-plastica-(cores-sortidas)/5604260031870
48364,Estendal metal com abas 18m,5604260321698,10642,10097,,PorSi,,"14,99€/Unidade","14,99€",https://cdn.intermarche.pt/pt/Content/images/boitmal/produit/zoom/18849A53DB6F96EBA79FB10287C8294F.jpg,,/product/estendal-metal-com-abas-18m/5604260321698
3407,Capa confort plus,8001940006314,10641,10097,,Vileda,,"17,99€/Unidade","17,99€",https://cdn.intermarche.pt/pt/Content/images/boitmal/produit/zoom/ECE3AE658FF0CDF17D12DC51744E083B.jpg,,/product/capa-confort-plus/8001940006314
36578,Anti-humidade,8412857400445,10640,10097,1 embalagem,Humydry,,"7,99€/Unidade","7,99€",https://cdn.intermarche.pt/pt/Content/images/boitmal/produit/zoom/28664670D19830BAD06220E5C9868425.jpg,,/product/anti-humidade/8412857400445
37650,Estendal de roupa com abas resina,5604260301218,10642,10097,20 metros,PorSi,,"26,99€/Unidade","26,99€",https://cdn.intermarche.pt/pt/Content/images/boitmal/produit/zoom/BCF65A9E51050A7D8EF00C3EC768DBAA.jpg,,/product/estendal-de-roupa-com-abas-resina/5604260301218
42138,Cabides para criança,5604260306978,10642,10097,5 unidades,PorSi,,"1,49€/Unidade","1,49€",https://cdn.intermarche.pt/pt/Content/images/boitmal/produit/zoom/DD8299C0ED8458F909B43B3F9C650E4C.jpg,,/product/cabides-para-crianca/5604260306978
43552,Saco de rede para roupa,5604260304509,10642,10097,Dim.: 30 x 25 cm,PorSi,,"2,79€/Unidade","2,79€",https://cdn.intermarche.pt/pt/Content/images/boitmal/produit/zoom/85BB3E1C7060566778975C0A0C3F71A4.jpg,,/product/saco-de-rede-para-roupa/5604260304509
42140,Cabides,5604260306992,10642,10097,10 unidades,PorSi,,"1,99€/Unidade","1,99€",https://cdn.intermarche.pt/pt/Content/images/boitmal/produit/zoom/D0F78084F75D1B3ED2244D5CFC209C9E.jpg,,/product/cabides/5604260306992
34931,Capa para tábua metálica,8001940001494,10641,10097,,Vileda,,"17,99€/Unidade","17,99€",https://cdn.intermarche.pt/pt/Content/images/boitmal/produit/zoom/83EF163444DD967B85144DEBF6279F0E.jpg,,/product/capa-para-tabua-metalica/8001940001494
36579,Anti-humidade + 3 recargas,8412857001666,10640,10097,1 embalagem,Humydry,,"12,99€/Unidade","12,99€",https://cdn.intermarche.pt/pt/Content/images/boitmal/produit/zoom/FAEB7B382F53BCB0142FDFC01E385BEC.jpg,,/product/anti-humidade-+-3-recargas/8412857001666
35511,Guardanapos de papel reciclado,5604260285792,10600,10087,100 unidades,PorSi,,"0,69€/Unidade","0,69€",https://cdn.intermarche.pt/pt/Content/images/boitmal/produit/zoom/3128FCDC86BAD60BFD4A0D1FDA0DA6C0.jpg,,/product/guardanapos-de-papel-reciclado/5604260285792
5975,"Guardanapos brancos, 33x33cm, 2 folhas",5604260273690,10600,10087,Embalagem com 100 unidades,PorSi,,"1,39€/Unidade","1,39€",https://cdn.intermarche.pt/pt/Content/images/boitmal/produit/zoom/DA175A5DA96506E7076FCBDE1AE3ADDA.jpg,,/product/guardanapos-brancos-33x33cm-2-folhas/5604260273690
40722,Guardanapos brancos 30x30 cm,5604260285549,10600,10087,Embalagem com 100 unidades,PorSi,,"0,59€/Unidade","0,59€",https://cdn.intermarche.pt/pt/Content/images/boitmal/produit/zoom/657AC6FC56D299C8DC73E8E53AC066F1.jpg,,/product/guardanapos-brancos-30x30-cm/5604260285549
48298,Guardanapos 2 folhas brancos e dourado,5604260314270,10600,10087,50 unidades,PorSi Select,,"1,59€/Unidade","1,59€",https://cdn.intermarche.pt/pt/Content/images/boitmal/produit/zoom/3F8B188A90462CBA7AF64CEB95E51D36.jpg,,/product/guardanapos-2-folhas-brancos-e-dourado/5604260314270
5005,"Guardanapos brancos, 33x33cm, 2 folhas, 90 unidades",5601028000338,10600,10087,Uma embalagem,Renova,,"1,39€/Unidade","1,39€",https://cdn.intermarche.pt/pt/Content/images/boitmal/produit/zoom/3884E9AABC2011F644E3D212C16321AC.jpg,,/product/guardanapos-brancos-33x33cm-2-folhas-90-unidades/5601028000338
5006,Guardanapos brancos 22x22cm | folha dupla,5601028000345,10600,10087,90 unidades,Renova,,"1,25€/Unidade","1,25€",https://cdn.intermarche.pt/pt/Content/images/boitmal/produit/zoom/46835D1CB30D7665D0533780F59EBB08.jpg,,/product/guardanapos-brancos-22x22cm-|-folha-dupla/5601028000345
36874,Guardanapos de 1 Folha Azuis,5604260285648,10600,10087, Embalagem com 70 unidades,PorSi,,"0,79€/Unidade","0,79€",https://cdn.intermarche.pt/pt/Content/images/boitmal/produit/zoom/E55FBB75D99D0665F0E3DA28004111EE.jpg,,/product/guardanapos-de-1-folha-azuis/5604260285648
46620,Guardanapos brancos folha tripla 33x33 cm,5604260317066,10600,10087,70 unidades,PorSi,,"1,59€/Unidade","1,59€",https://cdn.intermarche.pt/pt/Content/images/boitmal/produit/zoom/ED7F6CFFB949919CB10243DF72DC328C.jpg,,/product/guardanapos-brancos-folha-tripla-33x33-cm/5604260317066
48300,Guardanapos 2 folhas vermelhos e dourado,5604260314294,10600,10087,40 unidades,PorSi Select,,"1,59€/Unidade","1,59€",https://cdn.intermarche.pt/pt/Content/images/boitmal/produit/zoom/46A29FCF69181BB9AAF28609C6114F09.jpg,,/product/guardanapos-2-folhas-vermelhos-e-dourado/5604260314294
24393,Guardanapos Red Label 1 folha |Branco,5601028000352,10600,10087,Dim: 30x32cm |70 unidades,Renova,,"0,79€/Unidade","0,79€",https://cdn.intermarche.pt/pt/Content/images/boitmal/produit/zoom/08FB951E24EC39BF7C9747ACEF481A28.jpg,,/product/guardanapos-red-label-1-folha-|branco/5601028000352
48299,Guardanapos 2 folhas azul e dourado,5604260314287,10600,10087,40 unidades,PorSi Select,,"1,59€/Unidade","1,59€",https://cdn.intermarche.pt/pt/Content/images/boitmal/produit/zoom/8A8C10E4D964A526CFF8EA76ED57632E.jpg,,/product/guardanapos-2-folhas-azul-e-dourado/5604260314287
36875,Guardanapos de 1 Folha Amarelos,5604260285631,10600,10087,Embalagem com 70 unidades,PorSi,,"0,79€/Unidade","0,79€",https://cdn.intermarche.pt/pt/Content/images/boitmal/produit/zoom/906891DC9E5F17330E832E745ED53C1C.jpg,,/product/guardanapos-de-1-folha-amarelos/5604260285631
42651,Guardanapos,5604260303144,10600,10087,,PorSi,,"1,39€/Unidade","1,39€",https://cdn.intermarche.pt/pt/Content/images/boitmal/produit/zoom/8CB4972FFBD2553B77AFB4686863AC53.jpg,,/product/guardanapos/5604260303144
42649,Guardanapos | Dim.: 30 x 33 cm,5604260303182,10600,10087,Embalagem com 20 unidades,PorSi,,"1,39€/Unidade","1,39€",https://cdn.intermarche.pt/pt/Content/images/boitmal/produit/zoom/2F73E6193176369C4F899FFDAC0F4779.jpg,,/product/guardanapos-|-dim.:-30-x-33-cm/5604260303182
