Product ID,Title,EAN,Family ID,Department ID,Packaging,Brand,Category,Price,Price Per Unit,Image URL,Promo End,Product URL
35511,Guardanapos de papel reciclado,5604260285792,10600,10087,100 unidades,PorSi,,"0,69€/Unidade","0,69€",https://cdn.intermarche.pt/pt/Content/images/boitmal/produit/zoom/3128FCDC86BAD60BFD4A0D1FDA0DA6C0.jpg,,/product/guardanapos-de-papel-reciclado/5604260285792
5975,"Guardanapos brancos, 33x33cm, 2 folhas",5604260273690,10600,10087,Embalagem com 100 unidades,PorSi,,"1,39€/Unidade","1,39€",https://cdn.intermarche.pt/pt/Content/images/boitmal/produit/zoom/DA175A5DA96506E7076FCBDE1AE3ADDA.jpg,,/product/guardanapos-brancos-33x33cm-2-folhas/5604260273690
40722,Guardanapos brancos 30x30 cm,5604260285549,10600,10087,Embalagem com 100 unidades,PorSi,,"0,59€/Unidade","0,59€",https://cdn.intermarche.pt/pt/Content/images/boitmal/produit/zoom/657AC6FC56D299C8DC73E8E53AC066F1.jpg,,/product/guardanapos-brancos-30x30-cm/5604260285549
48298,Guardanapos 2 folhas brancos e dourado,5604260314270,10600,10087,50 unidades,PorSi Select,,"1,59€/Unidade","1,59€",https://cdn.intermarche.pt/pt/Content/images/boitmal/produit/zoom/3F8B188A90462CBA7AF64CEB95E51D36.jpg,,/product/guardanapos-2-folhas-brancos-e-dourado/5604260314270
5005,"Guardanapos brancos, 33x33cm, 2 folhas, 90 unidades",5601028000338,10600,10087,Uma embalagem,Renova,,"1,39€/Unidade","1,39€",https://cdn.intermarche.pt/pt/Content/images/boitmal/produit/zoom/3884E9AABC2011F644E3D212C16321AC.jpg,,/product/guardanapos-brancos-33x33cm-2-folhas-90-unidades/5601028000338
5006,Guardanapos brancos 22x22cm | folha dupla,5601028000345,10600,10087,90 unidades,Renova,,"1,25€/Unidade","1,25€",https://cdn.intermarche.pt/pt/Content/images/boitmal/produit/zoom/46835D1CB30D7665D0533780F59EBB08.jpg,,/product/guardanapos-brancos-22x22cm-|-folha-dupla/5601028000345
36874,Guardanapos de 1 Folha Azuis,5604260285648,10600,10087, Embalagem com 70 unidades,PorSi,,"0,79€/Unidade","0,79€",https://cdn.intermarche.pt/pt/Content/images/boitmal/produit/zoom/E55FBB75D99D0665F0E3DA28004111EE.jpg,,/product/guardanapos-de-1-folha-azuis/5604260285648
46620,Guardanapos brancos folha tripla 33x33 cm,5604260317066,10600,10087,70 unidades,PorSi,,"1,59€/Unidade","1,59€",https://cdn.intermarche.pt/pt/Content/images/boitmal/produit/zoom/ED7F6CFFB949919CB10243DF72DC328C.jpg,,/product/guardanapos-brancos-folha-tripla-33x33-cm/5604260317066
48300,Guardanapos 2 folhas vermelhos e dourado,5604260314294,10600,10087,40 unidades,PorSi Select,,"1,59€/Unidade","1,59€",https://cdn.intermarche.pt/pt/Content/images/boitmal/produit/zoom/46A29FCF69181BB9AAF28609C6114F09.jpg,,/product/guardanapos-2-folhas-vermelhos-e-dourado/5604260314294
24393,Guardanapos Red Label 1 folha |Branco,5601028000352,10600,10087,Dim: 30x32cm |70 unidades,Renova,,"0,79€/Unidade","0,79€",https://cdn.intermarche.pt/pt/Content/images/boitmal/produit/zoom/08FB951E24EC39BF7C9747ACEF481A28.jpg,,/product/guardanapos-red-label-1-folha-|branco/5601028000352
48299,Guardanapos 2 folhas azul e dourado,5604260314287,10600,10087,40 unidades,PorSi Select,,"1,59€/Unidade","1,59€",https://cdn.intermarche.pt/pt/Content/images/boitmal/produit/zoom/8A8C10E4D964A526CFF8EA76ED57632E.jpg,,/product/guardanapos-2-folhas-azul-e-dourado/5604260314287
36875,Guardanapos de 1 Folha Amarelos,5604260285631,10600,10087,Embalagem com 70 unidades,PorSi,,"0,79€/Unidade","0,79€",https://cdn.intermarche.pt/pt/Content/images/boitmal/produit/zoom/906891DC9E5F17330E832E745ED53C1C.jpg,,/product/guardanapos-de-1-folha-amarelos/5604260285631
42651,Guardanapos,5604260303144,10600,10087,,PorSi,,"1,39€/Unidade","1,39€",https://cdn.intermarche.pt/pt/Content/images/boitmal/produit/zoom/8CB4972FFBD2553B77AFB4686863AC53.jpg,,/product/guardanapos/5604260303144
42649,Guardanapos | Dim.: 30 x 33 cm,5604260303182,10600,10087,Embalagem com 20 unidades,PorSi,,"1,39€/Unidade","1,39€",https://cdn.intermarche.pt/pt/Content/images/boitmal/produit/zoom/2F73E6193176369C4F899FFDAC0F4779.jpg,,/product/guardanapos-|-dim.:-30-x-33-cm/5604260303182
18628,Rolo de Cozinha Multi,5601028002707,10601,10087,4 Rolos,Renova,,"1,49€/Unidade","1,49€",https://cdn.intermarche.pt/pt/Content/images/boitmal/produit/zoom/EC28E7C70040AEF56E88826756B8374D.jpg,2024-10-04T22:59:59.999Z,/product/rolo-de-cozinha-multi/5601028002707
44990,"Rolo Cozinha Triplo Paratodo XXL, 2 rolos",7322541026848,10601,10087,,Colhogar,,"2,90€/Unidade","2,90€",https://cdn.intermarche.pt/pt/Content/images/boitmal/produit/zoom/FD2F06EF407C935270B6B06470315261.jpg,2024-09-25T22:59:59.999Z,/product/rolo-cozinha-triplo-paratodo-xxl-2-rolos/7322541026848
48084,Rolo papel cozinha branco compacto,5604260318711,10601,10087,Embalagem de 4 unidades,PorSi,,"1,99€/Unidade","1,99€",https://cdn.intermarche.pt/pt/Content/images/boitmal/produit/zoom/847C563966A0FB4F073440C9864AFF5F.jpg,,/product/rolo-papel-cozinha-branco-compacto/5604260318711
5923,"Rolos de cozinha compactos, branco, 2 unidades",5604260255665,10601,10087,Uma embalagem,PorSi,,"0,95€/Unidade","0,95€",https://cdn.intermarche.pt/pt/Content/images/boitmal/produit/zoom/70F032228D90EBD3B0FF71AB66350EE7.jpg,,/product/rolos-de-cozinha-compactos-branco-2-unidades/5604260255665
8318,"Rolos de cozinha compactos, branco, máxima absorção, xxl",5601028014540,10601,10087,1 unidade,Renova,,"1,09€/Unidade","1,09€",https://cdn.intermarche.pt/pt/Content/images/boitmal/produit/zoom/9EF4E7DC89CE067F797091D12596CE34.jpg,,/product/rolos-de-cozinha-compactos-branco-maxima-absorcao-xxl/5601028014540
35947,Rolo de cozinha XXL,5604260285716,10601,10087,1 rolo,PorSi,,"1,09€/Unidade","1,09€",https://cdn.intermarche.pt/pt/Content/images/boitmal/produit/zoom/94BB6D601C4BC65D3D49ED5723B47026.jpg,,/product/rolo-de-cozinha-xxl/5604260285716
53469,Rolo Cozinha Máxima Absorção Extra XXL,5601028019941,10601,10087,Embalagem de 2 unidades,Renova,,"2,19€/Unidade","2,19€",https://cdn.intermarche.pt/pt/Content/images/boitmal/produit/zoom/CC4799D932DD202B86A18A616DE89926.jpg,,/product/rolo-cozinha-maxima-absorcao-extra-xxl/5601028019941
33630,Rolo cozinha branco 3 folhas,5604260285518,10601,10087,3 rolos,PorSi,,"2,89€/Unidade","2,89€",https://cdn.intermarche.pt/pt/Content/images/boitmal/produit/zoom/52E593650DEC779E5319F9980CD46D25.jpg,,/product/rolo-cozinha-branco-3-folhas/5604260285518
8312,Rolos de papel multiusos 2 folhas,5604260318728,10601,10087,1 unidade,PorSi,,"3,49€/Unidade","3,49€",https://cdn.intermarche.pt/pt/Content/images/boitmal/produit/zoom/33FCF85CC6DA62FF31D337D343B82DD7.jpg,,/product/rolos-de-papel-multiusos-2-folhas/5604260318728
36680,Rolo de cozinha reciclado,5604260292189,10601,10087,4 rolos,PorSi,,"1,99€/Unidade","1,99€",https://cdn.intermarche.pt/pt/Content/images/boitmal/produit/zoom/BC2FB727518511D3442BE67DEE235242.jpg,,/product/rolo-de-cozinha-reciclado/5604260292189
19415,"Rolo de cozinha design xxl, 3 rolos",5601028019798,10601,10087,Embalagem de 3 unidades,Renova,,"1,99€/Unidade","1,99€",https://cdn.intermarche.pt/pt/Content/images/boitmal/produit/zoom/72BDE5829FC47024A80D1CC998CA1B8E.jpg,,/product/rolo-de-cozinha-design-xxl-3-rolos/5601028019798
48528,Rolo cozinha,5604260318704,10601,10087,4 unidades,PorSi,,"1,85€/Unidade","1,85€",https://cdn.intermarche.pt/pt/Content/images/boitmal/produit/zoom/6011F700CE1AB2210172B90DB56C825B.jpg,,/product/rolo-cozinha/5604260318704
41162,Rolo de cozinha ultra forte,5029053573977,10601,10087,2 rolos,Scottex,,"4,49€/Unidade","4,49€",https://cdn.intermarche.pt/pt/Content/images/boitmal/produit/zoom/53D77CA0276D765B18E1AEBF7713A968.jpg,,/product/rolo-de-cozinha-ultra-forte/5029053573977
44418,Rolo multiusos ecológico 100% reciclado,5604260314102,10601,10087,2 folhas |  500 serviços,PorSi,,"3,99€/Unidade","3,99€",https://cdn.intermarche.pt/pt/Content/images/boitmal/produit/zoom/46B3588B501F4B29B72C8B0B86D63E26.jpg,,/product/rolo-multiusos-ecologico-100%25-reciclado/5604260314102
41601,Rolo de multiusos decor 3 folhas,5604260301515,10601,10087,1 unidade,PorSi,,"4,69€/Unidade","4,69€",https://cdn.intermarche.pt/pt/Content/images/boitmal/produit/zoom/E293EAB8A998B6C9E84FEA3FBEA50E88.jpg,,/product/rolo-de-multiusos-decor-3-folhas/5604260301515
6267,Pasta dentífrica menta fresca,8016825926687,10471,10069,Embalagem de 75 ml,Aquafresh,,"24,67€/L","1,85€",https://cdn.intermarche.pt/pt/Content/images/boitmal/produit/zoom/B3DC987DC2831B4B3E07291CAE434D07.jpg,2024-09-25T22:59:59.999Z,/product/pasta-dentifrica-menta-fresca/8016825926687
46730,Dentífrico cuidado extra fresco,5054563049063,10471,10069,Embalagem de 75 ml,Parodontax,,"63,87€/L","4,79€",https://cdn.intermarche.pt/pt/Content/images/boitmal/produit/zoom/C56C41AD87E833591F33AC729652E2B6.jpg,2024-09-25T22:59:59.999Z,/product/dentifrico-cuidado-extra-fresco/5054563049063
54321,"Pasta De Dentes Tripla Ação, 100ml",8718951477957,10471,10069,,Colgate,,"19,50€/L","1,95€",https://cdn.intermarche.pt/pt/Content/images/boitmal/produit/zoom/6A66738B64F04C4649C8E34FD10D1AE8.jpg,2024-10-04T22:59:59.999Z,/product/pasta-de-dentes-tripla-acao-100ml/8718951477957
11392,Dentífrico Complete Elixir e Branqueador,5410076960651,10471,10069,Embalagem de 75 ml,Oral B,,"29,87€/L","2,24€",https://cdn.intermarche.pt/pt/Content/images/boitmal/produit/zoom/E0FA37D23E4C3314DFC0B99006F5FE34.jpg,2024-09-25T22:59:59.999Z,/product/dentifrico-complete-elixir-e-branqueador/5410076960651
28640,Dentífrico Tripla Proteção,5054563030948,10471,10069,Embalagem de 75 ml,Aquafresh,,"23,87€/L","1,79€",https://cdn.intermarche.pt/pt/Content/images/boitmal/produit/zoom/2F0758EC50E92354A2691A9D74801B48.jpg,2024-09-25T22:59:59.999Z,/product/dentifrico-tripla-protecao/5054563030948
45773,"Pasta dentífrica eucalipto, lima e menta",5054563087829,10471,10069,Embalagem de 75ml,Aquafresh,,"24,67€/L","1,85€",https://cdn.intermarche.pt/pt/Content/images/boitmal/produit/zoom/9BD714E3A534CEE4C22E5ACF847E84CE.jpg,2024-09-25T22:59:59.999Z,/product/pasta-dentifrica-eucalipto-lima-e-menta/5054563087829
45774,"Pasta dentífrica toranja, limão e menta",5054563107800,10471,10069,Embalagem de 75ml,Aquafresh,,"24,67€/L","1,85€",https://cdn.intermarche.pt/pt/Content/images/boitmal/produit/zoom/14337ACDA5395CC2FA0C709CC7D82E7C.jpg,2024-09-25T22:59:59.999Z,/product/pasta-dentifrica-toranja-limao-e-menta/5054563107800
45883,Dentifrico max white  cristais brancos,8718951315365,10471,10069,Embalagem 75 ml,Colgate,,"26,53€/L","1,99€",https://cdn.intermarche.pt/pt/Content/images/boitmal/produit/zoom/4E172F27888BCC4326288509CC9468FE.jpg,2024-09-25T22:59:59.999Z,/product/dentifrico-max-white-cristais-brancos/8718951315365
46509,Dentífrico Pro-Expert Proteção Profissional,8001841811963,10471,10069,Embalagem de 75 ml,Oral B,,"39,87€/L","2,99€",https://cdn.intermarche.pt/pt/Content/images/boitmal/produit/zoom/E636154D7C9B191D1E1EEEB8C6AE6960.jpg,2024-10-04T22:59:59.999Z,/product/dentifrico-pro-expert-protecao-profissional/8001841811963
53667,Pasta de Dentes Multiprotection Branqueadora,5054563109705,10471,10069,Embalagem de 75ml,Sensodyne,,"52,53€/L","3,94€",https://cdn.intermarche.pt/pt/Content/images/boitmal/produit/zoom/4ECD05DE4F9A66A4E1002721FFFE0E09.jpg,2024-09-25T22:59:59.999Z,/product/pasta-de-dentes-multiprotection-branqueadora/5054563109705
48281,Pasta de Dentes Original,8718951465756,10471,10069,Embalagem de 75 ml,Colgate,,"33,87€/L","2,54€",https://cdn.intermarche.pt/pt/Content/images/boitmal/produit/zoom/49BB359E9C7607165895D2460C62E204.jpg,2024-09-25T22:59:59.999Z,/product/pasta-de-dentes-original/8718951465756
15810,Pasta Dentífrica Menta Suave,3094900059593,10471,10069,Embalagem de 75 ml,Aquafresh,,"24,67€/L","1,85€",https://cdn.intermarche.pt/pt/Content/images/boitmal/produit/zoom/36417FD84E6918863BC4A9B51808C017.jpg,2024-09-25T22:59:59.999Z,/product/pasta-dentifrica-menta-suave/3094900059593
48246,Pasta de Dentes Branqueadora,8718951465848,10471,10069,Embalagem de 75 ml,Colgate,,"34,53€/L","2,59€",https://cdn.intermarche.pt/pt/Content/images/boitmal/produit/zoom/2547C946AEFC081BD73394BED3137189.jpg,2024-09-25T22:59:59.999Z,/product/pasta-de-dentes-branqueadora/8718951465848
44961,Pasta dentífrica repair & protect branqueadora,5054563098757,10471,10069,Embalagem de 75 ml,Sensodyne,,"52,53€/L","3,94€",https://cdn.intermarche.pt/pt/Content/images/boitmal/produit/zoom/A635A3648DCB48F3466BC2FA7131A17D.jpg,2024-09-25T22:59:59.999Z,/product/pasta-dentifrica-repair-&-protect-branqueadora/5054563098757
46333,Dentífrico sensibilidade e gengivas,5054563107510,10471,10069,Embalagem de 75 ml,Sensodyne,,"52,53€/L","3,94€",https://cdn.intermarche.pt/pt/Content/images/boitmal/produit/zoom/2A004B499C48581E0F2ACB572ECC96FB.jpg,2024-09-25T22:59:59.999Z,/product/dentifrico-sensibilidade-e-gengivas/5054563107510
46729,Pasta Dentífrica Branqueadora Sensibilidade e Gengivas,5054563109743,10471,10069,Embalagem de 75 ml,Sensodyne,,"52,53€/L","3,94€",https://cdn.intermarche.pt/pt/Content/images/boitmal/produit/zoom/BF37E4C9030B80291EBCB54013CB3494.jpg,2024-09-25T22:59:59.999Z,/product/pasta-dentifrica-branqueadora-sensibilidade-e-gengivas/5054563109743
49258,Pasta de Dentes Gengivas Limpeza Interdentária,8718951476271,10471,10069,Embalagem de 75 ml,Colgate,,"43,20€/L","3,24€",https://cdn.intermarche.pt/pt/Content/images/boitmal/produit/zoom/E7FF1C0096CE044713C2591A9F09FD0E.jpg,2024-09-25T22:59:59.999Z,/product/pasta-de-dentes-gengivas-limpeza-interdentaria/8718951476271
44048,Dentífrico branqueador,5054563101846,10471,10069,Embalagem de 75 ml,Sensodyne,,"39,87€/L","2,99€",https://cdn.intermarche.pt/pt/Content/images/boitmal/produit/zoom/7B21500470D8763BB41FDC49C18F3355.jpg,2024-09-25T22:59:59.999Z,/product/dentifrico-branqueador/5054563101846
45032,Pasta dentífrica repair&protect,5054563098795,10471,10069,Embalagem de 75 ml,Sensodyne,,"46,53€/L","3,49€",https://cdn.intermarche.pt/pt/Content/images/boitmal/produit/zoom/1971DE24C5C4B21970E17F4B9857FD14.jpg,2024-09-25T22:59:59.999Z,/product/pasta-dentifrica-repair&protect/5054563098795
53670,Pasta de Dentes Branqueadora Nourish Branco Saudável,5054563119827,10471,10069,Embalagem de 75ml,Sensodyne,,"46,53€/L","3,49€",https://cdn.intermarche.pt/pt/Content/images/boitmal/produit/zoom/130D159800BD3EBD441CCD4A909E65AF.jpg,2024-09-25T22:59:59.999Z,/product/pasta-de-dentes-branqueadora-nourish-branco-saudavel/5054563119827
49259,Dentífrico herbal naturals,5054563119933,10471,10069,75 ml,Aquafresh,,"24,67€/L","1,85€",https://cdn.intermarche.pt/pt/Content/images/boitmal/produit/zoom/DC36897E4C7BC17809701C693CA58165.jpg,2024-09-25T22:59:59.999Z,/product/dentifrico-herbal-naturals/5054563119933
38340,Dentífrico cuidado branqueador,5054563049018,10471,10069,Embalagem de 75 ml,Parodontax,,"63,87€/L","4,79€",https://cdn.intermarche.pt/pt/Content/images/boitmal/produit/zoom/95DBC5080ED69B006349E0661E3A5219.jpg,2024-09-25T22:59:59.999Z,/product/dentifrico-cuidado-branqueador/5054563049018
46331,Dentífrico gengivas,5054563101969,10471,10069,Embalagem de 75 ml,Sensodyne,,"42,53€/L","3,19€",https://cdn.intermarche.pt/pt/Content/images/boitmal/produit/zoom/6DBFB1FCEF2A5F0F2CD9C79123864DD8.jpg,2024-09-25T22:59:59.999Z,/product/dentifrico-gengivas/5054563101969
50520,Pasta de Dentes Pro-Expert Frescura Saudável,8001841811888,10471,10069,Embalagem de 75 ml,Oral B,,"39,87€/L","2,99€",https://cdn.intermarche.pt/pt/Content/images/boitmal/produit/zoom/646285E351A01CF9ACC26486D4EEEF2D.jpg,2024-10-04T22:59:59.999Z,/product/pasta-de-dentes-pro-expert-frescura-saudavel/8001841811888
53672,"Pasta de Dentes Gengivas, Sensibilidade, Hálito e Branqueadora",5054563155535,10471,10069,Embalagem de 75ml,Parodontax,,"69,20€/L","5,19€",https://cdn.intermarche.pt/pt/Content/images/boitmal/produit/zoom/CAEAE99690570043B426021DC5A4A0BA.jpg,2024-09-25T22:59:59.999Z,/product/pasta-de-dentes-gengivas-sensibilidade-halito-e-branqueadora/5054563155535
5471,"Pasta dentífrica, pro-esmalte",5601385502575,10471,10069,Embalagem de 75 ml,Sensodyne,,"52,53€/L","3,94€",https://cdn.intermarche.pt/pt/Content/images/boitmal/produit/zoom/60069AE851DC89AE2DCA4F4FE3F830CC.jpg,2024-09-25T22:59:59.999Z,/product/pasta-dentifrica-pro-esmalte/5601385502575
16066,Pasta de dentes max white expert white,7509546064864,10471,10069,Embalagem de 75 ml,Colgate,,"51,20€/L","3,84€",https://cdn.intermarche.pt/pt/Content/images/boitmal/produit/zoom/0EA2A285777A75857921065AAC674A4A.jpg,2024-09-25T22:59:59.999Z,/product/pasta-de-dentes-max-white-expert-white/7509546064864
29528,Dentífrico 3DWhite Brancura Revitalizante,8001090673848,10471,10069,Embalagem de 75 ml,Oral B,,"39,87€/L","2,99€",https://cdn.intermarche.pt/pt/Content/images/boitmal/produit/zoom/CFC1527AFE820CED2A4D5240643212D0.jpg,2024-09-25T22:59:59.999Z,/product/dentifrico-3dwhite-brancura-revitalizante/8001090673848
46510,Dentífrico Pro-Expert Limpeza Profunda,8001841811840,10471,10069,Embalagem de 75 ml,Oral B,,"38,53€/L","2,89€",https://cdn.intermarche.pt/pt/Content/images/boitmal/produit/zoom/0FCDA29D55DFBE223550A3D225F99CDB.jpg,2024-10-04T22:59:59.999Z,/product/dentifrico-pro-expert-limpeza-profunda/8001841811840
46511,Dentífrico proteção diária,5054563103260,10471,10069,Embalagem de 75 ml,Sensodyne,,"39,87€/L","2,99€",https://cdn.intermarche.pt/pt/Content/images/boitmal/produit/zoom/BE198C1EA5CA97B5F87E345E50A565D7.jpg,2024-09-25T22:59:59.999Z,/product/dentifrico-protecao-diaria/5054563103260
47470,Dentífrico Pro-Expert Branqueamento,8001841811925,10471,10069,Embalagem de 75 ml,Oral B,,"39,87€/L","2,99€",https://cdn.intermarche.pt/pt/Content/images/boitmal/produit/zoom/11253ED47BC980DDB95B516B9CA9E0EE.jpg,2024-10-04T22:59:59.999Z,/product/dentifrico-pro-expert-branqueamento/8001841811925
50076,"Dentífrico Senses Melancia, Pepino e Menta",6001076003241,10471,10069,75 ml,Aquafresh,,"24,67€/L","1,85€",https://cdn.intermarche.pt/pt/Content/images/boitmal/produit/zoom/559EAD4BEEBFD4065BB8C74F79A0FF02.jpg,2024-09-25T22:59:59.999Z,/product/dentifrico-senses-melancia-pepino-e-menta/6001076003241
52541,Pasta de Dentes Total Limpeza Interdentária,8718951471481,10471,10069,Embalagem de 75ml,Colgate,,"43,20€/L","3,24€",https://cdn.intermarche.pt/pt/Content/images/boitmal/produit/zoom/634352B7AEB7C99FF8C40F094990B8FA.jpg,2024-09-25T22:59:59.999Z,/product/pasta-de-dentes-total-limpeza-interdentaria/8718951471481
52546,Pasta de Dentes Total Carvão,6920354835667,10471,10069,Embalagem de 75ml,Colgate,,"39,87€/L","2,99€",https://cdn.intermarche.pt/pt/Content/images/boitmal/produit/zoom/773CE281CCD94B7BF8E632F060BC89FF.jpg,2024-09-25T22:59:59.999Z,/product/pasta-de-dentes-total-carvao/6920354835667
53668,"Pasta de Dentes Gengivas, Sensibilidade e Hálito",5054563118226,10471,10069,Embalagem de 75ml,Parodontax,,"69,20€/L","5,19€",https://cdn.intermarche.pt/pt/Content/images/boitmal/produit/zoom/9847C35CE8C798A05A44E23A5DC95725.jpg,2024-09-25T22:59:59.999Z,/product/pasta-de-dentes-gengivas-sensibilidade-e-halito/5054563118226
42647,Dentífrico cuidado diário,5054563049360,10471,10069,Embalagem de 75 ml,Parodontax,,"63,87€/L","4,79€",https://cdn.intermarche.pt/pt/Content/images/boitmal/produit/zoom/73DA2348A5A842D31475E7DA6C37B154.jpg,2024-09-25T22:59:59.999Z,/product/dentifrico-cuidado-diario/5054563049360
45588,Pasta dentífrica branqueadora,5054563107282,10471,10069,Embalagem de 75 ml,Sensodyne,,"52,53€/L","3,94€",https://cdn.intermarche.pt/pt/Content/images/boitmal/produit/zoom/95A2A6E83C2EA42A06CA8F8C6A2BA5AB.jpg,2024-09-25T22:59:59.999Z,/product/pasta-dentifrica-branqueadora/5054563107282
46330,Dentífrico limpeza e frescura,5054563101808,10471,10069,Embalagem de 75 ml,Sensodyne,,"39,87€/L","2,99€",https://cdn.intermarche.pt/pt/Content/images/boitmal/produit/zoom/A251F845B0964F1C7AB8F55E88096599.jpg,2024-09-25T22:59:59.999Z,/product/dentifrico-limpeza-e-frescura/5054563101808
46728,Pasta dentífrica rapid action,5054563107244,10471,10069,Embalagem de 75 ml,Sensodyne,,"52,53€/L","3,94€",https://cdn.intermarche.pt/pt/Content/images/boitmal/produit/zoom/6D463C8E4A06B08BDD5D6DEFED1B7ED8.jpg,2024-09-25T22:59:59.999Z,/product/pasta-dentifrica-rapid-action/5054563107244
46956,Pasta dentífrica ação completa,5054563108463,10471,10069,Embalagem de 75 ml,Sensodyne,,"52,53€/L","3,94€",https://cdn.intermarche.pt/pt/Content/images/boitmal/produit/zoom/6713CED320034F64A52535E5BC098372.jpg,2024-09-25T22:59:59.999Z,/product/pasta-dentifrica-acao-completa/5054563108463
51700,Escovas de destes Perfect White Suave,5604260326426,10473,10069,2 unidades,Labell,,"1,49€/Unidade","1,49€",https://cdn.intermarche.pt/pt/Content/images/boitmal/produit/zoom/B3B7EA3B67AB7A9BBB0738952C8EF04A.jpg,,/product/escovas-de-destes-perfect-white-suave/5604260326426
18045,"Escova de dentes max white média, 1 + 1 unidades",8714789637389,10473,10069,,Colgate,,"2,99€/Unidade","2,99€",https://cdn.intermarche.pt/pt/Content/images/boitmal/produit/zoom/F11421023C55C6D54EA60B07F063A229.jpg,2024-09-25T22:59:59.999Z,/product/escova-de-dentes-max-white-media-1-+-1-unidades/8714789637389
38342,Escova de dentes expert clean suave,5054563053077,10473,10069,1 unidade,Parodontax,,"3,64€/Unidade","3,64€",https://cdn.intermarche.pt/pt/Content/images/boitmal/produit/zoom/72DE25D8112F40EBA3D88CEE9F795F94.jpg,2024-09-25T22:59:59.999Z,/product/escova-de-dentes-expert-clean-suave/5054563053077
27479,Escova Dentes Gengiva Extra Suave,5054563019257,10473,10069,1 un.,Sensodyne,,"2,99€/Unidade","2,99€",https://cdn.intermarche.pt/pt/Content/images/boitmal/produit/zoom/6EF377E8D5980A5411D1D2A8DE3EFDA9.jpg,2024-09-25T22:59:59.999Z,/product/escova-dentes-gengiva-extra-suave/5054563019257
51701,Escovas de destes Perfect White Média,5604260326433,10473,10069,2 unidades,Labell,,"1,49€/Unidade","1,49€",https://cdn.intermarche.pt/pt/Content/images/boitmal/produit/zoom/05768433A5688CD1CD4DF3876F103742.jpg,,/product/escovas-de-destes-perfect-white-media/5604260326433
51702,Escovas de Próteses Dentárias,5604260326457,10473,10069,2 unidades,Labell,,"1,79€/Unidade","1,79€",https://cdn.intermarche.pt/pt/Content/images/boitmal/produit/zoom/FA80556DB739A96D7D7D5E4E34110152.jpg,,/product/escovas-de-proteses-dentarias/5604260326457
7188,Escova de dentes complete 5 benefícios,3014260020118,10473,10069,,Oral B,,"1,64€/Unidade","1,64€",https://cdn.intermarche.pt/pt/Content/images/boitmal/produit/zoom/5E38E514F24D153CF9FFD1A7BE14CBDB.jpg,2024-09-25T22:59:59.999Z,/product/escova-de-dentes-complete-5-beneficios/3014260020118
26549,Escovas Dentífricas Limpeza Flex,3094905001436,10473,10069,2 un. + 1 Grátis,Aquafresh,,"2,84€/Unidade","2,84€",https://cdn.intermarche.pt/pt/Content/images/boitmal/produit/zoom/F1287D0C49D30EE3EDA2BDFA782E59CD.jpg,2024-09-25T22:59:59.999Z,/product/escovas-dentifricas-limpeza-flex/3094905001436
27478,Escova Dentes Suave Limpeza e Frescura,5054563019295,10473,10069,1 un.,Sensodyne,,"2,99€/Unidade","2,99€",https://cdn.intermarche.pt/pt/Content/images/boitmal/produit/zoom/0DEF445D71CE41F62382B0C06706D961.jpg,2024-09-25T22:59:59.999Z,/product/escova-dentes-suave-limpeza-e-frescura/5054563019295
52548,"Escova de Dentes Total Média, 2 unidades",8718951490765,10473,10069,,Colgate,,"2,59€/Unidade","2,59€",https://cdn.intermarche.pt/pt/Content/images/boitmal/produit/zoom/549AA72547A5183CE74A4C732B54EA68.jpg,2024-09-25T22:59:59.999Z,/product/escova-de-dentes-total-media-2-unidades/8718951490765
8947,Escova de Dentes de Leite,5601385503350,10473,10069,1 unidade,Aquafresh,,"2,44€/Unidade","2,44€",https://cdn.intermarche.pt/pt/Content/images/boitmal/produit/zoom/03492E9B20DC3374A4CA85BF36584E8D.jpg,2024-09-25T22:59:59.999Z,/product/escova-de-dentes-de-leite/5601385503350
18157,Escova de Dentes 1-2-3 Shiny Clean,3014260014278,10473,10069,4 unidades,Oral B,,"3,74€/Unidade","3,74€",https://cdn.intermarche.pt/pt/Content/images/boitmal/produit/zoom/EE420F01232DA02DDCE64F2D90E0E035.jpg,2024-09-25T22:59:59.999Z,/product/escova-de-dentes-1-2-3-shiny-clean/3014260014278
20468,Escova de Dentes Extra Interdental,5601385503176,10473,10069,1 + 1 unidades,Aquafresh,,"2,59€/Unidade","2,59€",https://cdn.intermarche.pt/pt/Content/images/boitmal/produit/zoom/0B2E336EEFDFB0FD62157BC1CC341884.jpg,2024-09-25T22:59:59.999Z,/product/escova-de-dentes-extra-interdental/5601385503176
26237,Escova de Dentes Extra Interdental Média,8016825968076,10473,10069,,Aquafresh,,"2,19€/Unidade","2,19€",https://cdn.intermarche.pt/pt/Content/images/boitmal/produit/zoom/A3A8E962CE77010C9899E87523DB1432.jpg,2024-09-25T22:59:59.999Z,/product/escova-de-dentes-extra-interdental-media/8016825968076
27477,Escova Dentes Multicare Media,5054563019608,10473,10069,1 un.,Sensodyne,,"2,24€/Unidade","2,24€",https://cdn.intermarche.pt/pt/Content/images/boitmal/produit/zoom/404C85AA371AF168AA96C60476DBDE8A.jpg,2024-09-25T22:59:59.999Z,/product/escova-dentes-multicare-media/5054563019608
30846,Escovilhão Interdental,5601385505392,10473,10069,,Sensodyne,,"3,94€/Unidade","3,94€",https://cdn.intermarche.pt/pt/Content/images/boitmal/produit/zoom/AB61F55FAE6478FD4113EDC799E2CD46.jpg,2024-09-25T22:59:59.999Z,/product/escovilhao-interdental/5601385505392
33542,Escova dentes multicare media,5054563023551,10473,10069,Embalagem com 2 unidades,Sensodyne,,"2,99€/Unidade","2,99€",https://cdn.intermarche.pt/pt/Content/images/boitmal/produit/zoom/AB77597C52584145D19C10BE62D3A7A1.jpg,2024-09-25T22:59:59.999Z,/product/escova-dentes-multicare-media/5054563023551
33661,Escova dentes sensibilidade e gengivas,5054563056832,10473,10069,1 un.,Sensodyne,,"3,14€/Unidade","3,14€",https://cdn.intermarche.pt/pt/Content/images/boitmal/produit/zoom/A7E9A978CB00C3BDA65F2EF9CD185ABC.jpg,2024-09-25T22:59:59.999Z,/product/escova-dentes-sensibilidade-e-gengivas/5054563056832
34028,Recarga escova dentes bateria universal,3250392149468,10473,10069,Embalagem com 2 un.,Labell,,"5,99€/Unidade","5,99€",https://cdn.intermarche.pt/pt/Content/images/boitmal/produit/zoom/F6EC990336944B0563754BE13FFEA344.jpg,,/product/recarga-escova-dentes-bateria-universal/3250392149468
3612,Escova de dentes pulsar média,3014260319557,10473,10069,,Oral B,,"4,19€/Unidade","4,19€",https://cdn.intermarche.pt/pt/Content/images/boitmal/produit/zoom/73A6D95BE549F47685FE62BB3924A48C.jpg,2024-09-25T22:59:59.999Z,/product/escova-de-dentes-pulsar-media/3014260319557
38341,Escova de dentes e gengivas,5054563052964,10473,10069,1 unidade,Parodontax,,"3,64€/Unidade","3,64€",https://cdn.intermarche.pt/pt/Content/images/boitmal/produit/zoom/22E0341894279534C1EC958D59559CF5.jpg,2024-09-25T22:59:59.999Z,/product/escova-de-dentes-e-gengivas/5054563052964
38343,Escova de dentes interdental suave,5054563052940,10473,10069,1 unidade,Parodontax,,"3,64€/Unidade","3,64€",https://cdn.intermarche.pt/pt/Content/images/boitmal/produit/zoom/1D7A5D70C2487A87B76F35EA4FBE5BDC.jpg,2024-09-25T22:59:59.999Z,/product/escova-de-dentes-interdental-suave/5054563052940
53459,Escova de Dentes Repair&Protect Suave,5054563019332,10473,10069,,Sensodyne,,"3,14€/Unidade","3,14€",https://cdn.intermarche.pt/pt/Content/images/boitmal/produit/zoom/E5F6092397C5B36E660DBCEE698592D2.jpg,2024-09-25T22:59:59.999Z,/product/escova-de-dentes-repair&protect-suave/5054563019332
53460,Escova de Dentes Nourish Suave,5054563129536,10473,10069,,Sensodyne,,"3,36€/Unidade","3,36€",https://cdn.intermarche.pt/pt/Content/images/boitmal/produit/zoom/D744B4623FDEF0CFB055D4201849704B.jpg,2024-09-25T22:59:59.999Z,/product/escova-de-dentes-nourish-suave/5054563129536
53559,Escova Elétrica Vitality Kids Princ/Cars,8006540773154,10473,10069,,Oral B,,"25,49€/Unidade","25,49€",https://cdn.intermarche.pt/pt/Content/images/boitmal/produit/zoom/82ABF1FCA985F501278DBD66DF986C35.jpg,2024-09-25T22:59:59.999Z,/product/escova-eletrica-vitality-kids-princ-ou-cars/8006540773154
54581,"Escova Dentes Infantil +3 Anos, 1un.",5604260331758,10473,10069,,Labell,,"0,89€/Unidade","0,89€",https://cdn.intermarche.pt/pt/Content/images/boitmal/produit/zoom/69E00F73F366CB1D947FB2E1E2EE52D6.jpg,,/product/escova-dentes-infantil-+3-anos-1un./5604260331758
54582,"Escova Dentes Proteção Total Suave, 3un.",5604260331772,10473,10069,,Labell,,"1,09€/Unidade","1,09€",https://cdn.intermarche.pt/pt/Content/images/boitmal/produit/zoom/DD06F20AA877D290B5051229E38C3FE3.jpg,,/product/escova-dentes-protecao-total-suave-3un./5604260331772
54583,"Escova Dentes Proteção Total Média, 3un.",5604260331789,10473,10069,,Labell,,"1,09€/Unidade","1,09€",https://cdn.intermarche.pt/pt/Content/images/boitmal/produit/zoom/7AFBCF57BA546B59CBFE3624DF227F2D.jpg,,/product/escova-dentes-protecao-total-media-3un./5604260331789
54584,"Escova Dentes X-Action Média, 2un.",5604260331796,10473,10069,,Labell,,"1,49€/Unidade","1,49€",https://cdn.intermarche.pt/pt/Content/images/boitmal/produit/zoom/759EDC4614254BB1E679FD2CDBFF6049.jpg,,/product/escova-dentes-x-action-media-2un./5604260331796
54585,"Escova Dentes X-Action Suave, 2un.",5604260331802,10473,10069,,Labell,,"1,49€/Unidade","1,49€",https://cdn.intermarche.pt/pt/Content/images/boitmal/produit/zoom/235A3E535E07A58B291E1B21F0BC80BD.jpg,,/product/escova-dentes-x-action-suave-2un./5604260331802
54586,"Escova Dentes Gengivas Sensiveis, 1un.",5604260331819,10473,10069,,Labell,,"1,29€/Unidade","1,29€",https://cdn.intermarche.pt/pt/Content/images/boitmal/produit/zoom/3B26A1E25D0EC30CD83557194DB19A8A.jpg,,/product/escova-dentes-gengivas-sensiveis-1un./5604260331819
54587,"Escova Dentes Ortodontica, 1 un.",5604260331826,10473,10069,,Labell,,"1,79€/Unidade","1,79€",https://cdn.intermarche.pt/pt/Content/images/boitmal/produit/zoom/E8D3D7CE0717E209BA9EA53E3330DF49.jpg,,/product/escova-dentes-ortodontica-1-un./5604260331826
54612,"Escova de Dentes Limpeza Flexível, 2un.",5054563183330,10473,10069,,Aquafresh,,"2,24€/Unidade","2,24€",https://cdn.intermarche.pt/pt/Content/images/boitmal/produit/zoom/B4D7EE28E0D810C78367DC6C38C6CE77.jpg,2024-09-25T22:59:59.999Z,/product/escova-de-dentes-limpeza-flexivel-2un./5054563183330
7187,"Escova dentes, pro-expert limpa em profundidade",3014260019907,10473,10069,,Oral B,,"3,74€/Unidade","3,74€",https://cdn.intermarche.pt/pt/Content/images/boitmal/produit/zoom/D5A887CB9AC53979E25E882661759BD8.jpg,2024-09-25T22:59:59.999Z,/product/escova-dentes-pro-expert-limpa-em-profundidade/3014260019907
7189,"Escova dentes, complete 5 benefícios, 2 unidades, 1 embalagem",3014260020453,10473,10069,,Oral B,,"2,90€/Unidade","2,90€",https://cdn.intermarche.pt/pt/Content/images/boitmal/produit/zoom/E6F22FE4AAC25BBBDFCE833069D831E5.jpg,2024-09-25T22:59:59.999Z,/product/escova-dentes-complete-5-beneficios-2-unidades-1-embalagem/3014260020453
28664,Escova dentífrica zig zag suave,8714789135274,10473,10069,2 + 1 un. grátis,Colgate,,"3,99€/Unidade","3,99€",https://cdn.intermarche.pt/pt/Content/images/boitmal/produit/zoom/183C712414EE3F9DB21695274506A5F4.jpg,,/product/escova-dentifrica-zig-zag-suave/8714789135274
44045,Escova de dentes tripla ação,8714789738536,10473,10069,4 unidades,Colgate,,"3,99€/Unidade","3,99€",https://cdn.intermarche.pt/pt/Content/images/boitmal/produit/zoom/D8B7452D144CB89AA3F337A74BD95769.jpg,,/product/escova-de-dentes-tripla-acao/8714789738536
6834,"Escova de dentes, extra clean, 2 unidades",8714789162607,10473,10069,,Colgate,,"3,99€/Unidade","3,99€",https://cdn.intermarche.pt/pt/Content/images/boitmal/produit/zoom/69029B8B6EDB589B43F18BBBDF7A7870.jpg,,/product/escova-de-dentes-extra-clean-2-unidades/8714789162607
42036,Escova de dentes bambu,8718951295735,10473,10069,,Colgate,,"3,99€/Unidade","3,99€",https://cdn.intermarche.pt/pt/Content/images/boitmal/produit/zoom/ED2C3CABF04954E9D690D86F487915E6.jpg,,/product/escova-de-dentes-bambu/8718951295735
10694,"Escova dentes, slim soft, média",8714789861647,10473,10069,1 unidade,Colgate,,"3,99€/Unidade","3,99€",https://cdn.intermarche.pt/pt/Content/images/boitmal/produit/zoom/755937F11DF97D813073B271E7BB24D5.jpg,,/product/escova-dentes-slim-soft-media/8714789861647
51704,Fita Dentária com Cera Menta,5604260326471,10470,10069,50 m,Labell,,"1,49€/Unidade","1,49€",https://cdn.intermarche.pt/pt/Content/images/boitmal/produit/zoom/BF6C1BC4416522D5E04865203B1ECC4B.jpg,,/product/fita-dentaria-com-cera-menta/5604260326471
51703,Fio Dentário com Cera Menta,5604260326464,10470,10069,50 m,Labell,,"0,99€/Unidade","0,99€",https://cdn.intermarche.pt/pt/Content/images/boitmal/produit/zoom/808BE648E22E6D4F4B7DEDE2335B1E5D.jpg,,/product/fio-dentario-com-cera-menta/5604260326464
8942,Fita dental,5601385501592,10470,10069,1 unidade,Sensodyne,,"2,84€/Unidade","2,84€",https://cdn.intermarche.pt/pt/Content/images/boitmal/produit/zoom/031017C980F3FE714EDAA8B7AEB1254D.jpg,2024-09-25T22:59:59.999Z,/product/fita-dental/5601385501592
51705,Escovilhões Interdentários,5604260326488,10470,10069,6 unidades,Labell,,"1,89€/Unidade","1,89€",https://cdn.intermarche.pt/pt/Content/images/boitmal/produit/zoom/0034268276211322556CC38FD45C3E54.jpg,,/product/escovilhoes-interdentarios/5604260326488
5469,Fio dental gentle suave,5601385501585,10470,10069,1 unidade,Sensodyne,,"2,84€/Unidade","2,84€",https://cdn.intermarche.pt/pt/Content/images/boitmal/produit/zoom/11C8B2D0DFB5154A0245076E795F487D.jpg,2024-09-25T22:59:59.999Z,/product/fio-dental-gentle-suave/5601385501585
3830,Fio dentário fluór+menta 50m,3250390760146,10470,10069,1 unidade,Labell,,"0,99€/Unidade","0,99€",https://cdn.intermarche.pt/pt/Content/images/boitmal/produit/zoom/7E068F37DD55318A313B20AD2B2588C6.jpg,,/product/fio-dentario-fluor+menta-50m/3250390760146
30886,Elixir Anti-Tartaro,3574661319520,10474,10069,500 ml,Listerine,,"9,78€/L","4,89€",https://cdn.intermarche.pt/pt/Content/images/boitmal/produit/zoom/7F5FC0D99305D2C22E8E265400A9B2D3.jpg,2024-09-25T22:59:59.999Z,/product/elixir-anti-tartaro/3574661319520
19671,"Elixir bocal, cool mint",8431890077230,10474,10069,Embalagem de 500 ml,Sensodyne,,"8,38€/L","4,19€",https://cdn.intermarche.pt/pt/Content/images/boitmal/produit/zoom/9CA3443EE95C2673A2769CBE6902F921.jpg,2024-09-25T22:59:59.999Z,/product/elixir-bocal-cool-mint/8431890077230
22930,Elixir intense clean,8016825967857,10474,10069,Embalagem de 500 ml,Aquafresh,,"7,58€/L","3,79€",https://cdn.intermarche.pt/pt/Content/images/boitmal/produit/zoom/C67F93CF441C79AD9CEEECE935189D03.jpg,2024-09-25T22:59:59.999Z,/product/elixir-intense-clean/8016825967857
12765,Elixir bocal para crianças,3574660571783,10474,10069,Embalagem de 500 ml,Listerine,,"8,38€/L","4,19€",https://cdn.intermarche.pt/pt/Content/images/boitmal/produit/zoom/9879612C2408C6F73A34652EDBBF2A01.jpg,2024-09-25T22:59:59.999Z,/product/elixir-bocal-para-criancas/3574660571783
18581,Elixir Bocal ProExpert Proteção Profunda,4084500924055,10474,10069,Embalagem de 500 ml,Oral B,,"8,98€/L","4,49€",https://cdn.intermarche.pt/pt/Content/images/boitmal/produit/zoom/EEB3C5CAC2CA8997E5DED74AF2F5AEE6.jpg,2024-09-25T22:59:59.999Z,/product/elixir-bocal-proexpert-protecao-profunda/4084500924055
22189,Elixir Total Care Zero,3574661305288,10474,10069,Embalagem de 500 ml,Listerine,,"9,98€/L","4,99€",https://cdn.intermarche.pt/pt/Content/images/boitmal/produit/zoom/9B1605FEBB3BD1CE27FF620BB19E2B78.jpg,2024-09-25T22:59:59.999Z,/product/elixir-total-care-zero/3574661305288
41615,Elixir bocal advanced white,3574661491769,10474,10069,Embalagem de 500 ml,Listerine,,"9,78€/L","4,89€",https://cdn.intermarche.pt/pt/Content/images/boitmal/produit/zoom/1FC013BF26DC5C4733065B5D60C6F03E.jpg,2024-09-25T22:59:59.999Z,/product/elixir-bocal-advanced-white/3574661491769
48400,Elixir Naturals Esmalte,3574661643359,10474,10069,500 ml,Listerine,,"10,38€/L","5,19€",https://cdn.intermarche.pt/pt/Content/images/boitmal/produit/zoom/766EE4977B50990E2046E14A112BD1D0.jpg,2024-09-25T22:59:59.999Z,/product/elixir-naturals-esmalte/3574661643359
53395,"Elixir Listerine Dentes E Gengivas Suave, 500ml",3574661397740,10474,10069,,Listerine,,"11,98€/L","5,99€",https://cdn.intermarche.pt/pt/Content/images/boitmal/produit/zoom/AB149A370438437EBCAA02626E5866D3.jpg,,/product/elixir-listerine-dentes-e-gengivas-suave-500ml/3574661397740
34117,Elixir tripla ação,8718951178779,10474,10069,500 ml,Colgate,,"7,48€/L","3,74€",https://cdn.intermarche.pt/pt/Content/images/boitmal/produit/zoom/3B340797DE2A21209CC6F82D71A9B02E.jpg,,/product/elixir-tripla-acao/8718951178779
12763,"Elixir bocal, dentes e gengivas",3574660400762,10474,10069,Embalagem de 250 ml,Listerine,,"15,96€/L","3,99€",https://cdn.intermarche.pt/pt/Content/images/boitmal/produit/zoom/3FE4EF629C17999AD9E8422A03EFE2C0.jpg,,/product/elixir-bocal-dentes-e-gengivas/3574660400762
52506,Elíxir Oral Protecção Completa,5604260326280,10474,10069,Embalagem de 500 ml,Labell,,"2,98€/L","1,49€",https://cdn.intermarche.pt/pt/Content/images/boitmal/produit/zoom/E415A245B62AC9E8845FAA469E699EEF.jpg,,/product/elixir-oral-proteccao-completa/5604260326280
52505,Elíxir Oral Sensitive,5604260327515,10474,10069,Embalagem de 500 ml,Labell,,"2,78€/L","1,39€",https://cdn.intermarche.pt/pt/Content/images/boitmal/produit/zoom/A9803BE68F478E0D7DC5787A5AADCBF0.jpg,,/product/elixir-oral-sensitive/5604260327515
11097,Elixir bocal dentes e gengivas,3574660521832,10474,10069,Embalagem de 1 l,Listerine,,"7,99€/L","7,99€",https://cdn.intermarche.pt/pt/Content/images/boitmal/produit/zoom/AF87DAC77E4E0B2AF66E6F262F025E94.jpg,,/product/elixir-bocal-dentes-e-gengivas/3574660521832
34471,Elexir mentol,8412101026001,10474,10069,Embalagem de 500 ml,Listerine,,"11,98€/L","5,99€",https://cdn.intermarche.pt/pt/Content/images/boitmal/produit/zoom/8C30DC8A973B691345B06EB106A999E8.jpg,,/product/elexir-mentol/8412101026001
52504,Elíxir Oral Frescura Intensa,5604260327508,10474,10069,Embalagem de 500 ml,Labell,,"2,78€/L","1,39€",https://cdn.intermarche.pt/pt/Content/images/boitmal/produit/zoom/ECEB4A95E975C748E7FDA926176F2230.jpg,,/product/elixir-oral-frescura-intensa/5604260327508
31948,Elixir Nightly Reset,3574661401126,10474,10069,400 ml,Listerine,,"14,98€/L","5,99€",https://cdn.intermarche.pt/pt/Content/images/boitmal/produit/zoom/BAD45F3CE613EC0A3F86E96D92BC1099.jpg,,/product/elixir-nightly-reset/3574661401126
42960,Elixir fresh mint,5054563051363,10474,10069,Embalagem de 500 ml,Parodontax,,"11,98€/L","5,99€",https://cdn.intermarche.pt/pt/Content/images/boitmal/produit/zoom/D29E453995FEF884C98DFC99F6E57CAE.jpg,,/product/elixir-fresh-mint/5054563051363
43645,Elixir menta,8718951179042,10474,10069,embalagem de 500 ml,Colgate,,"7,98€/L","3,99€",https://cdn.intermarche.pt/pt/Content/images/boitmal/produit/zoom/6B1921AE2558C62488A0676C2D2745A0.jpg,,/product/elixir-menta/8718951179042
53596,Elixir Bucal Suave Dentes e Gengivas,3574661638348,10474,10069,Embalagem de 1000ml,Listerine,,"7,99€/L","7,99€",https://cdn.intermarche.pt/pt/Content/images/boitmal/produit/zoom/C37CBE7B21F84F7707D2C04D584A64A5.jpg,,/product/elixir-bucal-suave-dentes-e-gengivas/3574661638348
20403,Elixir Bocal Complete,8470001673435,10474,10069,Embalagem de 500 ml,Oral B,,"11,98€/L","5,99€",https://cdn.intermarche.pt/pt/Content/images/boitmal/produit/zoom/ADAFF4BE9F55E2FEA788C5B0DB7D88F1.jpg,,/product/elixir-bocal-complete/8470001673435
24630,Elíxir Oral Branqueador,5604260327522,10474,10069,Embalagem de 500 ml,Labell,,"3,38€/L","1,69€",https://cdn.intermarche.pt/pt/Content/images/boitmal/produit/zoom/A9D57D65C2D9E722B19D9007CE6129A3.jpg,,/product/elixir-oral-branqueador/5604260327522
45591,Elixir plax carvão,8718951414426,10474,10069,500 ml,Colgate,,"13,98€/L","6,99€",https://cdn.intermarche.pt/pt/Content/images/boitmal/produit/zoom/2B69F43C19297F329C8FD0B4E32E0280.jpg,,/product/elixir-plax-carvao/8718951414426
51607,Elixir Cuidado das Gengivas PerioGard,8718951472846,10474,10069,400 ml,Colgate,,"16,23€/L","6,49€",https://cdn.intermarche.pt/pt/Content/images/boitmal/produit/zoom/BCDFF56567836FCD870B3EEB501252D1.jpg,,/product/elixir-cuidado-das-gengivas-periogard/8718951472846
53671,Elixir Bucal Gengivas Extra Fresh,5054563129864,10474,10069,Embalagem de 500ml,Parodontax,,"11,98€/L","5,99€",https://cdn.intermarche.pt/pt/Content/images/boitmal/produit/zoom/A6727C9675BAA314829810087AF8882F.jpg,,/product/elixir-bucal-gengivas-extra-fresh/5054563129864
53769,Elixir Bucal Menta Fresca,8412101045002,10474,10069,Embalagem de 500ml,Listerine,,"11,98€/L","5,99€",https://cdn.intermarche.pt/pt/Content/images/boitmal/produit/zoom/57918650148135ED13F30010D33B326D.jpg,,/product/elixir-bucal-menta-fresca/8412101045002
53770,Elixir Bucal Mentol,8412101254008,10474,10069,Embalagem de 250ml,Listerine,,"15,96€/L","3,99€",https://cdn.intermarche.pt/pt/Content/images/boitmal/produit/zoom/4576E27E5652F8560D668485ED1105B1.jpg,,/product/elixir-bucal-mentol/8412101254008
7504,Creme de fixação para dentaduras,3250391421794,10472,10069,Embalagem de 50 g,Labell,,"83,00€/Kg","4,15€",https://cdn.intermarche.pt/pt/Content/images/boitmal/produit/zoom/E5CE2013645D4B2D54FA275953ADE445.jpg,,/product/creme-de-fixacao-para-dentaduras/3250391421794
16675,Pastilhas de Limpeza Dentífrica Branqueadora,8431890051971,10472,10069,Embalagem com 30 unidades ,Polident,,"3,29€/Unidade","3,29€",https://cdn.intermarche.pt/pt/Content/images/boitmal/produit/zoom/753963B4E640D4EC281201432E756B6A.jpg,2024-09-25T22:59:59.999Z,/product/pastilhas-de-limpeza-dentifrica-branqueadora/8431890051971
48279,Pastilhas de Limpeza Aparelho Dentário,5054563108203,10472,10069,Embalagem com 30 unidades ,Polident,,"4,39€/Unidade","4,39€",https://cdn.intermarche.pt/pt/Content/images/boitmal/produit/zoom/0FB9D80F4A25AFA9B454CEB4BA68ED5F.jpg,2024-09-25T22:59:59.999Z,/product/pastilhas-de-limpeza-aparelho-dentario/5054563108203
11749,"Pasta de limpeza com oxigénio activo, 48 unidades",5601385504852,10472,10069,Uma embalagem,Polident,,"4,99€/Unidade","4,99€",https://cdn.intermarche.pt/pt/Content/images/boitmal/produit/zoom/AC483E1AD960CCBCC920CFB27F488BEA.jpg,,/product/pasta-de-limpeza-com-oxigenio-activo-48-unidades/5601385504852
24394,Creme proteção de gengivas,5054563016966,10472,10069,Embalagem de 40 g,Polident,,"174,75€/Kg","6,99€",https://cdn.intermarche.pt/pt/Content/images/boitmal/produit/zoom/1666A1B72DFE13B5523164A433F2FFC4.jpg,,/product/creme-protecao-de-gengivas/5054563016966
54580,"Escova Dentes Junior +6 Anos, 1 un.",5604260331741,10469,10069,,Labell,,"0,99€/Unidade","0,99€",https://cdn.intermarche.pt/pt/Content/images/boitmal/produit/zoom/7467A2C3713C5EE39EF6D72C861EDB95.jpg,,/product/escova-dentes-junior-+6-anos-1-un./5604260331741
47890,Dentífrico júnior 7 a 12 anos,8718951434912,10469,10069,Embalagem de 50 ml,Aquafresh,,"51,80€/L","2,59€",https://cdn.intermarche.pt/pt/Content/images/boitmal/produit/zoom/1B8C1747C81E0A12757D62D2E9D1BB95.jpg,2024-09-25T22:59:59.999Z,/product/dentifrico-junior-7-a-12-anos/8718951434912
8945,Dentifríco p/ Dentes de Leite,5601385503329,10469,10069,Embalagem de 50 ml,Aquafresh,,"44,80€/L","2,24€",https://cdn.intermarche.pt/pt/Content/images/boitmal/produit/zoom/B0CD98112B11ABD5A72D29EB6212A2AF.jpg,2024-09-25T22:59:59.999Z,/product/dentifrico-p-ou-dentes-de-leite/5601385503329
46885,Dentifríco splash morango,5054563087195,10469,10069,Embalagem de 75 ml,Aquafresh,,"34,67€/L","2,60€",https://cdn.intermarche.pt/pt/Content/images/boitmal/produit/zoom/157FA78C33772AE4775327861F73C2AC.jpg,2024-09-25T22:59:59.999Z,/product/dentifrico-splash-morango/5054563087195
11744,Escova de Dentes Júnior,5601385503367,10469,10069,1 unidade,Aquafresh,,"2,44€/Unidade","2,44€",https://cdn.intermarche.pt/pt/Content/images/boitmal/produit/zoom/0160271DAF706285EBC770A381C4D6B1.jpg,2024-09-25T22:59:59.999Z,/product/escova-de-dentes-junior/5601385503367
53560,"Recarga Escova Stages Princ/Cars/Mickey, 3 unidades",8006540805725,10469,10069,,Oral B,,"15,29€/Unidade","15,29€",https://cdn.intermarche.pt/pt/Content/images/boitmal/produit/zoom/0D23EA1AD736640CAA725EA3F6A45006.jpg,2024-09-25T22:59:59.999Z,/product/recarga-escova-stages-princ-ou-cars-ou-mickey-3-unidades/8006540805725
54600,"Pasta de Dentes Criança 0 a 2 Anos, 50ml",5054563206152,10469,10069,,Aquafresh,,"44,80€/L","2,24€",https://cdn.intermarche.pt/pt/Content/images/boitmal/produit/zoom/950BA60A1F4588E282E6B2A9544A3E5B.jpg,2024-09-25T22:59:59.999Z,/product/pasta-de-dentes-crianca-0-a-2-anos-50ml/5054563206152
54613,"Escova de Dentes Suave Criança 0 a 2 Anos, 1un.",5054563196149,10469,10069,,Aquafresh,,"2,46€/Unidade","2,46€",https://cdn.intermarche.pt/pt/Content/images/boitmal/produit/zoom/915B3766B8D5EC5751BE2111E6A91A60.jpg,2024-09-25T22:59:59.999Z,/product/escova-de-dentes-suave-crianca-0-a-2-anos-1un./5054563196149
7428,Pasta dentífrica gel kids,3250390658412,10469,10069,Embalagem de 50 ml,Labell,,"11,80€/L","0,59€",https://cdn.intermarche.pt/pt/Content/images/boitmal/produit/zoom/A07A1A6119F834359350939BBE809931.jpg,,/product/pasta-dentifrica-gel-kids/3250390658412
3916,"Pasta dentífrica, 7-13 anos",3250391332779,10469,10069,Embalagem de 75 ml,Labell,,"10,53€/L","0,79€",https://cdn.intermarche.pt/pt/Content/images/boitmal/produit/zoom/10678F87A981A5AAF4532D32395C45CA.jpg,,/product/pasta-dentifrica-7-13-anos/3250391332779
23077,"Escova dentífrica infantil, minions, + 6 anos",8718951122857,10469,10069,1 + 1 unidade grátis,Colgate,,"3,49€/Unidade","3,49€",https://cdn.intermarche.pt/pt/Content/images/boitmal/produit/zoom/FB1FC5619002431B4429C3A5C255426F.jpg,,/product/escova-dentifrica-infantil-minions-+-6-anos/8718951122857
40233,Escova de Dentes Manual Kids,8718951078994,10469,10069,Embalagem de 2 unidades,Colgate,,"3,49€/Unidade","3,49€",https://cdn.intermarche.pt/pt/Content/images/boitmal/produit/zoom/EC595AC4DBD69869C960A690306EC781.jpg,,/product/escova-de-dentes-manual-kids/8718951078994
42950,Dentífrico infantil frutas naturais 3 aos 5 anos,8718951265677,10469,10069,50 ml,Colgate,,"57,80€/L","2,89€",https://cdn.intermarche.pt/pt/Content/images/boitmal/produit/zoom/607DEB799458602BFDE713868B93C216.jpg,,/product/dentifrico-infantil-frutas-naturais-3-aos-5-anos/8718951265677
25623,"Escova dentes kids minions bateria, 1 un.",8718951145191,10469,10069,,Colgate,,"9,49€/Unidade","9,49€",https://cdn.intermarche.pt/pt/Content/images/boitmal/produit/zoom/F0C73CFD5DFACA37E19433E56E78596C.jpg,,/product/escova-dentes-kids-minions-bateria-1-un./8718951145191
45590,Escova dentífrica infantil bambu,8718951376595,10469,10069,1 unidade,Colgate,,"3,99€/Unidade","3,99€",https://cdn.intermarche.pt/pt/Content/images/boitmal/produit/zoom/C16D455992231F49F6A6F652F138C489.jpg,,/product/escova-dentifrica-infantil-bambu/8718951376595
18426,Champô Delicias de Aveia,3600541887817,11758,10071,Embalagem de 400 ml,Garnier,,"9,48€/L","3,79€",https://cdn.intermarche.pt/pt/Content/images/boitmal/produit/zoom/6E178A060EBA624F1168DFA6C596E4DF.jpg,2024-09-25T22:59:59.999Z,/product/champo-delicias-de-aveia/3600541887817
4315,Champô de abacate & karité,3600540542861,11758,10071,Embalagem de 400 ml,Garnier,,"9,48€/L","3,79€",https://cdn.intermarche.pt/pt/Content/images/boitmal/produit/zoom/E826DE4F268362A3E1B1E27463FF1F1A.jpg,2024-09-25T22:59:59.999Z,/product/champo-de-abacate-&-karite/3600540542861
40776,Champô familiar,5604260290628,11758,10071,Embalagem de 750 ml,Labell,,"2,21€/L","1,66€",https://cdn.intermarche.pt/pt/Content/images/boitmal/produit/zoom/324FA6815CF13697DE6A34056E0450B5.jpg,,/product/champo-familiar/5604260290628
22254,Champô Limão & Argila,3600542027533,11758,10071,Embalagem de 400 ml,Garnier,,"15,16€/L","3,79€",https://cdn.intermarche.pt/pt/Content/images/boitmal/produit/zoom/E3CC3793DBEA441FB5E435D1445DE8F2.jpg,2024-09-25T22:59:59.999Z,/product/champo-limao-&-argila/3600542027533
33536,Champô leite amêndoa,3600542182485,11758,10071,400 ml,Garnier,,"9,48€/L","3,79€",https://cdn.intermarche.pt/pt/Content/images/boitmal/produit/zoom/F3B1CF4AEFF71FB10FB8C2143F7B79A7.jpg,2024-09-25T22:59:59.999Z,/product/champo-leite-amendoa/3600542182485
52302,Champô Ultra Suave Carvão,3600542512428,11758,10071,Embalagem de 400ml,Garnier,,"9,48€/L","3,79€",https://cdn.intermarche.pt/pt/Content/images/boitmal/produit/zoom/8126B6DDAA84D0A1234F6E7D42BC7B29.jpg,2024-09-25T22:59:59.999Z,/product/champo-ultra-suave-carvao/3600542512428
7550,Champô tesouros de mel,3600541550087,11758,10071,Embalagem de 400 ml,Garnier,,"9,48€/L","3,79€",https://cdn.intermarche.pt/pt/Content/images/boitmal/produit/zoom/E6566E0DAE3A76CF422C4F3C02B07F81.jpg,2024-09-25T22:59:59.999Z,/product/champo-tesouros-de-mel/3600541550087
25331,Champô Leite de Coco e Macadâmia,3600542075015,11758,10071,Embalagem com 400 ml,Garnier,,"9,48€/L","3,79€",https://cdn.intermarche.pt/pt/Content/images/boitmal/produit/zoom/32C336B9D33C06DAFE850C5DF44E7250.jpg,2024-09-25T22:59:59.999Z,/product/champo-leite-de-coco-e-macadamia/3600542075015
4400,Champô gama maravilhosa,3600541533226,11758,10071,Embalagem de 400 ml,Garnier,,"9,48€/L","3,79€",https://cdn.intermarche.pt/pt/Content/images/boitmal/produit/zoom/28CA81276EA21AB8CD8D9A9F969FF989.jpg,2024-09-25T22:59:59.999Z,/product/champo-gama-maravilhosa/3600541533226
25334,Champô Água de Coco e Aloe Vera,3600542087711,11758,10071,Embalagem com 400 ml,Garnier,,"9,48€/L","3,79€",https://cdn.intermarche.pt/pt/Content/images/boitmal/produit/zoom/6AF4658212F1BF0CEE8C3ACF1FE15B99.jpg,2024-09-25T22:59:59.999Z,/product/champo-agua-de-coco-e-aloe-vera/3600542087711
4310,"Champô de camomila, 400 ml",3600540362384,11758,10071,,Garnier,,"8,98€/L","3,59€",https://cdn.intermarche.pt/pt/Content/images/boitmal/produit/zoom/3682EA1516F924548CF0016D3C028605.jpg,2024-09-25T22:59:59.999Z,/product/champo-de-camomila-400-ml/3600540362384
28637,Champô Long&Sublime,8410436307222,11758,10071,Embalagem de 250 ml,Gliss,,"11,16€/L","2,79€",https://cdn.intermarche.pt/pt/Content/images/boitmal/produit/zoom/49845631DCACA8A98C5F67153834210A.jpg,2024-10-04T22:59:59.999Z,/product/champo-long&sublime/8410436307222
45029,"Champô camomila, 400 ml",3600542369794,11758,10071,,Garnier,,"9,48€/L","3,79€",https://cdn.intermarche.pt/pt/Content/images/boitmal/produit/zoom/73403B5ECEB69F8724178BEE15399F77.jpg,2024-09-25T22:59:59.999Z,/product/champo-camomila-400-ml/3600542369794
21357,Champô color protect,8410436235549,11758,10071,Embalagem de 250 ml,Gliss,,"11,16€/L","2,79€",https://cdn.intermarche.pt/pt/Content/images/boitmal/produit/zoom/EF3681F69BFE6202B923352B1491C761.jpg,2024-10-04T22:59:59.999Z,/product/champo-color-protect/8410436235549
27895,Champô Riqueza D'Argão,3600542139977,11758,10071,Embalagem de 400 ml,Garnier,,"9,48€/L","3,79€",https://cdn.intermarche.pt/pt/Content/images/boitmal/produit/zoom/8428BBAA939FAE56FE9F8C8E31454CAF.jpg,2024-09-25T22:59:59.999Z,/product/champo-riqueza-d'argao/3600542139977
54277,"Shampoo Água de Arroz, 400ml",3600542571982,11758,10071,,Garnier,,"9,48€/L","3,79€",https://cdn.intermarche.pt/pt/Content/images/boitmal/produit/zoom/633F76135084FA5A4EDBF3B3A51265C6.jpg,2024-09-25T22:59:59.999Z,/product/shampoo-agua-de-arroz-400ml/3600542571982
3816,Champô todos tipos de cabelo,3250390726456,11758,10071,Embalagem de 400 ml,Labell,,"4,98€/L","1,99€",https://cdn.intermarche.pt/pt/Content/images/boitmal/produit/zoom/ABDF7B822623339D17E7D8A725EC6F30.jpg,,/product/champo-todos-tipos-de-cabelo/3250390726456
8329,Champô color-vive,5601036207231,11758,10071,Embalagem de 250 ml,Elvive,,"15,96€/L","3,99€",https://cdn.intermarche.pt/pt/Content/images/boitmal/produit/zoom/CA0094685BB8B59868B7F520922AA975.jpg,,/product/champo-color-vive/5601036207231
10980,Champô nutri proteção,3250391506002,11758,10071,Embalagem de 250 ml,Labell,,"5,56€/L","1,39€",https://cdn.intermarche.pt/pt/Content/images/boitmal/produit/zoom/9980FCE99FC18C7C98690E1AEC40181A.jpg,,/product/champo-nutri-protecao/3250391506002
12819,Champô total repair,3600522023883,11758,10071,Embalagem de 400 ml,Elvive,,"14,98€/L","5,99€",https://cdn.intermarche.pt/pt/Content/images/boitmal/produit/zoom/EA7D6E07CD09475944FC0B7344377C93.jpg,,/product/champo-total-repair/3600522023883
4236,Champô color-vive,3600521519479,11758,10071,Embalagem de 400 ml,Elvive,,"14,98€/L","5,99€",https://cdn.intermarche.pt/pt/Content/images/boitmal/produit/zoom/9488D59592F5790FC0E9B4078309C960.jpg,,/product/champo-color-vive/3600521519479
27891,Champô Reconstrutor Dream Long,3600523586387,11758,10071,Embalagem de 400 ml,Elvive,,"14,98€/L","5,99€",https://cdn.intermarche.pt/pt/Content/images/boitmal/produit/zoom/84CC356C36067BE7C6654BA5E8036F86.jpg,,/product/champo-reconstrutor-dream-long/3600523586387
36806,Champô 3 em 1 anti-caspa,8001090639011,11758,10071,Embalagem de 300 ml,Pantene,,"16,63€/L","4,99€",https://cdn.intermarche.pt/pt/Content/images/boitmal/produit/zoom/8746DD75302C2EE11A6AA00EB69F26D7.jpg,,/product/champo-3-em-1-anti-caspa/8001090639011
43520,Champô argila cabelos normais,8411300478116,11758,10071,Embalagem com 400ml,Elvive,,"14,98€/L","5,99€",https://cdn.intermarche.pt/pt/Content/images/boitmal/produit/zoom/4FA9549FFEB000EE016E8AB88BD8B66F.jpg,,/product/champo-argila-cabelos-normais/8411300478116
5063,"Champô para crianças, alperce",5601036303148,11758,10071,Embalagem de 250 ml,Garnier,,"14,76€/L","3,69€",https://cdn.intermarche.pt/pt/Content/images/boitmal/produit/zoom/0FADA19591C6134DFC18CB4B52991ADB.jpg,,/product/champo-para-criancas-alperce/5601036303148
28583,Champô Caracóis Perfeitos,8006540876213,11758,10071,385 ml,Pantene,,"15,56€/L","5,99€",https://cdn.intermarche.pt/pt/Content/images/boitmal/produit/zoom/0B37A3422C290D74458F14C6AA3B3486.jpg,,/product/champo-caracois-perfeitos/8006540876213
32400,Champô Anticaspa,8006540876947,11758,10071,385 ml,Pantene,,"15,56€/L","5,99€",https://cdn.intermarche.pt/pt/Content/images/boitmal/produit/zoom/C394656D5A326E8E294168046065036F.jpg,,/product/champo-anticaspa/8006540876947
33406,Champô amêndoa 2 em 1,3250392602840,11758,10071,Embalagem de 400 ml,Labell,,"4,23€/L","1,69€",https://cdn.intermarche.pt/pt/Content/images/boitmal/produit/zoom/E14AFD4446E65829A0F5220602944A9D.jpg,,/product/champo-amendoa-2-em-1/3250392602840
12825,Champô Arginina,3600522282006,11758,10071,Embalagem de 400 ml,Elvive,,"14,98€/L","5,99€",https://cdn.intermarche.pt/pt/Content/images/boitmal/produit/zoom/832D274A47C2AA7B477B5C7301E042D6.jpg,,/product/champo-arginina/3600522282006
24579,Champô força e brilho,3600541946309,11758,10071,Embalagem com 400 ml,Fructis,,"14,98€/L","5,99€",https://cdn.intermarche.pt/pt/Content/images/boitmal/produit/zoom/889DD4760AF67C7030DF4A37769866C1.jpg,,/product/champo-forca-e-brilho/3600541946309
26485,Champô Hidraliso,3600542034074,11758,10071,Embalagem de 400 ml,Fructis,,"14,98€/L","5,99€",https://cdn.intermarche.pt/pt/Content/images/boitmal/produit/zoom/C2E0C40688CAB3AE7D5A72BCE5A3B761.jpg,,/product/champo-hidraliso/3600542034074
27896,Champô Riqueza D'Argão,3600542139984,11758,10071,Embalagem de 250 ml,Garnier,,"8,98€/L","3,59€",https://cdn.intermarche.pt/pt/Content/images/boitmal/produit/zoom/7293457F28DEF21E8565EC96AA514271.jpg,,/product/champo-riqueza-d'argao/3600542139984
4309,Champô hydra caracóis,3600540342461,11758,10071,Embalagem de 250 ml,Fructis,,"15,96€/L","3,99€",https://cdn.intermarche.pt/pt/Content/images/boitmal/produit/zoom/3FF362631286B786639AE724AB7322DA.jpg,,/product/champo-hydra-caracois/3600540342461
24583,Champô hidra caracóis,3600541946262,11758,10071,Embalagem de 400 ml,Fructis,,"14,98€/L","5,99€",https://cdn.intermarche.pt/pt/Content/images/boitmal/produit/zoom/23FB1A9BD2556C983C108B149D937211.jpg,,/product/champo-hidra-caracois/3600541946262
33657,Champô violeta matizador antiamarelecimento,3600523682799,11758,10071,Embalagem de 200 ml,Elvive,,"29,95€/L","5,99€",https://cdn.intermarche.pt/pt/Content/images/boitmal/produit/zoom/D60B4E0CE58FB72EFAFE6372F8D8B50F.jpg,,/product/champo-violeta-matizador-antiamarelecimento/3600523682799
4255,Champô arginina,3600522016069,11758,10071,Embalagem de 250 ml,Elvive,,"15,96€/L","3,99€",https://cdn.intermarche.pt/pt/Content/images/boitmal/produit/zoom/944029A9C44E20712CA80A0AB48C8BC9.jpg,,/product/champo-arginina/3600522016069
51683,Champô 5 plantas cabelos normais,5604260326976,11758,10071,Embalagem de 500 ml,Labell,,"5,58€/L","2,79€",https://cdn.intermarche.pt/pt/Content/images/boitmal/produit/zoom/751043CEDFD6037E97E2AC818C9CA692.jpg,,/product/champo-5-plantas-cabelos-normais/5604260326976
7827,Champô Classic,8006540876039,11758,10071,Embalagem de 385 ml,Pantene,,"15,56€/L","5,99€",https://cdn.intermarche.pt/pt/Content/images/boitmal/produit/zoom/098EB270BD10DFDDE6327DD100D78985.jpg,,/product/champo-classic/8006540876039
12854,"Champô de criança, cereja",3600540809483,11758,10071,Embalagem de 250 ml,Garnier,,"13,16€/L","3,29€",https://cdn.intermarche.pt/pt/Content/images/boitmal/produit/zoom/1F5632CE3F05755F626A8F35BED7B87B.jpg,,/product/champo-de-crianca-cereja/3600540809483
25329,Champô Óleo Extraordinário Coco,3600523493654,11758,10071,Embalagem de 400 ml,Elvive,,"14,98€/L","5,99€",https://cdn.intermarche.pt/pt/Content/images/boitmal/produit/zoom/86FC06DD0D7EE3332EF69255626438B0.jpg,,/product/champo-oleo-extraordinario-coco/3600523493654
18427,Amaciador Tesouros de Mel,3600541743922,11759,10071,Embalagem de 400 ml,Garnier,,"9,48€/L","3,79€",https://cdn.intermarche.pt/pt/Content/images/boitmal/produit/zoom/B4091EC57C459EFD1BDBC735001CDFEF.jpg,2024-09-25T22:59:59.999Z,/product/amaciador-tesouros-de-mel/3600541743922
33659,Condicionador leite amêndoa,3600542182492,11759,10071,Embalagem de 400 ml,Garnier,,"9,48€/L","3,79€",https://cdn.intermarche.pt/pt/Content/images/boitmal/produit/zoom/DEAD82467DDC93B6370C614580E5C99E.jpg,2024-09-25T22:59:59.999Z,/product/condicionador-leite-amendoa/3600542182492
25338,Condicionador Leite de Coco e Macadâmia,3600542075350,11759,10071,Embalagem de 400 ml,Garnier,,"9,48€/L","3,79€",https://cdn.intermarche.pt/pt/Content/images/boitmal/produit/zoom/5E8E5BE7843BC84D401EC87981F1391B.jpg,2024-09-25T22:59:59.999Z,/product/condicionador-leite-de-coco-e-macadamia/3600542075350
16869,Amaciador Nutritivo com Óleos Maravilhosos,3600541575790,11759,10071,Embalagem de 400 ml,Garnier,,"9,48€/L","3,79€",https://cdn.intermarche.pt/pt/Content/images/boitmal/produit/zoom/A1E72E12671EF8522EC8B1125864013C.jpg,2024-09-25T22:59:59.999Z,/product/amaciador-nutritivo-com-oleos-maravilhosos/3600541575790
35753,Creme para pentear caracóis,8001841240640,11759,10071,270 ml,Pantene,,"22,19€/L","5,99€",https://cdn.intermarche.pt/pt/Content/images/boitmal/produit/zoom/574B3E314AF635DCDB9A6448E3C017C1.jpg,2024-09-25T22:59:59.999Z,/product/creme-para-pentear-caracois/8001841240640
36807,Condicionador repara e protege,8001090374462,11759,10071,Embalagem de 200 ml,Pantene,,"22,45€/L","4,49€",https://cdn.intermarche.pt/pt/Content/images/boitmal/produit/zoom/3A2682FB48632A600621FBE47BA7FEAF.jpg,2024-09-25T22:59:59.999Z,/product/condicionador-repara-e-protege/8001090374462
48922,Máscara Caracóis Perfeitos,8006540417072,11759,10071,300 ml,Pantene,,"16,47€/L","4,94€",https://cdn.intermarche.pt/pt/Content/images/boitmal/produit/zoom/EB7E52D162BFDEBC6AEA41630D49AB71.jpg,2024-09-25T22:59:59.999Z,/product/mascara-caracois-perfeitos/8006540417072
24586,Condicionador abacate,3600541946293,11759,10071,Embalagem de 400 ml,Garnier,,"9,48€/L","3,79€",https://cdn.intermarche.pt/pt/Content/images/boitmal/produit/zoom/C5EB58C1545FD8E4BAD494C97A04FE68.jpg,2024-09-25T22:59:59.999Z,/product/condicionador-abacate/3600541946293
15463,Spray Condicionador Express Oil Nutrition,8410436165648,11759,10071,Embalagem de 200ml,Gliss,,"19,95€/L","3,99€",https://cdn.intermarche.pt/pt/Content/images/boitmal/produit/zoom/E82162E68CB35BD87DFD98C6B523EDBF.jpg,2024-10-04T22:59:59.999Z,/product/spray-condicionador-express-oil-nutrition/8410436165648
25339,Condicionador Água de Coco e Aloé Vera,3600542075343,11759,10071,Embalagem de 400 ml,Garnier,,"9,48€/L","3,79€",https://cdn.intermarche.pt/pt/Content/images/boitmal/produit/zoom/A7E3A377513CFB2FB643A4FF2C50970D.jpg,2024-09-25T22:59:59.999Z,/product/condicionador-agua-de-coco-e-aloe-vera/3600542075343
27919,Condicionador Riqueza D'Argão,3600542140058,11759,10071,Embalagem de 400 ml,Garnier,,"9,48€/L","3,79€",https://cdn.intermarche.pt/pt/Content/images/boitmal/produit/zoom/6EEEB43D831B31372269D9B3F1BDF816.jpg,2024-09-25T22:59:59.999Z,/product/condicionador-riqueza-d'argao/3600542140058
28638,Condicionador Long&Sublime,8410436307383,11759,10071,Embalagem de 200 ml,Gliss,,"13,95€/L","2,79€",https://cdn.intermarche.pt/pt/Content/images/boitmal/produit/zoom/183861D8561D5F0F706EE94B1432D883.jpg,2024-10-04T22:59:59.999Z,/product/condicionador-long&sublime/8410436307383
43418,Sérum selador de pontas abertas,8001841889573,11759,10071,75 ml,Pantene,,"99,87€/L","7,49€",https://cdn.intermarche.pt/pt/Content/images/boitmal/produit/zoom/1B5D0C56A8BEBCCB389999487B45B4A3.jpg,2024-09-25T22:59:59.999Z,/product/serum-selador-de-pontas-abertas/8001841889573
48920,Máscara Hidratante repara e protege,8006540417119,11759,10071,300 ml,Pantene,,"16,47€/L","4,94€",https://cdn.intermarche.pt/pt/Content/images/boitmal/produit/zoom/F57A085460D9603C4FB629C8C537D5EB.jpg,2024-09-25T22:59:59.999Z,/product/mascara-hidratante-repara-e-protege/8006540417119
12391,Elixir oil,8410436183338,11759,10071,Embalagem de 75 ml,Gliss,,"79,87€/L","5,99€",https://cdn.intermarche.pt/pt/Content/images/boitmal/produit/zoom/099A071CBB18C995CB02ADE470EFFCD5.jpg,2024-10-04T22:59:59.999Z,/product/elixir-oil/8410436183338
15462,Condicionador Ultimate Color,8410436165495,11759,10071,Embalagem de 200 ml,Gliss,,"13,95€/L","2,79€",https://cdn.intermarche.pt/pt/Content/images/boitmal/produit/zoom/BF2979B3BEBCAEF7F06410F9DA1FEE9D.jpg,2024-10-04T22:59:59.999Z,/product/condicionador-ultimate-color/8410436165495
15464,Spray Condicionador Express Reparação Total 19,8410436168090,11759,10071,Embalagem de 200ml,Gliss,,"19,95€/L","3,99€",https://cdn.intermarche.pt/pt/Content/images/boitmal/produit/zoom/AD752DB07482702E2A35B54FAA82F50C.jpg,2024-10-04T22:59:59.999Z,/product/spray-condicionador-express-reparacao-total-19/8410436168090
18428,Amaciador Delicadeza de Aveia,3600541888197,11759,10071,Embalagem de 400 ml,Garnier,,"9,48€/L","3,79€",https://cdn.intermarche.pt/pt/Content/images/boitmal/produit/zoom/C66C70930530F5A1EE5AE1CA8230FA2F.jpg,2024-09-25T22:59:59.999Z,/product/amaciador-delicadeza-de-aveia/3600541888197
28765,Spray Condicionador Long e Sublime,8410436307277,11759,10071,Embalagem de 200 ml,Gliss,,"19,95€/L","3,99€",https://cdn.intermarche.pt/pt/Content/images/boitmal/produit/zoom/E8C1F6F5ADA285DE9E8F186FA40794B2.jpg,2024-10-04T22:59:59.999Z,/product/spray-condicionador-long-e-sublime/8410436307277
35409,Creme para pentear ondas com movimento,8001841240541,11759,10071,270 ml,Pantene,,"22,19€/L","5,99€",https://cdn.intermarche.pt/pt/Content/images/boitmal/produit/zoom/BA723C838BF5911775B214680D7F1982.jpg,2024-09-25T22:59:59.999Z,/product/creme-para-pentear-ondas-com-movimento/8001841240541
44593,Condicionador Camomila,3600541946286,11759,10071,Embalagem de 400 ml,Garnier,,"9,48€/L","3,79€",https://cdn.intermarche.pt/pt/Content/images/boitmal/produit/zoom/F04D1E5D7B5BC4C16694F0AF1D7F57FA.jpg,2024-09-25T22:59:59.999Z,/product/condicionador-camomila/3600541946286
48921,Máscara Liso e Sedoso,8006540417157,11759,10071,300 ml,Pantene,,"16,47€/L","4,94€",https://cdn.intermarche.pt/pt/Content/images/boitmal/produit/zoom/643829EDA57D5ADED472077BB0F4DDDE.jpg,2024-09-25T22:59:59.999Z,/product/mascara-liso-e-sedoso/8006540417157
53733,Sérum Cabelo Pós Lavagem sem Enxaguar Longo Infinito,8006540849774,11759,10071,Embalagem de 200ml,Pantene,,"22,45€/L","4,49€",https://cdn.intermarche.pt/pt/Content/images/boitmal/produit/zoom/CB4142B0B300AB9CEB433FA86C392B0E.jpg,2024-09-25T22:59:59.999Z,/product/serum-cabelo-pos-lavagem-sem-enxaguar-longo-infinito/8006540849774
53734,Máscara Cabelo Longo Infinito,8006540849811,11759,10071,Embalagem de 300ml,Pantene,,"19,97€/L","5,99€",https://cdn.intermarche.pt/pt/Content/images/boitmal/produit/zoom/F1CB0A2A60DD17F498F26DCBACDE308D.jpg,2024-09-25T22:59:59.999Z,/product/mascara-cabelo-longo-infinito/8006540849811
53735,Spray Cabelo Fortificante Longo Infinito,8006540849859,11759,10071,Embalagem de 200ml,Pantene,,"37,45€/L","7,49€",https://cdn.intermarche.pt/pt/Content/images/boitmal/produit/zoom/39260CBEB38D3B9D6C7CBD5224C92AE7.jpg,2024-09-25T22:59:59.999Z,/product/spray-cabelo-fortificante-longo-infinito/8006540849859
54278,"Amaciador Água de Arroz, 400ml",3600542572149,11759,10071,,Garnier,,"9,48€/L","3,79€",https://cdn.intermarche.pt/pt/Content/images/boitmal/produit/zoom/ED92659A67CBB495314CC610B7907F8C.jpg,2024-09-25T22:59:59.999Z,/product/amaciador-agua-de-arroz-400ml/3600542572149
54327,"Máscara Bomb Proteína Caracóis, 320ml",3600542024051,11759,10071,,Fructis,,"15,28€/L","4,89€",https://cdn.intermarche.pt/pt/Content/images/boitmal/produit/zoom/95B5737706AA005A91FAF03D84AE414E.jpg,2024-10-04T22:59:59.999Z,/product/mascara-bomb-proteina-caracois-320ml/3600542024051
54328,"Máscara Bomb Biotina Fortificante, 320ml",3600542542807,11759,10071,,Fructis,,"15,28€/L","4,89€",https://cdn.intermarche.pt/pt/Content/images/boitmal/produit/zoom/0F1207AEE207389D610035CA924B9803.jpg,2024-10-04T22:59:59.999Z,/product/mascara-bomb-biotina-fortificante-320ml/3600542542807
54329,"Máscara Hidraliso, 320ml",3600541969728,11759,10071,,Fructis,,"15,28€/L","4,89€",https://cdn.intermarche.pt/pt/Content/images/boitmal/produit/zoom/3CE6C640B903AD708F40C136BB6103CA.jpg,2024-10-04T22:59:59.999Z,/product/mascara-hidraliso-320ml/3600541969728
54330,"Máscara Adeus Danos, 320ml",3600542023962,11759,10071,,Fructis,,"15,28€/L","4,89€",https://cdn.intermarche.pt/pt/Content/images/boitmal/produit/zoom/8F6AEE494BC9382DBD638780073F8B43.jpg,2024-10-04T22:59:59.999Z,/product/mascara-adeus-danos-320ml/3600542023962
54460,"Máscara Cabelo Color Radiance 4 Em 1, 400ml",8015700167801,11759,10071,,Gliss,,"12,48€/L","4,99€",https://cdn.intermarche.pt/pt/Content/images/boitmal/produit/zoom/160680EC11761F2D066F45AFE87A7887.jpg,2024-10-04T22:59:59.999Z,/product/mascara-cabelo-color-radiance-4-em-1-400ml/8015700167801
54471,"Máscara Cabelo Pro-V Miracles Controlo Frizz, 300ml",8700216173186,11759,10071,,Pantene,,"32,47€/L","9,74€",https://cdn.intermarche.pt/pt/Content/images/boitmal/produit/zoom/394EDB306AE85C1D941C5F5A592E8626.jpg,2024-09-25T22:59:59.999Z,/product/mascara-cabelo-pro-v-miracles-controlo-frizz-300ml/8700216173186
54472,"Sérum Cabelo Pro-V Miracles Controlo Frizz, 70ml",8700216280877,11759,10071,,Pantene,,"70,57€/L","4,94€",https://cdn.intermarche.pt/pt/Content/images/boitmal/produit/zoom/078B30B62ABF4510E8DF2875A5A25A67.jpg,2024-09-25T22:59:59.999Z,/product/serum-cabelo-pro-v-miracles-controlo-frizz-70ml/8700216280877
54474,"Fortalecedor Raízes Pro-V Miracles Crescimento Com Força, 100ml",8700216233163,11759,10071,,Pantene,,"149,90€/L","14,99€",https://cdn.intermarche.pt/pt/Content/images/boitmal/produit/zoom/5810BDA39219478E318DDBAE607CA872.jpg,2024-09-25T22:59:59.999Z,/product/fortalecedor-raizes-pro-v-miracles-crescimento-com-forca-100ml/8700216233163
54477,"Máscara Cabelo Pro-V Miracles Bond Repair, 300ml",8700216173391,11759,10071,,Pantene,,"32,47€/L","9,74€",https://cdn.intermarche.pt/pt/Content/images/boitmal/produit/zoom/24D4D89AD84CC8E397D5D6171A4DCF61.jpg,2024-09-25T22:59:59.999Z,/product/mascara-cabelo-pro-v-miracles-bond-repair-300ml/8700216173391
54478,"Condicionador Intensivo Pro-V Miracles Bond Repair, 150ml",8700216178112,11759,10071,,Pantene,,"99,93€/L","14,99€",https://cdn.intermarche.pt/pt/Content/images/boitmal/produit/zoom/1A11A9CB93FB40CBA30010D648DD72D7.jpg,2024-09-25T22:59:59.999Z,/product/condicionador-intensivo-pro-v-miracles-bond-repair-150ml/8700216178112
54610,"Máscara Cabelo Pro-V Miracles Hidratação e Brilho, 300ml",8700216173155,11759,10071,,Pantene,,"32,47€/L","9,74€",https://cdn.intermarche.pt/pt/Content/images/boitmal/produit/zoom/AC082DBEAECA04A2802E3E58597B8CA7.jpg,2024-09-25T22:59:59.999Z,/product/mascara-cabelo-pro-v-miracles-hidratacao-e-brilho-300ml/8700216173155
54611,"Máscara Pro-V Miracles Sedoso e Brilhante, 300ml",8700216173100,11759,10071,,Pantene,,"32,47€/L","9,74€",https://cdn.intermarche.pt/pt/Content/images/boitmal/produit/zoom/A1BBF49C9DD099C7BD922682C4C92D50.jpg,2024-09-25T22:59:59.999Z,/product/mascara-pro-v-miracles-sedoso-e-brilhante-300ml/8700216173100
27921,Mascara Dream Long,3600523587315,11759,10071,Embalagem de 200 ml,Elvive,,"34,95€/L","6,99€",https://cdn.intermarche.pt/pt/Content/images/boitmal/produit/zoom/61D0C91F4BB2FE4F8431D0BB37B06E71.jpg,,/product/mascara-dream-long/3600523587315
51692,Máscara Abacate e Karité,5604260326969,11759,10071,Embalagem de 300 ml,Labell,,"8,63€/L","2,59€",https://cdn.intermarche.pt/pt/Content/images/boitmal/produit/zoom/BA175796EFCB993A2AC83C77FDFF75CE.jpg,,/product/mascara-abacate-e-karite/5604260326969
10225,Coloração Permanente Preto |1.0,8410436170734,11760,10071,,Palette,,"3,89€/Unidade","3,89€",https://cdn.intermarche.pt/pt/Content/images/boitmal/produit/zoom/3D320481C3E167112FB4631E709E7762.jpg,2024-10-04T22:59:59.999Z,/product/coloracao-permanente-preto-|1.0/8410436170734
10229,Coloração Permanente Louro Escuro |6,8410436171014,11760,10071,,Palette,,"3,89€/Unidade","3,89€",https://cdn.intermarche.pt/pt/Content/images/boitmal/produit/zoom/7FC818F9C38775A51FAF7DC630A628FB.jpg,2024-10-04T22:59:59.999Z,/product/coloracao-permanente-louro-escuro-|6/8410436171014
10226,Coloração Permanente Castanho Chocolate |3.65,8410436170888,11760,10071,,Palette,,"3,89€/Unidade","3,89€",https://cdn.intermarche.pt/pt/Content/images/boitmal/produit/zoom/C83CC9CF839331A4D00913EF6A03BF54.jpg,2024-10-04T22:59:59.999Z,/product/coloracao-permanente-castanho-chocolate-|3.65/8410436170888
10227,Coloração Permanente Caju |3.68,8410436170932,11760,10071,,Palette,,"3,89€/Unidade","3,89€",https://cdn.intermarche.pt/pt/Content/images/boitmal/produit/zoom/61B25CA5E13B26960CE84ABB6D8AD286.jpg,2024-10-04T22:59:59.999Z,/product/coloracao-permanente-caju-|3.68/8410436170932
10230,Coloração Permanente Preto Azulado |1.1,8410436171052,11760,10071,,Palette,,"3,89€/Unidade","3,89€",https://cdn.intermarche.pt/pt/Content/images/boitmal/produit/zoom/CCD23953C6EA7FEE418C1C7B5327B9BB.jpg,2024-10-04T22:59:59.999Z,/product/coloracao-permanente-preto-azulado-|1.1/8410436171052
18976,"Coloração permanente, castanho caramelo nº5.6",8410436210454,11760,10071,1 unidade,Palette,,"3,89€/Unidade","3,89€",https://cdn.intermarche.pt/pt/Content/images/boitmal/produit/zoom/448FDBE5165CB96A8A4D50639AA5F247.jpg,2024-10-04T22:59:59.999Z,/product/coloracao-permanente-castanho-caramelo-nº5.6/8410436210454
49658,Coloração Permanente Castanho Claro Nº 5,8410436409933,11760,10071,,Palette,,"5,59€/Unidade","5,59€",https://cdn.intermarche.pt/pt/Content/images/boitmal/produit/zoom/BDCD679519702665CB5143875311456C.jpg,2024-10-04T22:59:59.999Z,/product/coloracao-permanente-castanho-claro-nº-5/8410436409933
53571,Coloração 4-99 Violino,8410436170451,11760,10071,,Palette,,"3,89€/Unidade","3,89€",https://cdn.intermarche.pt/pt/Content/images/boitmal/produit/zoom/F69619F6FDA55BA60205D368913BE703.jpg,2024-10-04T22:59:59.999Z,/product/coloracao-4-99-violino/8410436170451
53818,Coloração Retoca Raízes Compact Root Retouch Castanho,8410436409636,11760,10071,Embalagem de 1 un.,Palette,,"5,59€/Unidade","5,59€",https://cdn.intermarche.pt/pt/Content/images/boitmal/produit/zoom/E922BB70FD4C4C0E3B14F0989B25CD88.jpg,2024-10-04T22:59:59.999Z,/product/coloracao-retoca-raizes-compact-root-retouch-castanho/8410436409636
53819,Coloração Retoca Raízes Compact Root Retouch Louro Escuro,8410436409858,11760,10071,Embalagem de 1 un.,Palette,,"5,59€/Unidade","5,59€",https://cdn.intermarche.pt/pt/Content/images/boitmal/produit/zoom/C01EE16005A11AA493FA759AE61A0012.jpg,2024-10-04T22:59:59.999Z,/product/coloracao-retoca-raizes-compact-root-retouch-louro-escuro/8410436409858
53820,Coloração Retoca Raízes Compact Root Retouch Preto,8410436410038,11760,10071,Embalagem de 1 un.,Palette,,"5,59€/Unidade","5,59€",https://cdn.intermarche.pt/pt/Content/images/boitmal/produit/zoom/18FC3AC98DF42B21BF1F3AA13BC62117.jpg,2024-10-04T22:59:59.999Z,/product/coloracao-retoca-raizes-compact-root-retouch-preto/8410436410038
10357,"Coloração permanente, castanho dourado, nº43",8411300041686,11760,10071,1 unidade,Nutrisse,,"8,99€/Unidade","8,99€",https://cdn.intermarche.pt/pt/Content/images/boitmal/produit/zoom/F3CAD81C888E9FFE93917424EC3657D7.jpg,,/product/coloracao-permanente-castanho-dourado-nº43/8411300041686
48278,Coloração permanente chocolate nº 6.35,3600520968261,11760,10071,1 unidade,Excellence,,"9,49€/Unidade","9,49€",https://cdn.intermarche.pt/pt/Content/images/boitmal/produit/zoom/817C633E41F17B00953A79E27C95660D.jpg,,/product/coloracao-permanente-chocolate-nº-6.35/3600520968261
6556,"Coloração permanente, louro escuro nº6",8411300565052,11760,10071,1 unidade,Excellence,,"9,49€/Unidade","9,49€",https://cdn.intermarche.pt/pt/Content/images/boitmal/produit/zoom/046670657520E90973C411B21F396F6F.jpg,,/product/coloracao-permanente-louro-escuro-nº6/8411300565052
6561,"Coloração permanente, louro natural, nº8.1",8411300565120,11760,10071,1 unidade,Excellence,,"9,49€/Unidade","9,49€",https://cdn.intermarche.pt/pt/Content/images/boitmal/produit/zoom/1940E9A7D591433F63C907B00C0AB069.jpg,,/product/coloracao-permanente-louro-natural-nº8.1/8411300565120
10394,"Coloração permanente, preto natural, nº3",8411300565021,11760,10071,1 unidade,Excellence,,"9,49€/Unidade","9,49€",https://cdn.intermarche.pt/pt/Content/images/boitmal/produit/zoom/3AE4B048E3BBB64A5FDE33709033D254.jpg,,/product/coloracao-permanente-preto-natural-nº3/8411300565021
11116,"Coloração permanente, caramelo avelã, nº 6.41",3600521639221,11760,10071,1 unidade,Excellence,,"9,49€/Unidade","9,49€",https://cdn.intermarche.pt/pt/Content/images/boitmal/produit/zoom/EDE5C11388B45D615C78C1EFF7F11BEA.jpg,,/product/coloracao-permanente-caramelo-avela-nº-6.41/3600521639221
12859,"Coloração permanente, castanho tiramissu nº4.15",3600541043176,11760,10071,1 unidade,Nutrisse,,"8,99€/Unidade","8,99€",https://cdn.intermarche.pt/pt/Content/images/boitmal/produit/zoom/3DD39849E806A8E12336B08F658CBD79.jpg,,/product/coloracao-permanente-castanho-tiramissu-nº4.15/3600541043176
12860,"Coloração permanente, vermelho ousado nº5.62",3600541043190,11760,10071,1 unidade,Nutrisse,,"8,99€/Unidade","8,99€",https://cdn.intermarche.pt/pt/Content/images/boitmal/produit/zoom/ACDF101EBCADF5D8C7D4F1830BB4D6DA.jpg,,/product/coloracao-permanente-vermelho-ousado-nº5.62/3600541043190
14250,Colaração Permanete Castanho Claro Dourado 5.3,5601036205596,11760,10071,1 unidade,Excellence,,"9,49€/Unidade","9,49€",https://cdn.intermarche.pt/pt/Content/images/boitmal/produit/zoom/E776E03B14AA4B542BF2A9571B5B02F4.jpg,,/product/colaracao-permanete-castanho-claro-dourado-5.3/5601036205596
4226,"Coloração tom sobre tom, semi permanente, preto, azul, nº210",3600520983783,11760,10071,1 unidade,Casting,,"9,99€/Unidade","9,99€",https://cdn.intermarche.pt/pt/Content/images/boitmal/produit/zoom/7F70B112B3BF4CA1D49AE56264C97621.jpg,,/product/coloracao-tom-sobre-tom-semi-permanente-preto-azul-nº210/3600520983783
4227,"Coloração tom sobre tom, semi permanente, nº400",3600520983813,11760,10071,1 unidade,Casting,,"9,99€/Unidade","9,99€",https://cdn.intermarche.pt/pt/Content/images/boitmal/produit/zoom/92F706D45D099C77A0297964A2A0E2EC.jpg,,/product/coloracao-tom-sobre-tom-semi-permanente-nº400/3600520983813
4234,"Coloração tom sobre tom, semi-permanente, chocolate, nº535",3600521188668,11760,10071,1 unidade,Casting,,"9,99€/Unidade","9,99€",https://cdn.intermarche.pt/pt/Content/images/boitmal/produit/zoom/FE16C14522C75749173DEA36BDC4757E.jpg,,/product/coloracao-tom-sobre-tom-semi-permanente-chocolate-nº535/3600521188668
42870,Root Retoucher louro claro,8410436289450,11760,10071,,Schwarzkopf,,"99,92€/L","11,99€",https://cdn.intermarche.pt/pt/Content/images/boitmal/produit/zoom/459274083D81A16462DDF694685E2EC2.jpg,,/product/root-retoucher-louro-claro/8410436289450
44467,Magic Retouch Spray Retoca Raízes Castanho Escuro,3600523683291,11760,10071,100 ml,L'oreal,,"99,90€/L","9,99€",https://cdn.intermarche.pt/pt/Content/images/boitmal/produit/zoom/DD5A067A792BD5F7AD10D31ADA7313D8.jpg,,/product/magic-retouch-spray-retoca-raizes-castanho-escuro/3600523683291
45011,Coloração permanente preto safira 1.10,3600542306997,11760,10071,1 unidade,Olia,,"11,99€/Unidade","11,99€",https://cdn.intermarche.pt/pt/Content/images/boitmal/produit/zoom/7EB091375AAB9B9EC49D8E95EFABFD6C.jpg,,/product/coloracao-permanente-preto-safira-1.10/3600542306997
4650,Coloração Permanente Azulado 2/8,4056800559176,11760,10071,,Bellady,,"6,99€/Unidade","6,99€",https://cdn.intermarche.pt/pt/Content/images/boitmal/produit/zoom/69C9FF3195771F95BBCF1019E03887CC.jpg,,/product/coloracao-permanente-azulado-2-ou-8/4056800559176
49186,Coloração Permanente Universal Nudes 4U Castanho,3600523999231,11760,10071,1 unidade,Excellence,,"11,99€/Unidade","11,99€",https://cdn.intermarche.pt/pt/Content/images/boitmal/produit/zoom/664648CE66D062F3888D5E1815D3013B.jpg,,/product/coloracao-permanente-universal-nudes-4u-castanho/3600523999231
49187,Coloração Permanente Universal Nudes 5U Castanho Claro,3600523999248,11760,10071,1 unidade,Excellence,,"11,99€/Unidade","11,99€",https://cdn.intermarche.pt/pt/Content/images/boitmal/produit/zoom/1365233FA2B0180AAED76DDA7E84F534.jpg,,/product/coloracao-permanente-universal-nudes-5u-castanho-claro/3600523999248
49188,Coloração Permanente Universal Nudes 7U Louro,3600523999279,11760,10071,1 unidade,Excellence,,"11,99€/Unidade","11,99€",https://cdn.intermarche.pt/pt/Content/images/boitmal/produit/zoom/918DBA1E6D79D6214B3FB898E88539D6.jpg,,/product/coloracao-permanente-universal-nudes-7u-louro/3600523999279
5072,"Coloração permanente, castanho avermelhado nº 36",5601036305203,11760,10071,1 unidade,Nutrisse,,"8,99€/Unidade","8,99€",https://cdn.intermarche.pt/pt/Content/images/boitmal/produit/zoom/8D3D6F961DC03B718E99C3CE8A125B23.jpg,,/product/coloracao-permanente-castanho-avermelhado-nº-36/5601036305203
5287,"Coloração Permanente Caju, 5/5",5601171103528,11760,10071,,Bellady,,"6,99€/Unidade","6,99€",https://cdn.intermarche.pt/pt/Content/images/boitmal/produit/zoom/6942932CBEF3AB91C58A4CF99B6F6326.jpg,,/product/coloracao-permanente-caju-5-ou-5/5601171103528
54423,"Coloração Retoca Raízes Spray Moreno 2, 75ml",3600524146153,11760,10071,,L'oreal,,"119,87€/L","8,99€",https://cdn.intermarche.pt/pt/Content/images/boitmal/produit/zoom/4CC784BD4050DE0D453E994A3A0C733A.jpg,,/product/coloracao-retoca-raizes-spray-moreno-2-75ml/3600524146153
54424,"Coloração Retoca Raízes Spray Castanho 3, 75ml",3600524146160,11760,10071,,L'oreal,,"119,87€/L","8,99€",https://cdn.intermarche.pt/pt/Content/images/boitmal/produit/zoom/001848211165DE7B721FF37B22F4204A.jpg,,/product/coloracao-retoca-raizes-spray-castanho-3-75ml/3600524146160
54425,"Coloração Retoca Raízes Spray Bege, 75ml",3600524146177,11760,10071,,L'oreal,,"119,87€/L","8,99€",https://cdn.intermarche.pt/pt/Content/images/boitmal/produit/zoom/2522F1A301326DCD44890A46F35CB441.jpg,,/product/coloracao-retoca-raizes-spray-bege-75ml/3600524146177
54426,"Coloração Retoca Raízes Spray Blond 5, 75ml",3600524146184,11760,10071,,L'oreal,,"119,87€/L","8,99€",https://cdn.intermarche.pt/pt/Content/images/boitmal/produit/zoom/489F3AD9B77FA31DD011F415F3E0E20A.jpg,,/product/coloracao-retoca-raizes-spray-blond-5-75ml/3600524146184
54496,"Coloração Semi-Permanente Color Sensation Castanho 4.0, 1un.",3600542563895,11760,10071,,Garnier,,"4,99€/Unidade","4,99€",https://cdn.intermarche.pt/pt/Content/images/boitmal/produit/zoom/0D741F1F88276739A917A0A2C5B43317.jpg,,/product/coloracao-semi-permanente-color-sensation-castanho-4.0-1un./3600542563895
6544,"Coloração permanente, louro, nº 70",8411300041754,11760,10071,1 unidade,Nutrisse,,"8,99€/Unidade","8,99€",https://cdn.intermarche.pt/pt/Content/images/boitmal/produit/zoom/1BDFBCB9EC9CF449E5B430BDE0A834F5.jpg,,/product/coloracao-permanente-louro-nº-70/8411300041754
6558,"Coloração permanente, louro claro nº8",8411300565076,11760,10071,1 unidade,Excellence,,"9,49€/Unidade","9,49€",https://cdn.intermarche.pt/pt/Content/images/boitmal/produit/zoom/BD3E36BC9006470E685DF71F8D3EF7E3.jpg,,/product/coloracao-permanente-louro-claro-nº8/8411300565076
6560,"Coloração permanente, louro dourado, nº7.3",8411300565113,11760,10071,1 unidade,Excellence,,"9,49€/Unidade","9,49€",https://cdn.intermarche.pt/pt/Content/images/boitmal/produit/zoom/9DC97409DFF7206E360851979C1CB370.jpg,,/product/coloracao-permanente-louro-dourado-nº7.3/8411300565113
5045,Laca fixação normal,5601036100068,11761,10071,Embalagem de 300 ml,Elnett,,"14,97€/L","4,49€",https://cdn.intermarche.pt/pt/Content/images/boitmal/produit/zoom/CF71A80B2D5B0669E397341C40ADCC26.jpg,2024-09-25T22:59:59.999Z,/product/laca-fixacao-normal/5601036100068
4231,"Laca para cabelos pintados , 300 ml",3600521095645,11761,10071,,Elnett,,"14,97€/L","4,49€",https://cdn.intermarche.pt/pt/Content/images/boitmal/produit/zoom/FBB45C5A63EBFC40EFD00D5220D628FF.jpg,2024-09-25T22:59:59.999Z,/product/laca-para-cabelos-pintados-300-ml/3600521095645
5044,Laca fixação forte,5601036100051,11761,10071,Embalagem de 300 ml,Elnett,,"14,97€/L","4,49€",https://cdn.intermarche.pt/pt/Content/images/boitmal/produit/zoom/11A362762302E063A7B77ACB80B4C8EE.jpg,2024-09-25T22:59:59.999Z,/product/laca-fixacao-forte/5601036100051
5046,Laca fixação extra forte,5601036100099,11761,10071,Embalagem de 300 ml,Elnett,,"14,97€/L","4,49€",https://cdn.intermarche.pt/pt/Content/images/boitmal/produit/zoom/C490658F7B66B0DC41F25015CE1A41A7.jpg,2024-09-25T22:59:59.999Z,/product/laca-fixacao-extra-forte/5601036100099
12877,"Espuma cabelo, hidra caracóis",3600541219823,11761,10071,Embalagem de 200 ml,Fructis Style,,"24,95€/L","4,99€",https://cdn.intermarche.pt/pt/Content/images/boitmal/produit/zoom/AAC6D618794B322ACAFBE0F4C79F3168.jpg,,/product/espuma-cabelo-hidra-caracois/3600541219823
51504,Espuma Caracóis Perfeitos,8006540346976,11761,10071,Embalagem de 200 ml,Pantene,,"19,95€/L","3,99€",https://cdn.intermarche.pt/pt/Content/images/boitmal/produit/zoom/25BB7B1758CE71AF8E488B2CC7F521DF.jpg,,/product/espuma-caracois-perfeitos/8006540346976
12796,"Gel para o cabelo, pasta remix",3600521127490,11761,10071,Embalagem de 150 ml,Studio Line,,"43,27€/L","6,49€",https://cdn.intermarche.pt/pt/Content/images/boitmal/produit/zoom/5927CAD4B1B3370EB0203BA9CB46FEBC.jpg,,/product/gel-para-o-cabelo-pasta-remix/3600521127490
3897,"Espuma de cabelo, volume",3250391217588,11761,10071,Embalagem de 200 ml,Labell,,"5,95€/L","1,19€",https://cdn.intermarche.pt/pt/Content/images/boitmal/produit/zoom/0D2F765564CD67F5CF817DBA26187353.jpg,,/product/espuma-de-cabelo-volume/3250391217588
4303,"Espuma de cabelo, ondas&caracóis",3600540225092,11761,10071,Embalagem de 200 ml,Grafic,,"24,45€/L","4,89€",https://cdn.intermarche.pt/pt/Content/images/boitmal/produit/zoom/26D19519ECA17BDDC5964714FE8011CF.jpg,,/product/espuma-de-cabelo-ondas&caracois/3600540225092
45772,Laca fixação normal,0000050991297,11761,10071,Embalagem de 75 ml,Elnett,,"53,20€/L","3,99€",https://cdn.intermarche.pt/pt/Content/images/boitmal/produit/zoom/EA6C30B81636943558F89CDAFA560F6E.jpg,,/product/laca-fixacao-normal/0000050991297
51505,Espuma Volume Perfeito,8006540347058,11761,10071,Embalagem de 200 ml,Pantene,,"24,95€/L","4,99€",https://cdn.intermarche.pt/pt/Content/images/boitmal/produit/zoom/B8105F066A2EF8F54877704981FE9A80.jpg,,/product/espuma-volume-perfeito/8006540347058
7417,Laca fixação normal,3250390593225,11761,10071,Embalagem de 300 ml,Labell,,"4,97€/L","1,49€",https://cdn.intermarche.pt/pt/Content/images/boitmal/produit/zoom/CB509C19564FAEB9AF58368FE8189014.jpg,,/product/laca-fixacao-normal/3250390593225
742,Laca Fixação Flexível,8006540348925,11761,10071,Embalagem de 250 ml,Pantene,,"19,96€/L","4,99€",https://cdn.intermarche.pt/pt/Content/images/boitmal/produit/zoom/73B5C91C3C3278D6DBDCC4E421A05C5A.jpg,,/product/laca-fixacao-flexivel/8006540348925
12797,"Cera cabelo, indestructible",3600521329900,11761,10071,Embalagem de 75 ml,Studio Line,,"79,87€/L","5,99€",https://cdn.intermarche.pt/pt/Content/images/boitmal/produit/zoom/578774A946ED78330A1DDB88DFA0E10C.jpg,,/product/cera-cabelo-indestructible/3600521329900
12846,"Gel para o cabelo, wet shine",3600540582775,11761,10071,Embalagem de 200 ml,Fructis Style,,"22,45€/L","4,49€",https://cdn.intermarche.pt/pt/Content/images/boitmal/produit/zoom/7A42017FE37EA9204C5008D7B7B5E02F.jpg,,/product/gel-para-o-cabelo-wet-shine/3600540582775
12873,"Gel cabelo, hard cement",3600541193161,11761,10071,Embalagem de 200 ml,Fructis Style,,"24,95€/L","4,99€",https://cdn.intermarche.pt/pt/Content/images/boitmal/produit/zoom/7A0FF139EE123885BCDDA2CE3DCC4C23.jpg,,/product/gel-cabelo-hard-cement/3600541193161
15549,Mousse cabelo caracois,3250391217670,11761,10071,Embalagem de 200ml,Labell,,"5,95€/L","1,19€",https://cdn.intermarche.pt/pt/Content/images/boitmal/produit/zoom/82A429C5AEABC8FF3C09D2755394DEE9.jpg,,/product/mousse-cabelo-caracois/3250391217670
4318,"Gel cabelo, style, extra forte",3600540582768,11761,10071,Embalagem de 200 ml,Fructis Style,,"24,95€/L","4,99€",https://cdn.intermarche.pt/pt/Content/images/boitmal/produit/zoom/B3CCD5E5FB7A474C6842C8B75BD541D1.jpg,,/product/gel-cabelo-style-extra-forte/3600540582768
43893,"Espuma Caracóis Botanique, 200 ml",8717163639573,11761,10071,,Tresemmé,,"23,95€/L","4,79€",https://cdn.intermarche.pt/pt/Content/images/boitmal/produit/zoom/0E9D33FBA2D93A4BFD13FAF87CC49007.jpg,,/product/espuma-caracois-botanique-200-ml/8717163639573
48554,Laca cabelos normais,8710522741993,11761,10071,300 ml,Sunsilk,,"19,97€/L","5,99€",https://cdn.intermarche.pt/pt/Content/images/boitmal/produit/zoom/35A932E0EDE482D32376B69F5B175742.jpg,,/product/laca-cabelos-normais/8710522741993
49661,Gel Cabelo Ultra Fixante,5601036208382,11761,10071,Embalagem de 150 ml,Studio Line,,"39,93€/L","5,99€",https://cdn.intermarche.pt/pt/Content/images/boitmal/produit/zoom/0F3F1BFEAA16DB106AAC74C3F92857EF.jpg,,/product/gel-cabelo-ultra-fixante/5601036208382
51506,Espuma Ondas Perfeitas,8006540349205,11761,10071,Embalagem de 200 ml,Pantene,,"24,95€/L","4,99€",https://cdn.intermarche.pt/pt/Content/images/boitmal/produit/zoom/B13BB13473B2D8222DEDE684BD6CF559.jpg,,/product/espuma-ondas-perfeitas/8006540349205
52303,Laca Cabelo Fixação Ultra Forte,8006540346938,11761,10071,Embalagem de 250ml,Pantene,,"19,96€/L","4,99€",https://cdn.intermarche.pt/pt/Content/images/boitmal/produit/zoom/6C5017F093438E86E09997A31556E1FB.jpg,,/product/laca-cabelo-fixacao-ultra-forte/8006540346938
8328,"Gel cabelo, wet, efeito molhado",5601036202892,11761,10071,Embalagem de 150 ml,Studio Line,,"39,93€/L","5,99€",https://cdn.intermarche.pt/pt/Content/images/boitmal/produit/zoom/142BA4BD79BF9BC10FDB5FE8781DDB64.jpg,,/product/gel-cabelo-wet-efeito-molhado/5601036202892
4224,"Gel para o cabelo, indestructible",3600520921310,11761,10071,Embalagem de 150 ml,Studio Line,,"39,93€/L","5,99€",https://cdn.intermarche.pt/pt/Content/images/boitmal/produit/zoom/C21BC7E43C984D3DBA130AF9AA051D00.jpg,,/product/gel-para-o-cabelo-indestructible/3600520921310
10398,Laca fixação forte,8411300746000,11761,10071,Embalagem de 75 ml,Elnett,,"53,20€/L","3,99€",https://cdn.intermarche.pt/pt/Content/images/boitmal/produit/zoom/CE44F5869701F93F8EEDC33F3EAA0D7C.jpg,,/product/laca-fixacao-forte/8411300746000
5050,"Gel cabelo, invisible, magic fix",5601036206036,11761,10071,Embalagem de 150 ml,Studio Line,,"39,93€/L","5,99€",https://cdn.intermarche.pt/pt/Content/images/boitmal/produit/zoom/E0AD1D4EAD22763F100FF730995C8387.jpg,,/product/gel-cabelo-invisible-magic-fix/5601036206036
52304,Laca Cabelo Volume Perfeito,8006540346891,11761,10071,Embalagem de 250ml,Pantene,,"19,96€/L","4,99€",https://cdn.intermarche.pt/pt/Content/images/boitmal/produit/zoom/F8E9FC63BE4564904C0F0354FFD7C7B9.jpg,,/product/laca-cabelo-volume-perfeito/8006540346891
15550,"Escova de cabelo, esqueleto",3250391637096,11762,10071,Embalagem com 1 unidade,Labell,,"1,99€/Unidade","1,99€",https://cdn.intermarche.pt/pt/Content/images/boitmal/produit/zoom/136EA745F91B1F1E56FDDF6D3C01E646.jpg,,/product/escova-de-cabelo-esqueleto/3250391637096
23316,"Escova de cabelo, brushing média",3250391733774,11762,10071,Uma unidade,Labell,,"4,69€/Unidade","4,69€",https://cdn.intermarche.pt/pt/Content/images/boitmal/produit/zoom/02948173D88EDF5426F36A7E8A623847.jpg,,/product/escova-de-cabelo-brushing-media/3250391733774
19077,"Escova de cabelo, Pontas Nylon Premium",3250391733736,11762,10071,Uma unidade,Labell,,"5,99€/Unidade","5,99€",https://cdn.intermarche.pt/pt/Content/images/boitmal/produit/zoom/7B3C254F58762373BDD97D9ABCB75C45.jpg,,/product/escova-de-cabelo-pontas-nylon-premium/3250391733736
23315,"Escova de cabelo, pneumática javali",3250391733712,11762,10071,Uma unidade,Labell,,"5,99€/Unidade","5,99€",https://cdn.intermarche.pt/pt/Content/images/boitmal/produit/zoom/1B07C9A9833DB2CEB1A3E4BA190E0DFA.jpg,,/product/escova-de-cabelo-pneumatica-javali/3250391733712
54588,"Pente Desembaraçador Fibras Naturais, 1 un.",5604260331543,11762,10071,,Labell,,"1,99€/Unidade","1,99€",https://cdn.intermarche.pt/pt/Content/images/boitmal/produit/zoom/91A8EDFFB93593B1E579763BC0FD2B05.jpg,,/product/pente-desembaracador-fibras-naturais-1-un./5604260331543
54589,"Mola Média Fibras Naturais, 1un.",5604260331567,11762,10071,,Labell,,"1,99€/Unidade","1,99€",https://cdn.intermarche.pt/pt/Content/images/boitmal/produit/zoom/708236169CF9BA1AC5F601D79F10580F.jpg,,/product/mola-media-fibras-naturais-1un./5604260331567
54590,"Mola Grande Fibras Naturais, 1un.",5604260331574,11762,10071,,Labell,,"1,99€/Unidade","1,99€",https://cdn.intermarche.pt/pt/Content/images/boitmal/produit/zoom/C974CC244611F9A67686561C39D056B6.jpg,,/product/mola-grande-fibras-naturais-1un./5604260331574
5939,Acetona,5604260264216,11764,10072,Embalagem de 250 ml,PorSi,,"4,76€/L","1,19€",https://cdn.intermarche.pt/pt/Content/images/boitmal/produit/zoom/F5A62C0E8C0D87BD67AFD8D663A0F8C1.jpg,,/product/acetona/5604260264216
45453,Acetona perfumada com doseador,5604260275168,11764,10072,Embalagem de 200 ml,PorSi,,"9,45€/L","1,89€",https://cdn.intermarche.pt/pt/Content/images/boitmal/produit/zoom/E31ED8DCFCE5104E7C810B158D71ABDE.jpg,,/product/acetona-perfumada-com-doseador/5604260275168
40580,Acetona,5604260275175,11764,10072,Embalagem de 200 ml,PorSi,,"9,45€/L","1,89€",https://cdn.intermarche.pt/pt/Content/images/boitmal/produit/zoom/F943C2712BC3D207531A90A253B6D8DC.jpg,,/product/acetona/5604260275175
51577,"Removedor de verniz sem acetona, 200 ml",5604260326341,11764,10072,,PorSi,,"7,95€/L","1,59€",https://cdn.intermarche.pt/pt/Content/images/boitmal/produit/zoom/60DF860D2960663B4AFFD6ED0E3CAA88.jpg,,/product/removedor-de-verniz-sem-acetona-200-ml/5604260326341
9375,Acetona,5604260015252,11764,10072,Embalagem de 60 ml,PorSi,,"14,83€/L","0,89€",https://cdn.intermarche.pt/pt/Content/images/boitmal/produit/zoom/2C696DB0CA2A8DF441AF8E0C1A4F35D9.jpg,,/product/acetona/5604260015252
18170,Remov. de Verniz com Esponja,3250391825059,11764,10072,Embalagem de 75 ml,Labell,,"53,20€/L","3,99€",https://cdn.intermarche.pt/pt/Content/images/boitmal/produit/zoom/63EC9D4BC918A0B5B534A1CEF938F473.jpg,,/product/remov.-de-verniz-com-esponja/3250391825059
53716,Removedor de Cutículas Abacate,5907609333506,11764,10072,Embalagem de 12ml,Eveline,,"482,50€/L","5,79€",https://cdn.intermarche.pt/pt/Content/images/boitmal/produit/zoom/36EDAA7660C92A779530212834168436.jpg,,/product/removedor-de-cuticulas-abacate/5907609333506
24509,Água micelar 3 em 1 peles sensíveis,4005900342980,11765,10072,Embalagem com 400 ml,Nivea,,"11,13€/L","4,45€",https://cdn.intermarche.pt/pt/Content/images/boitmal/produit/zoom/DF8878D7BAC36CD7CA9EC83DBC76078A.jpg,2024-09-25T22:59:59.999Z,/product/agua-micelar-3-em-1-peles-sensiveis/4005900342980
52186,"Gel de Limpeza, 150 ml",4005900973726,11765,10072,,Nivea,,"32,27€/L","4,84€",https://cdn.intermarche.pt/pt/Content/images/boitmal/produit/zoom/097BCAE5809DC1D7456867518320AC5D.jpg,2024-09-25T22:59:59.999Z,/product/gel-de-limpeza-150-ml/4005900973726
16283,Demaquilhante Dupla Ação,4005900100962,11765,10072,1 embalagem de 125g,Nivea,,"3,74€/Unidade","3,74€",https://cdn.intermarche.pt/pt/Content/images/boitmal/produit/zoom/1357091F139443F547C90D6EF3ECDE9D.jpg,2024-09-25T22:59:59.999Z,/product/demaquilhante-dupla-acao/4005900100962
4509,Leite de limpeza,4005808182534,11765,10072,Embalagem de 200 ml,Nivea,,"20,95€/L","4,19€",https://cdn.intermarche.pt/pt/Content/images/boitmal/produit/zoom/9E0C4DFA7702117EE979B76A6363FD18.jpg,2024-09-25T22:59:59.999Z,/product/leite-de-limpeza/4005808182534
4510,"Tónico suave, 200 ml",4005808182688,11765,10072,,Nivea,,"20,95€/L","4,19€",https://cdn.intermarche.pt/pt/Content/images/boitmal/produit/zoom/82519D9021875F3176E8FD2820D7CCC3.jpg,2024-09-25T22:59:59.999Z,/product/tonico-suave-200-ml/4005808182688
4557,Gel Exfoliante Anti-Impurezas,4005900079008,11765,10072,Embalagem de 150 ml,Nivea,,"34,60€/L","5,19€",https://cdn.intermarche.pt/pt/Content/images/boitmal/produit/zoom/692041A6342A8F6B14CD74B62E9B8397.jpg,2024-09-25T22:59:59.999Z,/product/gel-exfoliante-anti-impurezas/4005900079008
45880,Barra de Limpeza Facial Refrescante Naturally Clean,4005900835185,11765,10072,Embalagem de 75 g,Nivea,,"64,53€/Kg","4,84€",https://cdn.intermarche.pt/pt/Content/images/boitmal/produit/zoom/A08E732AB84D05C07D3D7DCE230F9AA9.jpg,2024-09-25T22:59:59.999Z,/product/barra-de-limpeza-facial-refrescante-naturally-clean/4005900835185
52183,"Derma Skin Clear Exfolinate, 150 ml",4005900976666,11765,10072,,Nivea,,"34,60€/L","5,19€",https://cdn.intermarche.pt/pt/Content/images/boitmal/produit/zoom/23D6B8461DBF04635A56F99F4C4B9426.jpg,2024-09-25T22:59:59.999Z,/product/derma-skin-clear-exfolinate-150-ml/4005900976666
52184,"Derma Skin Clear Peeling Exfoliante da Noite, 40 ml",4005900975799,11765,10072,,Nivea,,"146,00€/L","5,84€",https://cdn.intermarche.pt/pt/Content/images/boitmal/produit/zoom/DC0D9B8A076329AB706649E71C3BA6D8.jpg,2024-09-25T22:59:59.999Z,/product/derma-skin-clear-peeling-exfoliante-da-noite-40-ml/4005900975799
7634,"Clear up srtip, com 6 unidades z. t",4005808190195,11765,10072,1 embalagem,Nivea,,"5,19€/Unidade","5,19€",https://cdn.intermarche.pt/pt/Content/images/boitmal/produit/zoom/51D4C73B944DBA0691B3C52164CC5E93.jpg,2024-09-25T22:59:59.999Z,/product/clear-up-srtip-com-6-unidades-z.-t/4005808190195
40863,Toalhitas desmaquilhantes bio 25 unidades,3250392739669,11765,10072,Uma embalagem,Labell Bio,,"1,49€/Unidade","1,49€",https://cdn.intermarche.pt/pt/Content/images/boitmal/produit/zoom/05A927ED28BE1CA78F900B5F112E25CD.jpg,,/product/toalhitas-desmaquilhantes-bio-25-unidades/3250392739669
23611,"Creme esfoliante para rosto, pele normal/mista",3250391548613,11765,10072,Embalagem de 75 ml,Labell,,"37,20€/L","2,79€",https://cdn.intermarche.pt/pt/Content/images/boitmal/produit/zoom/38E17C007244F81FDD491CAC239B7334.jpg,,/product/creme-esfoliante-para-rosto-pele-normal-ou-mista/3250391548613
15763,Água Micelar c/doseador,3250392055837,11765,10072,Embalagem de 500ml,Labell,,"6,58€/L","3,29€",https://cdn.intermarche.pt/pt/Content/images/boitmal/produit/zoom/5131AF6F25C50C42E9D9217BE204E603.jpg,,/product/agua-micelar-c-ou-doseador/3250392055837
27932,"Mascara Negra Carvão Puro, 1 un.",3600542097123,11765,10072,,Garnier,,"2,99€/Unidade","2,99€",https://cdn.intermarche.pt/pt/Content/images/boitmal/produit/zoom/90DB1481C2BEF10C569D995ED2FE60B5.jpg,,/product/mascara-negra-carvao-puro-1-un./3600542097123
10991,Creme de corpo exfoliante,3250391548644,11765,10072,Embalagem de 150 ml,Labell,,"21,93€/L","3,29€",https://cdn.intermarche.pt/pt/Content/images/boitmal/produit/zoom/D4B94A7CDB4C51D484BECB732AAF35C1.jpg,,/product/creme-de-corpo-exfoliante/3250391548644
20141,Gel de Limpeza Refrescante,3250390242758,11765,10072,Embalagem de 150 ml,Labell,,"9,93€/L","1,49€",https://cdn.intermarche.pt/pt/Content/images/boitmal/produit/zoom/3E99F73FE91A21149908A209AFA7CF96.jpg,,/product/gel-de-limpeza-refrescante/3250390242758
38278,Creme Q10 Anti-Rugas de Noite,4005900676054,11765,10072,50 ml,Nivea,,"259,80€/L","12,99€",https://cdn.intermarche.pt/pt/Content/images/boitmal/produit/zoom/5A02542CB83F734B7AA3C746DE00D053.jpg,,/product/creme-q10-anti-rugas-de-noite/4005900676054
4512,Creme de dia nutritivo para peles normais,4005808192045,11765,10072,Embalagem de 50 ml,Nivea,,"119,80€/L","5,99€",https://cdn.intermarche.pt/pt/Content/images/boitmal/produit/zoom/B31FC43250D3D4A813A216B02CBCCC65.jpg,,/product/creme-de-dia-nutritivo-para-peles-normais/4005808192045
49664,Máscara Anti Olheiras,3600542154741,11765,10072,,Garnier,,"2,99€/Unidade","2,99€",https://cdn.intermarche.pt/pt/Content/images/boitmal/produit/zoom/39EE4DC037C2B396DD351128468C978A.jpg,,/product/mascara-anti-olheiras/3600542154741
7537,"Água facial micelar , 400 ml",3600541358485,11765,10072,,Garnier,,"17,48€/L","6,99€",https://cdn.intermarche.pt/pt/Content/images/boitmal/produit/zoom/DF345BFB935247CE9B92646755C19746.jpg,,/product/agua-facial-micelar-400-ml/3600541358485
10932,Creme de dia para pele seca,3250390340669,11765,10072,Embalagem de 50 ml,Labell,,"39,80€/L","1,99€",https://cdn.intermarche.pt/pt/Content/images/boitmal/produit/zoom/42D6BF9265EF885F9FA1A60D910CE010.jpg,,/product/creme-de-dia-para-pele-seca/3250390340669
10933,Creme de dia para pele normal,3250390340683,11765,10072,Embalagem de 50 ml,Labell,,"39,80€/L","1,99€",https://cdn.intermarche.pt/pt/Content/images/boitmal/produit/zoom/9D419F0F71527D1D3A6775B3C6A3CE01.jpg,,/product/creme-de-dia-para-pele-normal/3250390340683
18048,Creme Active Antirrugas Dia,3600523183845,11765,10072,Embalagem de 35+50 ml,L'oreal,,"117,53€/L","9,99€",https://cdn.intermarche.pt/pt/Content/images/boitmal/produit/zoom/A5D74BADF8C4A26067901625610E2908.jpg,,/product/creme-active-antirrugas-dia/3600523183845
18458,"Creme Dia Age Perfect Golden Age, 50 ml",3600523216642,11765,10072,,L'oreal,,"279,80€/L","13,99€",https://cdn.intermarche.pt/pt/Content/images/boitmal/produit/zoom/990AA2FEB34271F908A842B499067263.jpg,,/product/creme-dia-age-perfect-golden-age-50-ml/3600523216642
20591,Creme de Rosto Antirrugas Q10 Plus SPF30,4005900288479,11765,10072,Embalagem de 50 ml,Nivea,,"319,80€/L","15,99€",https://cdn.intermarche.pt/pt/Content/images/boitmal/produit/zoom/8BC2CBB3B1C31D5C37FF9D0947BE2CC5.jpg,,/product/creme-de-rosto-antirrugas-q10-plus-spf30/4005900288479
23501,"Máscara hidratante, pele desidratada, 1 unidade",3600541945043,11765,10072,,Garnier,,"2,99€/Unidade","2,99€",https://cdn.intermarche.pt/pt/Content/images/boitmal/produit/zoom/1519B6D8E232DAB23E0C7CA0A7A7A1EA.jpg,,/product/mascara-hidratante-pele-desidratada-1-unidade/3600541945043
24590,"Água micelar oil, 400 ml",3600541744523,11765,10072,,Garnier,,"17,48€/L","6,99€",https://cdn.intermarche.pt/pt/Content/images/boitmal/produit/zoom/74E4DDF6FD6EB70E886BED994E6BEFBF.jpg,,/product/agua-micelar-oil-400-ml/3600541744523
24647,"Creme hidratante Vitamina C, 50 ml",3600542453127,11765,10072,,Garnier,,"179,80€/L","8,99€",https://cdn.intermarche.pt/pt/Content/images/boitmal/produit/zoom/F72F3EFA3CAC5341834B8BD2127236F5.jpg,,/product/creme-hidratante-vitamina-c-50-ml/3600542453127
33133,"Bandas anti pontos negros, embalagem c/ 4 un.",3600542154666,11765,10072,,Garnier,,"6,99€/Unidade","6,99€",https://cdn.intermarche.pt/pt/Content/images/boitmal/produit/zoom/CBA6B2DF1DA3FEA9F10807126D7FAD1D.jpg,,/product/bandas-anti-pontos-negros-embalagem-c-ou-4-un./3600542154666
35261,Água de micelar bio rosto e olhos,3250392149611,11765,10072,Embalagem de 250 ml,Labell Bio,,"10,76€/L","2,69€",https://cdn.intermarche.pt/pt/Content/images/boitmal/produit/zoom/585771A6B2DE42B2F660814CA524848B.jpg,,/product/agua-de-micelar-bio-rosto-e-olhos/3250392149611
4346,Aperfeiçoador BB Cream Claro,3600541116382,11765,10072,Embalagem de 50 ml,Garnier,,"199,80€/L","9,99€",https://cdn.intermarche.pt/pt/Content/images/boitmal/produit/zoom/84E64EF43D523420BD77C440DB5039E9.jpg,,/product/aperfeicoador-bb-cream-claro/3600541116382
4542,Gel limpeza refrescante,4005808669707,11765,10072,Embalagem de 150 ml,Nivea,,"46,60€/L","6,99€",https://cdn.intermarche.pt/pt/Content/images/boitmal/produit/zoom/667858DE76AC9AC374B2370AA37ACD1C.jpg,,/product/gel-limpeza-refrescante/4005808669707
45735,Creme Dia Anti Manchas FP50,4005900782892,11765,10072,40 ml,Nivea,,"674,75€/L","26,99€",https://cdn.intermarche.pt/pt/Content/images/boitmal/produit/zoom/1CF1BD223B373C936ACDA9D6A38FA80E.jpg,,/product/creme-dia-anti-manchas-fp50/4005900782892
49157,Máscara Vitamina C,3600542427555,11765,10072,1 unidade,Garnier,,"2,99€/Unidade","2,99€",https://cdn.intermarche.pt/pt/Content/images/boitmal/produit/zoom/7235CB4A448FD57A318D42CE4146C894.jpg,,/product/mascara-vitamina-c/3600542427555
51102,"Sérum Rosto Noite Antirrugas Ultra Regenerador Q10, 30 ml",4005900892829,11765,10072,,Nivea,,"566,33€/L","16,99€",https://cdn.intermarche.pt/pt/Content/images/boitmal/produit/zoom/1AF29F24F75A867D80C05C0C49ED587A.jpg,,/product/serum-rosto-noite-antirrugas-ultra-regenerador-q10-30-ml/4005900892829
51890,"Creme de Noite Cellular Filler Extra Firmeza , 50 ml",4005900966292,11765,10072,,Nivea,,"399,80€/L","19,99€",https://cdn.intermarche.pt/pt/Content/images/boitmal/produit/zoom/313D31B3E9E12C7AF9F20655051CA454.jpg,,/product/creme-de-noite-cellular-filler-extra-firmeza-50-ml/4005900966292
5303,Gel facial exfoliante,5601182502020,11765,10072,Embalagem de 150 ml,Clean&Clear,,"46,60€/L","6,99€",https://cdn.intermarche.pt/pt/Content/images/boitmal/produit/zoom/84940620A6364D349BA49E12C0E1731B.jpg,,/product/gel-facial-exfoliante/5601182502020
53617,Água Micelar Tudo em 1,3600542081160,11765,10072,Embalagem de 100ml,Garnier,,"29,90€/L","2,99€",https://cdn.intermarche.pt/pt/Content/images/boitmal/produit/zoom/31C85FC4085D68BC306DC975E878C4A4.jpg,,/product/agua-micelar-tudo-em-1/3600542081160
53651,Sérum Facial Cellular Luminous 630º Anti-idade e Antimanchas,4006000013664,11765,10072,Embalagem de 30ml,Nivea,,"733,00€/L","21,99€",https://cdn.intermarche.pt/pt/Content/images/boitmal/produit/zoom/90E49908CB375CEA00D7B59DBD6EC405.jpg,,/product/serum-facial-cellular-luminous-630º-anti-idade-e-antimanchas/4006000013664
6564,Creme anti-rugas de dia revitalift,8411300657009,11765,10072,Embalagem de 50 ml,L'oreal,,"299,80€/L","14,99€",https://cdn.intermarche.pt/pt/Content/images/boitmal/produit/zoom/68D18059EDD51719125049C57C7D905E.jpg,,/product/creme-anti-rugas-de-dia-revitalift/8411300657009
53584,Máscara Colossal Curl Bounce Very Black,0000030150546,11766,10072,Embalagem de 1 unidades,Maybelline,,"10,99€/Unidade","10,99€",https://cdn.intermarche.pt/pt/Content/images/boitmal/produit/zoom/A037AA905D061AC81B3E299FC6F1BB59.jpg,,/product/mascara-colossal-curl-bounce-very-black/0000030150546
25328,Máscara Colossal Big Shot,3600531377441,11766,10072,1 un.,Maybelline,,"8,99€/Unidade","8,99€",https://cdn.intermarche.pt/pt/Content/images/boitmal/produit/zoom/997B0C140A979866976B2EEB547CC1C9.jpg,,/product/mascara-colossal-big-shot/3600531377441
27482,Sombra Tatto Brow 1,8411300710315,11766,10072,1 un.,Maybelline,,"12,99€/Unidade","12,99€",https://cdn.intermarche.pt/pt/Content/images/boitmal/produit/zoom/960230C105BECF64F527F87352C09656.jpg,,/product/sombra-tatto-brow-1/8411300710315
27504,Sombra Tatto Brow 2,8411300710384,11766,10072,1 un.,Maybelline,,"12,99€/Unidade","12,99€",https://cdn.intermarche.pt/pt/Content/images/boitmal/produit/zoom/669AFAF9221FB5AB34B9D261978EED7D.jpg,,/product/sombra-tatto-brow-2/8411300710384
27686,Eyeliner Glame Eyes Liquid 001,5605667001626,11766,10072,1 un.,Rimmel,,"6,99€/Unidade","6,99€",https://cdn.intermarche.pt/pt/Content/images/boitmal/produit/zoom/9F0CE9E00E87AE74954020DDDE28E13B.jpg,,/product/eyeliner-glame-eyes-liquid-001/5605667001626
29332,Fit Me Concealer 25 ME,8411300760198,11766,10072,1 un.,Maybelline,,"7,49€/Unidade","7,49€",https://cdn.intermarche.pt/pt/Content/images/boitmal/produit/zoom/BDC9A0143A97CFC0920FEB3D904ACBC3.jpg,,/product/fit-me-concealer-25-me/8411300760198
30065,Base de Rosto Fit Me Matte 115,8411300531958,11766,10072,1 un.,Maybelline,,"8,99€/Unidade","8,99€",https://cdn.intermarche.pt/pt/Content/images/boitmal/produit/zoom/F23374C18E37EC3F5AE89ADC3CB59C9E.jpg,,/product/base-de-rosto-fit-me-matte-115/8411300531958
33148,Base fit me matte 130,8411300835520,11766,10072,1 un.,Maybelline,,"10,29€/Unidade","10,29€",https://cdn.intermarche.pt/pt/Content/images/boitmal/produit/zoom/6C769EA23AD89B986BB2F20FD7A8F62B.jpg,,/product/base-fit-me-matte-130/8411300835520
52777,"Creme Dia Anti Age FPS15, 50 ml",5604260325580,11766,10072,,Labell,,"99,80€/L","4,99€",https://cdn.intermarche.pt/pt/Content/images/boitmal/produit/zoom/80041E0C414AC6A4696AC991241FFDE4.jpg,,/product/creme-dia-anti-age-fps15-50-ml/5604260325580
52778,"Creme Noite Anti Age Regenerador FPS15, 50 ml",5604260325597,11766,10072,,Labell,,"99,80€/L","4,99€",https://cdn.intermarche.pt/pt/Content/images/boitmal/produit/zoom/F448C4AA51A723BFAB5A56505A9886CC.jpg,,/product/creme-noite-anti-age-regenerador-fps15-50-ml/5604260325597
52779,"Serum Anti Age, 50 ml",5604260325603,11766,10072,,Labell,,"99,80€/L","4,99€",https://cdn.intermarche.pt/pt/Content/images/boitmal/produit/zoom/57F7C7DBD656D47207A7E7227AC56E06.jpg,,/product/serum-anti-age-50-ml/5604260325603
53419,Máscara Falsies Lash Lift Black,3600531584702,11766,10072,Embalagem de 1 unidades,Maybelline,,"12,99€/Unidade","12,99€",https://cdn.intermarche.pt/pt/Content/images/boitmal/produit/zoom/30FBE71818AB03E687DD2B888879C084.jpg,,/product/mascara-falsies-lash-lift-black/3600531584702
53581,Base Líquida Nº 31 Warm Nude,8445098145233,11766,10072,,Maybelline,,"12,49€/Unidade","12,49€",https://cdn.intermarche.pt/pt/Content/images/boitmal/produit/zoom/F0809B124EA7A9D16ACFFCC3CA27EC3E.jpg,,/product/base-liquida-nº-31-warm-nude/8445098145233
54552,"Creme Contorno Olhos Antirugas Q10, 15ml",5604260325573,11766,10072,,Labell,,"132,67€/L","1,99€",https://cdn.intermarche.pt/pt/Content/images/boitmal/produit/zoom/969EBFE785BE7278C401C74E26DC4920.jpg,,/product/creme-contorno-olhos-antirugas-q10-15ml/5604260325573
48515,Pó Compacto Classic Beige 006,5605667001411,11766,10072,1 unidade,Rimmel,,"9,99€/Unidade","9,99€",https://cdn.intermarche.pt/pt/Content/images/boitmal/produit/zoom/FCC3EF83539BDA0E361DB0B90D4637BD.jpg,,/product/po-compacto-classic-beige-006/5605667001411
53492,Corretor Anti-Olheiras Hide the Blemish 004 Beige,5605667001343,11766,10072,,Rimmel,,"7,99€/Unidade","7,99€",https://cdn.intermarche.pt/pt/Content/images/boitmal/produit/zoom/1B00F901E6D12FE530F1EE29FB2AAC92.jpg,,/product/corretor-anti-olheiras-hide-the-blemish-004-beige/5605667001343
53493,Corretor Anti-Olheiras Hide the Blemish 103 Soft Honey,5605667001350,11766,10072,,Rimmel,,"7,99€/Unidade","7,99€",https://cdn.intermarche.pt/pt/Content/images/boitmal/produit/zoom/C2B63B56A2AEE2EBB2CD58EB24653289.jpg,,/product/corretor-anti-olheiras-hide-the-blemish-103-soft-honey/5605667001350
53495,Lápis para Sobrancelhas 001 Dark Brown,5605667001640,11766,10072,,Rimmel,,"5,99€/Unidade","5,99€",https://cdn.intermarche.pt/pt/Content/images/boitmal/produit/zoom/936FE3E7F9913E05FDE766037A57D431.jpg,,/product/lapis-para-sobrancelhas-001-dark-brown/5605667001640
23153,Lip Gloss #500,5605667007796,11767,10072,1 unidade,Rimmel,,"9,99€/Unidade","9,99€",https://cdn.intermarche.pt/pt/Content/images/boitmal/produit/zoom/10BE16BF3587DF56B2D98C1F05B45E80.jpg,,/product/lip-gloss-#500/5605667007796
30368,Baton Superstay Matte INK 25,8411300710124,11767,10072,1 un.,Maybelline,,"7,84€/Unidade","7,84€",https://cdn.intermarche.pt/pt/Content/images/boitmal/produit/zoom/E8572481C9773AAC22F63B0D9C7D9BBC.jpg,,/product/baton-superstay-matte-ink-25/8411300710124
44575,Baton Superstay Matte INK 20,8411300689529,11767,10072,1 un.,Maybelline,,"8,99€/Unidade","8,99€",https://cdn.intermarche.pt/pt/Content/images/boitmal/produit/zoom/704003A7DE177F8D115A87EA0F6EDDC6.jpg,,/product/baton-superstay-matte-ink-20/8411300689529
45569,Baton Nº 373 Mauve Color Sensational,8411300884009,11767,10072,Embalagem de 4 g,Maybelline,,"2997,50€/Kg","11,99€",https://cdn.intermarche.pt/pt/Content/images/boitmal/produit/zoom/96210B1C218E4FC550D723A8AF838CA2.jpg,,/product/baton-nº-373-mauve-color-sensational/8411300884009
54303,"Baton com Extracto de Girassol FP 30, 55ml",4006000005829,10530,10074,,Labello,,"54,36€/L","2,99€",https://cdn.intermarche.pt/pt/Content/images/boitmal/produit/zoom/C93DB0983AB2857EFE7676DA333ACC91.jpg,,/product/baton-com-extracto-de-girassol-fp-30-55ml/4006000005829
54314,"Protetor Labial Sun & Aftersun Duopack, 2un.",4005900983114,10530,10074,,Labello,,"4,79€/Unidade","4,79€",https://cdn.intermarche.pt/pt/Content/images/boitmal/produit/zoom/D0AF3C6441DCB045361A55BF69BCDDFF.jpg,,/product/protetor-labial-sun-&-aftersun-duopack-2un./4005900983114
54370,"Batom Do Cieiro Original Duopack, 2Un.",4005900982520,11767,10072,,Labello,,"3,99€/Unidade","3,99€",https://cdn.intermarche.pt/pt/Content/images/boitmal/produit/zoom/09483B531BBEB68CF1FB503DC30930FC.jpg,,/product/batom-do-cieiro-original-duopack-2un./4005900982520
54371,"Batom Disney, 1Un.",4006000100814,11767,10072,,Labello,,"3,79€/Unidade","3,79€",https://cdn.intermarche.pt/pt/Content/images/boitmal/produit/zoom/6157F423E98B1E3F4401A6B676FD3EF6.jpg,,/product/batom-disney-1un./4006000100814
54372,"Batom Do Cieiro Repara E Cuida, 1Un.",4006000002521,11767,10072,,Labello,,"3,99€/Unidade","3,99€",https://cdn.intermarche.pt/pt/Content/images/boitmal/produit/zoom/157D53348301E14F9E2DE52914B83697.jpg,,/product/batom-do-cieiro-repara-e-cuida-1un./4006000002521
20477,Gel Banho Coco,8714789876801,10476,10070,Embalagem de 650 ml,Palmolive,,"5,06€/L","3,29€",https://cdn.intermarche.pt/pt/Content/images/boitmal/produit/zoom/C841EAB15BFBC711E7703D2FB84F7757.jpg,2024-10-04T22:59:59.999Z,/product/gel-banho-coco/8714789876801
54606,"Gel de Banho Hydrate, 720ml",8720181466359,10476,10070,,Dove,,"11,10€/L","7,99€",https://cdn.intermarche.pt/pt/Content/images/boitmal/produit/zoom/51582424E5EFBC10A0EF315ACF547FD2.jpg,2024-09-25T22:59:59.999Z,/product/gel-de-banho-hydrate-720ml/8720181466359
45863,"Gel de banho natural, macadâmia",8714789943206,10476,10070,Embalagem de 650 ml,Palmolive,,"5,06€/L","3,29€",https://cdn.intermarche.pt/pt/Content/images/boitmal/produit/zoom/7502EDB53AFBA22EE165353840D36E3F.jpg,2024-10-04T22:59:59.999Z,/product/gel-de-banho-natural-macadamia/8714789943206
54269,"Gel de Banho Care & Relax, 750ml",4005900422705,10476,10070,,Nivea,,"6,79€/L","5,09€",https://cdn.intermarche.pt/pt/Content/images/boitmal/produit/zoom/57FCA31F957C439C69B1E00E153632CE.jpg,2024-09-25T22:59:59.999Z,/product/gel-de-banho-care-&-relax-750ml/4005900422705
54604,"Gel de Banho Fresh Care, 720ml",8720181471636,10476,10070,,Dove,,"11,10€/L","7,99€",https://cdn.intermarche.pt/pt/Content/images/boitmal/produit/zoom/12663F0223A16927D4440282274CAA13.jpg,2024-09-25T22:59:59.999Z,/product/gel-de-banho-fresh-care-720ml/8720181471636
54605,"Gel de Banho Fruity Nourish, 720ml",8720181468377,10476,10070,,Dove,,"11,10€/L","7,99€",https://cdn.intermarche.pt/pt/Content/images/boitmal/produit/zoom/EFA6D2A6F73FE50D8AE238900A2FAE01.jpg,2024-09-25T22:59:59.999Z,/product/gel-de-banho-fruity-nourish-720ml/8720181468377
54607,"Gel de Banho Bath Care & Dimond, 750ml",4006000095790,10476,10070,,Nivea,,"6,79€/L","5,09€",https://cdn.intermarche.pt/pt/Content/images/boitmal/produit/zoom/FA52FC911F576A0C07C36E8C850D88BB.jpg,2024-09-25T22:59:59.999Z,/product/gel-de-banho-bath-care-&-dimond-750ml/4006000095790
49712,Gel de Banho Aveia,5604260319916,10476,10070,Embalagem com 750 ml,Labell,,"1,85€/L","1,39€",https://cdn.intermarche.pt/pt/Content/images/boitmal/produit/zoom/C5B07D3A6199001C9ABD5510D3E02F49.jpg,,/product/gel-de-banho-aveia/5604260319916
45600,Gel de banho creme aloe vera,4005900648181,10476,10070,750 ml,Nivea,,"6,65€/L","4,99€",https://cdn.intermarche.pt/pt/Content/images/boitmal/produit/zoom/D8584FF8D0A63931C78ACFD9761F35A2.jpg,,/product/gel-de-banho-creme-aloe-vera/4005900648181
48059,Gel Banho Óleo de Argão & Monoi de Tahiti,5604260319947,10476,10070,Embalagem com 750 ml,Labell,,"1,99€/L","1,49€",https://cdn.intermarche.pt/pt/Content/images/boitmal/produit/zoom/80831C9F90A97633F4C7E3710E09833A.jpg,,/product/gel-banho-oleo-de-argao-&-monoi-de-tahiti/5604260319947
49555,Gel de banho aveia,5604260324972,10476,10070,Embalagem de 1 litro,Labell,,"1,09€/L","1,09€",https://cdn.intermarche.pt/pt/Content/images/boitmal/produit/zoom/50A06D963E48CF5656DC0A780277F187.jpg,,/product/gel-de-banho-aveia/5604260324972
51076,Gel de Banho Hidratante,5604260319961,10476,10070,Embalagem com 750 ml,Labell,,"1,85€/L","1,39€",https://cdn.intermarche.pt/pt/Content/images/boitmal/produit/zoom/9E44F3FA6C594C1722E4076A08ABA8D0.jpg,,/product/gel-de-banho-hidratante/5604260319961
32306,Gel de banho naturals amêndoa e leite,8718951202979,10476,10070,500 ml,Palmolive,,"6,58€/L","3,29€",https://cdn.intermarche.pt/pt/Content/images/boitmal/produit/zoom/679D3CFCC9969DD874FD147C2208C882.jpg,,/product/gel-de-banho-naturals-amendoa-e-leite/8718951202979
48057,Gel de Banho Iogurte e Mel,5604260319923,10476,10070,Embalagem com 750 ml,Labell,,"1,99€/L","1,49€",https://cdn.intermarche.pt/pt/Content/images/boitmal/produit/zoom/E52DF0BD88BE2932DBA270D6A665E9C3.jpg,,/product/gel-de-banho-iogurte-e-mel/5604260319923
29356,Gel de banho natural leite e mel,8718951202856,10476,10070,500 ml,Palmolive,,"6,58€/L","3,29€",https://cdn.intermarche.pt/pt/Content/images/boitmal/produit/zoom/03DDD6064F175B5617E28ECB6E66862A.jpg,,/product/gel-de-banho-natural-leite-e-mel/8718951202856
48056,Gel de Banho Flor de Laranjeira,5604260319978,10476,10070,Embalagem com 750 ml,Labell,,"1,99€/L","1,49€",https://cdn.intermarche.pt/pt/Content/images/boitmal/produit/zoom/3969C8A9852660CCE292CCADFBB58A9A.jpg,,/product/gel-de-banho-flor-de-laranjeira/5604260319978
49868,Gel de banho abacate,5604260324965,10476,10070,Embalagem de 1 litro,Labell,,"1,09€/L","1,09€",https://cdn.intermarche.pt/pt/Content/images/boitmal/produit/zoom/706733110DEDCC741B362BBD938220F7.jpg,,/product/gel-de-banho-abacate/5604260324965
48058,Gel de Banho Romã e Bambu,5604260319930,10476,10070,Embalagem com 750 ml,Labell,,"1,99€/L","1,49€",https://cdn.intermarche.pt/pt/Content/images/boitmal/produit/zoom/FFAF9CD287511B35BF5A2AF807A9AB07.jpg,,/product/gel-de-banho-roma-e-bambu/5604260319930
25685,Gel de Banho Argão e Rosas,3250391351893,10476,10070,Embalagem de 250 ml,Labell,,"5,16€/L","1,29€",https://cdn.intermarche.pt/pt/Content/images/boitmal/produit/zoom/C03C4BCC12FBA1C3575E1DAE6BFB91DB.jpg,,/product/gel-de-banho-argao-e-rosas/3250391351893
25225,Gel de banho leite hidratante intense,3250392361228,10476,10070,Embalagem com 250 ml,Labell,,"5,56€/L","1,39€",https://cdn.intermarche.pt/pt/Content/images/boitmal/produit/zoom/C6BDA86BFFA2899BC6A846238C4E3B44.jpg,,/product/gel-de-banho-leite-hidratante-intense/3250392361228
29355,Gel de banho natural leite oliva,8718951202795,10476,10070,500 ml,Palmolive,,"6,58€/L","3,29€",https://cdn.intermarche.pt/pt/Content/images/boitmal/produit/zoom/77171253CA8BE22F47735182D75DE702.jpg,,/product/gel-de-banho-natural-leite-oliva/8718951202795
48169,Gel banho gordo,5604260318681,10476,10070,Embalagem de 750 ml,Labell,,"3,19€/L","2,39€",https://cdn.intermarche.pt/pt/Content/images/boitmal/produit/zoom/80971CABA26293141273589E454C7779.jpg,,/product/gel-banho-gordo/5604260318681
17155,Gel de Banho Deeply Nourishing,8712561594424,10476,10070,Embalagem de 750 ml,Dove,,"10,65€/L","7,99€",https://cdn.intermarche.pt/pt/Content/images/boitmal/produit/zoom/674CAAC37A81DCDE19A5744A0C166FCA.jpg,,/product/gel-de-banho-deeply-nourishing/8712561594424
40676,Gel de banho hidra essencial,8717163798256,10476,10070,Embalagem de 700 ml,Vasenol,,"7,13€/L","4,99€",https://cdn.intermarche.pt/pt/Content/images/boitmal/produit/zoom/89B8706050BC167F114FC787BFB91177.jpg,,/product/gel-de-banho-hidra-essencial/8717163798256
50427,Gel Banho Coconut Care By Nature,8720181222634,10476,10070,400 ml,Dove,,"9,98€/L","3,99€",https://cdn.intermarche.pt/pt/Content/images/boitmal/produit/zoom/18F8580BC80F8FEDB25F0206AE152A99.jpg,,/product/gel-banho-coconut-care-by-nature/8720181222634
10401,"Gel banho, nutritivo",8411660350107,10476,10070,Embalagem de 650 ml,Lactovit,,"6,14€/L","3,99€",https://cdn.intermarche.pt/pt/Content/images/boitmal/produit/zoom/915B0F357EAA142ED52FF60AE6A8AD48.jpg,,/product/gel-banho-nutritivo/8411660350107
10403,"Gel banho, hidratante lactourea",8411660351708,10476,10070,Embalagem de 650 ml,Lactovit,,"6,14€/L","3,99€",https://cdn.intermarche.pt/pt/Content/images/boitmal/produit/zoom/045EFE602CE0C537FA07FA6426B47783.jpg,,/product/gel-banho-hidratante-lactourea/8411660351708
35259,Gel de banho bio,3250392149550,10476,10070,Embalagem de 250 ml,Labell Bio,,"7,16€/L","1,79€",https://cdn.intermarche.pt/pt/Content/images/boitmal/produit/zoom/0E8968F7B42CA1E7C9B8AE1B3BA62DD3.jpg,,/product/gel-de-banho-bio/3250392149550
45856,"Gel de banho memories of nature, summer dreams",8718951427358,10476,10070,Embalagem de 500 ml,Palmolive,,"7,98€/L","3,99€",https://cdn.intermarche.pt/pt/Content/images/boitmal/produit/zoom/8D6029F902784C79AAB06326C1871CE6.jpg,,/product/gel-de-banho-memories-of-nature-summer-dreams/8718951427358
48170,Gel Banho Hipoalergénico,5604260318698,10476,10070,Embalagem de 750 ml,Labell,,"3,19€/L","2,39€",https://cdn.intermarche.pt/pt/Content/images/boitmal/produit/zoom/C5AE1A9F54C94DB6C0388C2A99C7533F.jpg,,/product/gel-banho-hipoalergenico/5604260318698
39006,"Gel banho jojoba + calêndula, garrafa de 400 ml",5604321005055,10476,10070,,Goldensilk,,"11,98€/L","4,79€",https://cdn.intermarche.pt/pt/Content/images/boitmal/produit/zoom/9F1C5993DDB505AE471E6D5CE0589357.jpg,,/product/gel-banho-jojoba-+-calendula-garrafa-de-400-ml/5604321005055
45865,"Gel de banho memories of nature, palm beach",8718951436855,10476,10070,Embalagem de 650 ml,Palmolive,,"6,58€/L","3,29€",https://cdn.intermarche.pt/pt/Content/images/boitmal/produit/zoom/609EC3E50246D034BC755FC50E3B846E.jpg,,/product/gel-de-banho-memories-of-nature-palm-beach/8718951436855
54337,"Gel Banho Exotic Watermelon, 500ml",8718951593190,10476,10070,,Palmolive,,"7,98€/L","3,99€",https://cdn.intermarche.pt/pt/Content/images/boitmal/produit/zoom/402E86C2A96F32D2BA2C6C24958E4E22.jpg,,/product/gel-banho-exotic-watermelon-500ml/8718951593190
54339,"Gel De Banho Aroma Essence Delight, 500ml",8718951425408,10476,10070,,Palmolive,,"7,98€/L","3,99€",https://cdn.intermarche.pt/pt/Content/images/boitmal/produit/zoom/104E3E1784E63C6E5F1568C5C3FE91C9.jpg,,/product/gel-de-banho-aroma-essence-delight-500ml/8718951425408
54523,"Gel de Banho Rosas e Jasmim, 750ml",8720181510007,10476,10070,,Vaseline,,"5,32€/L","3,99€",https://cdn.intermarche.pt/pt/Content/images/boitmal/produit/zoom/DBC99D54EBDBAA1B8107D63DD2783964.jpg,,/product/gel-de-banho-rosas-e-jasmim-750ml/8720181510007
20262,Gel Banho Care&Orange,4005900264411,10476,10070,Embalagem de 500 ml,Nivea,,"5,98€/L","2,99€",https://cdn.intermarche.pt/pt/Content/images/boitmal/produit/zoom/A696973529873C71CF5316DB7CBF5E57.jpg,,/product/gel-banho-care&orange/4005900264411
20547,Gel de Duche Care & Rosas,4005900264381,10476,10070,Embalagem de 750 ml,Nivea,,"5,19€/L","3,89€",https://cdn.intermarche.pt/pt/Content/images/boitmal/produit/zoom/CD73164BFF640F592CC78260EB9DE07E.jpg,,/product/gel-de-duche-care-&-rosas/4005900264381
39005,"Gel banho algas + melissa, garrafa de 500 ml",5604321005048,10476,10070,,Goldensi,,"9,58€/L","4,79€",https://cdn.intermarche.pt/pt/Content/images/boitmal/produit/zoom/205D31F980C7DD02E241DD2634ED6494.jpg,,/product/gel-banho-algas-+-melissa-garrafa-de-500-ml/5604321005048
45858,"Gel de banho wellness, balance",8718951425835,10476,10070,Embalagem de 500 ml,Palmolive,,"7,98€/L","3,99€",https://cdn.intermarche.pt/pt/Content/images/boitmal/produit/zoom/BB8E03A57BC0BC9AEF057A032B73C0DB.jpg,,/product/gel-de-banho-wellness-balance/8718951425835
45862,"Gel de banho natural, shea butter",8718951401945,10476,10070,Embalagem de 650 ml,Palmolive,,"5,06€/L","3,29€",https://cdn.intermarche.pt/pt/Content/images/boitmal/produit/zoom/5242A38DBDA0E1CCCDAE666C147CA770.jpg,,/product/gel-de-banho-natural-shea-butter/8718951401945
12299,"Sabonete líquido de leite de amêndoas, recarga",8003520013064,10477,10070,Embalagem de 300 ml,Palmolive,,"5,97€/L","1,79€",https://cdn.intermarche.pt/pt/Content/images/boitmal/produit/zoom/ED68E7292F21397C9D136148FEDB88B8.jpg,2024-10-04T22:59:59.999Z,/product/sabonete-liquido-de-leite-de-amendoas-recarga/8003520013064
10552,"Sabonete glicerina natural, 90 g",8693495032940,10477,10070,,Palmolive,,"11,00€/Kg","0,99€",https://cdn.intermarche.pt/pt/Content/images/boitmal/produit/zoom/4D077E3FB95B44185664802884769CCE.jpg,,/product/sabonete-glicerina-natural-90-g/8693495032940
23515,Sabonete,5600258596079,10477,10070,Embalagem de 4x90 g,Feno,,"9,69€/Kg","3,49€",https://cdn.intermarche.pt/pt/Content/images/boitmal/produit/zoom/C9AE42F3AAC7B708F6B21A0935FF7BEF.jpg,,/product/sabonete/5600258596079
48158,Sabonete líquido dermo,5604260314805,10477,10070,Embalagem de 500 ml,Labell,,"2,50€/L","1,25€",https://cdn.intermarche.pt/pt/Content/images/boitmal/produit/zoom/E012951A70009D720677C28072C606FD.jpg,,/product/sabonete-liquido-dermo/5604260314805
48160,Sabonete líquido leite e mel,5604260314843,10477,10070,Embalagem de 500 ml,Labell,,"2,50€/L","1,25€",https://cdn.intermarche.pt/pt/Content/images/boitmal/produit/zoom/5207BB28993C59331AA4BE4395DA3FF2.jpg,,/product/sabonete-liquido-leite-e-mel/5604260314843
48164,Sabonete líquido maçãs verdes,5604260314881,10477,10070,Embalagem de 500 ml,Labell,,"2,38€/L","1,19€",https://cdn.intermarche.pt/pt/Content/images/boitmal/produit/zoom/22268299F038F5E13F48B4A6167B340D.jpg,,/product/sabonete-liquido-macas-verdes/5604260314881
48162,Sabonete líquido aloé vera,5604260314867,10477,10070,Embalagem de 500 ml,Labell,,"2,50€/L","1,25€",https://cdn.intermarche.pt/pt/Content/images/boitmal/produit/zoom/4F6AE71204E5A7BF8DD8B302810538A8.jpg,,/product/sabonete-liquido-aloe-vera/5604260314867
10666,Sabonete leite & mel,8714789700472,10477,10070,Embalagem de 4x90 g,Palmolive,,"11,08€/Kg","3,99€",https://cdn.intermarche.pt/pt/Content/images/boitmal/produit/zoom/6DA48FA699B13C5AAD7C8FEC3222BF79.jpg,,/product/sabonete-leite-&-mel/8714789700472
10669,Sabonete sensitive,8714789703046,10477,10070,Embalagem de 4x90 g,Palmolive,,"11,08€/Kg","3,99€",https://cdn.intermarche.pt/pt/Content/images/boitmal/produit/zoom/E1B6CB90823C0471DEECAE12A1EACB59.jpg,,/product/sabonete-sensitive/8714789703046
6717,Sabonete de glicerina hidratante,8693495032964,10477,10070,Embalagem de 90 g,Palmolive,,"11,00€/Kg","0,99€",https://cdn.intermarche.pt/pt/Content/images/boitmal/produit/zoom/151568740C671DEDC274CF37D2994A20.jpg,,/product/sabonete-de-glicerina-hidratante/8693495032964
48166,Sabonete líquido Marselha e Azeitona,5604260314904,10477,10070,Embalagem de 500 ml,Labell,,"2,50€/L","1,25€",https://cdn.intermarche.pt/pt/Content/images/boitmal/produit/zoom/BFB496FF8AB35CD8A786B92F3EDF0423.jpg,,/product/sabonete-liquido-marselha-e-azeitona/5604260314904
48600,"Recarga Sabonete Líquido, 500 ml",4000388179004,10477,10070,,Dove,,"7,98€/L","3,99€",https://cdn.intermarche.pt/pt/Content/images/boitmal/produit/zoom/D9BD170B432CC198013E4C11C84B245F.jpg,,/product/recarga-sabonete-liquido-500-ml/4000388179004
10668,Sabonete original,8714789703015,10477,10070,Embalagem de 4x90 g,Palmolive,,"11,08€/Kg","3,99€",https://cdn.intermarche.pt/pt/Content/images/boitmal/produit/zoom/1AE1470E97E08B2D337923C713024026.jpg,,/product/sabonete-original/8714789703015
20673,"Sabonete sólido, mel",5600258596260,10477,10070,Embalagem de 360g,Feno,,"9,97€/Kg","3,59€",https://cdn.intermarche.pt/pt/Content/images/boitmal/produit/zoom/CD1205D9CC96EB9B40A9B9BF6DC1C8F9.jpg,,/product/sabonete-solido-mel/5600258596260
51511,Sabonete líquido elimina odores,5604260327348,10477,10070,Embalagem de 500 ml,Labell,,"2,58€/L","1,29€",https://cdn.intermarche.pt/pt/Content/images/boitmal/produit/zoom/FAAA327D0829B2FE8A9195CDEE4AFFE5.jpg,,/product/sabonete-liquido-elimina-odores/5604260327348
52923,"Sabonete Sólido Regular, 4 x 90g",8720182266125,10477,10070,,Dove,,"13,86€/Kg","4,99€",https://cdn.intermarche.pt/pt/Content/images/boitmal/produit/zoom/0BE4770AB0BE8EA2FF2D8C5345F895FB.jpg,,/product/sabonete-solido-regular-4-x-90g/8720182266125
53804,Sab.Exfoliante Alperce 90G,5604260330607,10477,10070,Embalagem de 90g,Labell,,"7,67€/Kg","0,69€",https://cdn.intermarche.pt/pt/Content/images/boitmal/produit/zoom/A6C5998CB43939CE5029D316FE03F795.jpg,,/product/sab.exfoliante-alperce-90g/5604260330607
53807,Sab.Nutritivo Mel&Coco 90G,5604260330638,10477,10070,Embalagem de 90g,Labell,,"7,67€/Kg","0,69€",https://cdn.intermarche.pt/pt/Content/images/boitmal/produit/zoom/A84F1CF386A235F870BB91846D0E16B5.jpg,,/product/sab.nutritivo-mel&coco-90g/5604260330638
53808,Sab.Amendoas Doces 90G,5604260330645,10477,10070,Embalagem de 90g,Labell,,"7,67€/Kg","0,69€",https://cdn.intermarche.pt/pt/Content/images/boitmal/produit/zoom/4C500654AA24268FC46EDDB5F937EB46.jpg,,/product/sab.amendoas-doces-90g/5604260330645
53809,Sabonete Lavanda 90G,5604260330652,10477,10070,Embalagem de 90g,Labell,,"7,67€/Kg","0,69€",https://cdn.intermarche.pt/pt/Content/images/boitmal/produit/zoom/D11E62481E2AD57F341B5E7D2064866B.jpg,,/product/sabonete-lavanda-90g/5604260330652
11535,Sabonete alfazema de monte,5601092015108,10477,10070,Embalagem de 125 g,Confianca,,"11,92€/Kg","1,49€",https://cdn.intermarche.pt/pt/Content/images/boitmal/produit/zoom/2D656C367387E24BE18101B25429966C.jpg,,/product/sabonete-alfazema-de-monte/5601092015108
20674,"Sabonete sólido, oliva",5600258596253,10477,10070,Embalagem de 4x90g,Feno,,"9,97€/Kg","3,59€",https://cdn.intermarche.pt/pt/Content/images/boitmal/produit/zoom/04B20A842F72324359AC4A7A2883F4DC.jpg,,/product/sabonete-solido-oliva/5600258596253
35150,Sabonete patti,5601135063240,10477,10070,90 g,Ach Brito,,"16,56€/Kg","1,49€",https://cdn.intermarche.pt/pt/Content/images/boitmal/produit/zoom/04A52E5D7B00713AEA38DFF9E40AAEF1.jpg,,/product/sabonete-patti/5601135063240
39011,Sabonete de argila verde,5604321005208,10477,10070,Embalagem de 125g,Ignoramu,,"21,52€/Kg","2,69€",https://cdn.intermarche.pt/pt/Content/images/boitmal/produit/zoom/7FE06FBDEBF4ADC90AA778EC15011655.jpg,,/product/sabonete-de-argila-verde/5604321005208
53805,Sabonete Cremoso 90G,5604260330614,10477,10070,Embalagem de 90g,Labell,,"7,67€/Kg","0,69€",https://cdn.intermarche.pt/pt/Content/images/boitmal/produit/zoom/4185CCE2C12A8D64E9CFD4B4F8D0A202.jpg,,/product/sabonete-cremoso-90g/5604260330614
53806,Sab.Manteiga Karite 90G,5604260330621,10477,10070,Embalagem de 90g,Labell,,"7,67€/Kg","0,69€",https://cdn.intermarche.pt/pt/Content/images/boitmal/produit/zoom/07D4617ABCA78F97BBB4E6B54E6887D6.jpg,,/product/sab.manteiga-karite-90g/5604260330621
8567,Sabonete musgo real,5601135060133,10477,10070,Embalagem de 160 g,Ach Brito,,"13,69€/Kg","2,19€",https://cdn.intermarche.pt/pt/Content/images/boitmal/produit/zoom/4095511306EBE19E779501C560909BA7.jpg,,/product/sabonete-musgo-real/5601135060133
8570,Sabonete patti,5601135060331,10477,10070,Embalagem de 160 g,Ach Brito,,"14,31€/Kg","2,29€",https://cdn.intermarche.pt/pt/Content/images/boitmal/produit/zoom/58F1CEC6BEA862F20279CE7D90D99B05.jpg,,/product/sabonete-patti/5601135060331
38982,"Sabonete de argila e malvas, 125g",5604321001163,10477,10070,,Ignoramu,,"23,12€/Kg","2,89€",https://cdn.intermarche.pt/pt/Content/images/boitmal/produit/zoom/E2B48EFB40E801390F3B772C4149BBF3.jpg,,/product/sabonete-de-argila-e-malvas-125g/5604321001163
40855,"Loção Cacao Radiante, 200 ml",8712561483094,10478,10070,,Vaseline,,"11,95€/L","2,39€",https://cdn.intermarche.pt/pt/Content/images/boitmal/produit/zoom/8A40B5420204A97186C36E604388F693.jpg,2024-10-04T22:59:59.999Z,/product/locao-cacao-radiante-200-ml/8712561483094
40857,"Loção recuperação avançada, 200 ml",8712561478762,10478,10070,,Vaseline,,"11,95€/L","2,39€",https://cdn.intermarche.pt/pt/Content/images/boitmal/produit/zoom/720BE9BCADE8456A7232B8C0EB4A51CF.jpg,2024-10-04T22:59:59.999Z,/product/locao-recuperacao-avancada-200-ml/8712561478762
29357,Creme Corporal Repara e Cuida,4005900443298,10478,10070,300 ml,Nivea,,"26,63€/L","7,99€",https://cdn.intermarche.pt/pt/Content/images/boitmal/produit/zoom/F662841C017EB65F4B5ADC952804A014.jpg,,/product/creme-corporal-repara-e-cuida/4005900443298
4549,"Creme mãos, caixa média",4005808801039,10478,10070,Embalagem de 75 ml,Nivea,,"27,87€/L","2,09€",https://cdn.intermarche.pt/pt/Content/images/boitmal/produit/zoom/575504BEFAFD8B7935E5486AE0175773.jpg,,/product/creme-maos-caixa-media/4005808801039
51419,Creme de Mãos Intensivo,0000042417637,10478,10070,100 ml,Nivea,,"44,90€/L","4,49€",https://cdn.intermarche.pt/pt/Content/images/boitmal/produit/zoom/F2F07B21E3BF8845581DC128D118D0BF.jpg,,/product/creme-de-maos-intensivo/0000042417637
52310,Creme Corporal Manteiga de Cacau,0000042439103,10478,10070,Embalagem de 250ml,Nivea,,"27,96€/L","6,99€",https://cdn.intermarche.pt/pt/Content/images/boitmal/produit/zoom/21C656B149EBE16270A6C6E8E01D3575.jpg,,/product/creme-corporal-manteiga-de-cacau/0000042439103
45580,Creme rosto e corpo,3250391599646,10478,10070,250 ml,Labell,,"6,76€/L","1,69€",https://cdn.intermarche.pt/pt/Content/images/boitmal/produit/zoom/50AA86645AF5CDAB1C31C01FE9384D69.jpg,,/product/creme-rosto-e-corpo/3250391599646
47895,Vaselina Original,0000042182627,10478,10070,50 ml,Vaseline,,"37,80€/L","1,89€",https://cdn.intermarche.pt/pt/Content/images/boitmal/produit/zoom/D0290A96E9EE7E9C37DBCA6DF5996ED4.jpg,,/product/vaselina-original/0000042182627
4526,"Smoth milk, tripla acção, 250 ml",4005808247233,10478,10070,,Nivea,,"23,56€/L","5,89€",https://cdn.intermarche.pt/pt/Content/images/boitmal/produit/zoom/ED23D3022E71FDD14FE8C56618FEBE1F.jpg,,/product/smoth-milk-tripla-accao-250-ml/4005808247233
45874,"Loção corporal, refirmante Q10 + bronze",4005900709004,10478,10070,Embalagem de 250 ml,Nivea,,"30,76€/L","7,69€",https://cdn.intermarche.pt/pt/Content/images/boitmal/produit/zoom/7A5693744D16D700EAB26CE398A5C37D.jpg,,/product/locao-corporal-refirmante-q10-+-bronze/4005900709004
11173,"Creme para mãos, caixa familiar",4005808801053,10478,10070,Embalagem de 250 ml,Nivea,,"19,16€/L","4,79€",https://cdn.intermarche.pt/pt/Content/images/boitmal/produit/zoom/5EB1C4492D1318FC9ADB99D2C35F6F92.jpg,,/product/creme-para-maos-caixa-familiar/4005808801053
4550,"Creme mãos, caixa grande",4005808801046,10478,10070,Embalagem de 150 ml,Nivea,,"25,27€/L","3,79€",https://cdn.intermarche.pt/pt/Content/images/boitmal/produit/zoom/C96371F2AF8E0D9CF22D8AC14F6A4C35.jpg,,/product/creme-maos-caixa-grande/4005808801046
51688,Loção Corporal Aloé Vera Hidratante,5604260325115,10478,10070,400 ml,Labell,,"4,88€/L","1,95€",https://cdn.intermarche.pt/pt/Content/images/boitmal/produit/zoom/02EEA70D401A2694E664DD162EDD6566.jpg,,/product/locao-corporal-aloe-vera-hidratante/5604260325115
9672,Vaselina purificada,5604260269761,10478,10070,Embalagem de 25 ml,PorSi,,"35,60€/L","0,89€",https://cdn.intermarche.pt/pt/Content/images/boitmal/produit/zoom/13C42BC70060F8119457C86DBC73F39A.jpg,,/product/vaselina-purificada/5604260269761
10926,Creme Mãos Hidratante,3250390138082,10478,10070,Embalagem de 100 ml,Labell,,"11,90€/L","1,19€",https://cdn.intermarche.pt/pt/Content/images/boitmal/produit/zoom/53300E29D968BE0BE3B4DC50A7299BCF.jpg,,/product/creme-maos-hidratante/3250390138082
15438,Mousse limpeza refresh,3250392084356,10478,10070,Embalagem com 150ml,Labell,,"23,27€/L","3,49€",https://cdn.intermarche.pt/pt/Content/images/boitmal/produit/zoom/14F46AAE0936C2F27C5112C8BF104D81.jpg,,/product/mousse-limpeza-refresh/3250392084356
29582,Creme Gordo Hidratante,5604260283552,10478,10070,1 l,Labell,,"12,99€/L","12,99€",https://cdn.intermarche.pt/pt/Content/images/boitmal/produit/zoom/F2CE737F2B68512932099AE54DA9D456.jpg,,/product/creme-gordo-hidratante/5604260283552
36985,Vaselina Jelly Baby,8710447485316,10478,10070,100 ml,Vaseline,,"29,90€/L","2,99€",https://cdn.intermarche.pt/pt/Content/images/boitmal/produit/zoom/D7C74EC08AE8B6C1BC036294000280EA.jpg,,/product/vaselina-jelly-baby/8710447485316
37527,Vaselina boião,5604260300532,10478,10070,Embalagem de 100 ml,PorSi,,"17,90€/L","1,79€",https://cdn.intermarche.pt/pt/Content/images/boitmal/produit/zoom/E4F027CD6F22DDA73E917E9DDA791CF1.jpg,,/product/vaselina-boiao/5604260300532
3991,Creme de mãos reparador,3250391436101,10478,10070,Embalagem de 75 ml,Labell,,"15,33€/L","1,15€",https://cdn.intermarche.pt/pt/Content/images/boitmal/produit/zoom/4A5DD1F187290352D7512C69A8AE75C2.jpg,,/product/creme-de-maos-reparador/3250391436101
44181,Leite hidratante corporal crianças delicadeza de aveia,3600542367202,10478,10070,Embalagem de 250 ml,Garnier,,"19,96€/L","4,99€",https://cdn.intermarche.pt/pt/Content/images/boitmal/produit/zoom/19DFCC9DCE23FA2E3437DED74FC2D299.jpg,,/product/leite-hidratante-corporal-criancas-delicadeza-de-aveia/3600542367202
44489,Creme de mãos protetor mel,4005900556462,10478,10070,100 ml,Nivea,,"29,90€/L","2,99€",https://cdn.intermarche.pt/pt/Content/images/boitmal/produit/zoom/500AA2DE07096F0258FD86E53EF48B58.jpg,,/product/creme-de-maos-protetor-mel/4005900556462
50943,Creme corporal aloé vera,3600542469951,10478,10070,Embalagem de 380 ml,Garnier,,"20,24€/L","7,69€",https://cdn.intermarche.pt/pt/Content/images/boitmal/produit/zoom/7C7EF83FB2499353A6522CA72F22D76D.jpg,,/product/creme-corporal-aloe-vera/3600542469951
51687,Loção corporal Reparação Nutritiva,5604260325108,10478,10070,400 ml,Labell,,"4,73€/L","1,89€",https://cdn.intermarche.pt/pt/Content/images/boitmal/produit/zoom/79397B02B7AAEC2A1F7C3110FE5FAAA9.jpg,,/product/locao-corporal-reparacao-nutritiva/5604260325108
7723,Loção corporal sos reparadora,4005900024060,10478,10070,Embalagem de 250 ml,Nivea,,"26,36€/L","6,59€",https://cdn.intermarche.pt/pt/Content/images/boitmal/produit/zoom/776EB4A252632A35C37B850484C2EF6F.jpg,,/product/locao-corporal-sos-reparadora/4005900024060
11171,Leite corporal,4005808754458,10478,10070,Embalagem de 400 ml,Nivea,,"14,98€/L","5,99€",https://cdn.intermarche.pt/pt/Content/images/boitmal/produit/zoom/697595E5AC19F48A0CC33974E2DAC370.jpg,,/product/leite-corporal/4005808754458
12683,Creme corporal abacate,3600542470377,10478,10070,Embalagem de 380 ml,Garnier,,"20,24€/L","7,69€",https://cdn.intermarche.pt/pt/Content/images/boitmal/produit/zoom/52E9341BF1D5C7FB9CBA9391342A0CAE.jpg,,/product/creme-corporal-abacate/3600542470377
18799,Body Milk Cocoa,4005900299635,10478,10070,Embalagem de 250 ml,Nivea,,"21,96€/L","5,49€",https://cdn.intermarche.pt/pt/Content/images/boitmal/produit/zoom/7304397CBF3D4A56B49B668BFC71AFE2.jpg,,/product/body-milk-cocoa/4005900299635
26232,Loção Corporal Nutritiva Plus,8411126012327,10478,10070,Embalagem de 400 ml,Natural Honey,,"7,48€/L","2,99€",https://cdn.intermarche.pt/pt/Content/images/boitmal/produit/zoom/58D39D0C8264B17A5BA5EE1E9748341A.jpg,,/product/locao-corporal-nutritiva-plus/8411126012327
29982,"Creme Mãos Secrets Coco, 75 ml",8710447275313,10478,10070,,Dove,,"53,20€/L","3,99€",https://cdn.intermarche.pt/pt/Content/images/boitmal/produit/zoom/422C5744B8A320ED30EDFF94AD4C8615.jpg,,/product/creme-maos-secrets-coco-75-ml/8710447275313
30472,Creme Gordo Hidratante,5604260283569,10478,10070,200 ml,Labell,,"19,95€/L","3,99€",https://cdn.intermarche.pt/pt/Content/images/boitmal/produit/zoom/A256BCE5F379C54FDDEA77CD1A319859.jpg,,/product/creme-gordo-hidratante/5604260283569
30579,Desodorizante de Pés em Creme,5601324000537,10478,10070,Embalagem de 100 ml,Protex,,"48,90€/L","4,89€",https://cdn.intermarche.pt/pt/Content/images/boitmal/produit/zoom/040059E8BF3C7CD02647B669B55EBEDF.jpg,,/product/desodorizante-de-pes-em-creme/5601324000537
35249,Loção corporal oil intense,5410091748005,10478,10070,Embalagem de 400 ml,Barnangen,,"17,48€/L","6,99€",https://cdn.intermarche.pt/pt/Content/images/boitmal/produit/zoom/65DEB227365950607C4AA4433179E3F3.jpg,,/product/locao-corporal-oil-intense/5410091748005
35262,Creme bio mãos e unhas,3250392149499,10478,10070,75 ml,Labell Bio,,"22,53€/L","1,69€",https://cdn.intermarche.pt/pt/Content/images/boitmal/produit/zoom/352671AFB87714A18520950DE3A5977A.jpg,,/product/creme-bio-maos-e-unhas/3250392149499
35266,Loção para o corpo de chá verde nourishing secrets,8710447495674,10478,10070,250 ml,Dove,,"19,96€/L","4,99€",https://cdn.intermarche.pt/pt/Content/images/boitmal/produit/zoom/9CB4E4703572F3721DC7A88E13346F79.jpg,,/product/locao-para-o-corpo-de-cha-verde-nourishing-secrets/8710447495674
39014,"Óleo de amêndoas doces, garrafa de 60 ml",5604321005239,10478,10070,,Goldensilk,,"34,83€/L","2,09€",https://cdn.intermarche.pt/pt/Content/images/boitmal/produit/zoom/0922E159CCE7B009411668E3EBA687FF.jpg,,/product/oleo-de-amendoas-doces-garrafa-de-60-ml/5604321005239
39841,"Creme de mãos baba de caracol, garrafa de 50 ml",5604321028665,10478,10070,,Goldensi,,"87,80€/L","4,39€",https://cdn.intermarche.pt/pt/Content/images/boitmal/produit/zoom/8A45CE78BDE1659A2A18695CDE489D4E.jpg,,/product/creme-de-maos-baba-de-caracol-garrafa-de-50-ml/5604321028665
39957,"Óleo de rosa mosqueta, garrafa de 50 ml",5604321031368,10478,10070,,Goldensi,,"231,80€/L","11,59€",https://cdn.intermarche.pt/pt/Content/images/boitmal/produit/zoom/F7827BE1E28C3B53A30050ED8DA48F34.jpg,,/product/oleo-de-rosa-mosqueta-garrafa-de-50-ml/5604321031368
39961,"Gel pés & pernas gingko biloba, garrafa de 150 ml",5604321031405,10478,10070,,Goldensilk,,"39,93€/L","5,99€",https://cdn.intermarche.pt/pt/Content/images/boitmal/produit/zoom/8254B17CFFFCBACC3999392356F9B2A9.jpg,,/product/gel-pes-&-pernas-gingko-biloba-garrafa-de-150-ml/5604321031405
42251,Loção corporal caring,5012583205753,10478,10070,400 ml,Barnangen,,"17,48€/L","6,99€",https://cdn.intermarche.pt/pt/Content/images/boitmal/produit/zoom/6AF32407DCD724B01BE7B8509F9924D9.jpg,,/product/locao-corporal-caring/5012583205753
