Product ID,Title,EAN,Family ID,Department ID,Packaging,Brand,Category,Price,Price Per Unit,Image URL,Promo End,Product URL
14206,Marmelada,5604260275588,10318,10051,Embalagem de 450g,PorSi,,"3,31€/Kg","1,49€",https://cdn.intermarche.pt/pt/Content/images/boitmal/produit/zoom/FBE9AB530E38FF9F9E5B583FCE276C87.jpg,,/product/marmelada/5604260275588
30181,Geleia de morango,5607238032107,10318,10051,Embalagem de 345 g,Casa de Mateus,,"11,57€/Kg","3,99€",https://cdn.intermarche.pt/pt/Content/images/boitmal/produit/zoom/C7F13834CCCA4B22757776150195CE5F.jpg,,/product/geleia-de-morango/5607238032107
14205,Marmelada,5604260275571,10318,10051,Embalagem de 900g,PorSi,,"2,99€/Kg","2,69€",https://cdn.intermarche.pt/pt/Content/images/boitmal/produit/zoom/F7B687A6F498B2D58EED70DD4D19E391.jpg,,/product/marmelada/5604260275571
16714,Marmelada,5601319049251,10318,10051,Embalagem de 400g,Ferbar,,"5,98€/Kg","2,39€",https://cdn.intermarche.pt/pt/Content/images/boitmal/produit/zoom/1C281AA94AF90F46135CD075C97AAF26.jpg,,/product/marmelada/5601319049251
30182,Geleia de marmelo,5607238032091,10318,10051,345 g,Casa de Mateus,,"11,57€/Kg","3,99€",https://cdn.intermarche.pt/pt/Content/images/boitmal/produit/zoom/D534DBD80767D22FACED5B9CD4DDCACE.jpg,,/product/geleia-de-marmelo/5607238032091
43869,Marmelada sem conservantes,5604260311002,10318,10051,Embalagem de 500g,PorSi,,"5,58€/Kg","2,79€",https://cdn.intermarche.pt/pt/Content/images/boitmal/produit/zoom/EBF046DE96245D4391B90B17C35243DB.jpg,,/product/marmelada-sem-conservantes/5604260311002
43874,Marmelada com frutose,5604260312139,10318,10051,Embalagem de 400g,PorSi Viva Bem,,"4,98€/Kg","1,99€",https://cdn.intermarche.pt/pt/Content/images/boitmal/produit/zoom/B06D2191F6F9E5610852CB3AE307029E.jpg,,/product/marmelada-com-frutose/5604260312139
50371,Goiabada,5604260319510,10318,10051,600 g,PorSi,,"4,98€/Kg","2,99€",https://cdn.intermarche.pt/pt/Content/images/boitmal/produit/zoom/16A73FD1E5888225D5E355130A343275.jpg,,/product/goiabada/5604260319510
16715,Goiaba,5601319037227,10318,10051,Embalagem de 300g,Ferbar,,"9,30€/Kg","2,79€",https://cdn.intermarche.pt/pt/Content/images/boitmal/produit/zoom/EBFE6CB06CC979C5F62544A29D184D1F.jpg,,/product/goiaba/5601319037227
28260,Marmelada,5601319041996,10318,10051,Embalagem de 800g,Ferbar,,"4,99€/Kg","3,99€",https://cdn.intermarche.pt/pt/Content/images/boitmal/produit/zoom/E140E5175752DE58250C6DA8CAC4F702.jpg,,/product/marmelada/5601319041996
40049,Marmelada (semadição de açúcares),5604321027484,10318,10051,Embalagem de 400g,Cemporcento,,"6,73€/Kg","2,69€",https://cdn.intermarche.pt/pt/Content/images/boitmal/produit/zoom/F2798C40A1BFFCE0E2D6C7607EDAE7FD.jpg,,/product/marmelada-(semadicao-de-acucares)/5604321027484
44868,Marmelada em cubos,5601319056679,10318,10051,Embalagem de 200g,Ferbar,,"14,95€/Kg","2,99€",https://cdn.intermarche.pt/pt/Content/images/boitmal/produit/zoom/BF7BD9953E6EB5558A2DFF36CFD5767F.jpg,,/product/marmelada-em-cubos/5601319056679
14684,Creme para barrar de avelãs e cacau,0000080177173,10317,10051,Embalagem de 350G,Nutella,,"12,26€/Kg","4,29€",https://cdn.intermarche.pt/pt/Content/images/boitmal/produit/zoom/3277225B3D0CAE93D52B7650F565CAA9.jpg,,/product/creme-para-barrar-de-avelas-e-cacau/0000080177173
7365,Creme para barrar,3250390114178,10317,10051,Embalagem de 750 g,Noikao,,"5,72€/Kg","4,29€",https://cdn.intermarche.pt/pt/Content/images/boitmal/produit/zoom/DE4E363D7C90EC601D82E3633B55DEC2.jpg,,/product/creme-para-barrar/3250390114178
43867,Manteiga amendoim cremosa,5604260310944,10317,10051,Embalagem de 340g,PorSi,,"5,26€/Kg","1,79€",https://cdn.intermarche.pt/pt/Content/images/boitmal/produit/zoom/88B9ED232D7EB0471500225424858FCE.jpg,,/product/manteiga-amendoim-cremosa/5604260310944
43868,Manteiga amendoim crocant,5604260310951,10317,10051,Embalagem de 340g,PorSi,,"5,26€/Kg","1,79€",https://cdn.intermarche.pt/pt/Content/images/boitmal/produit/zoom/3E32FFBA04408E4C0E214DAF48565EE1.jpg,,/product/manteiga-amendoim-crocant/5604260310951
277,Creme para barrar de avelãs e cacau,0000080135463,10317,10051,Embalagem de 200 g,Nutella,,"14,75€/Kg","2,95€",https://cdn.intermarche.pt/pt/Content/images/boitmal/produit/zoom/E17E01634F3FC9940074AC6CDA0458EC.jpg,,/product/creme-para-barrar-de-avelas-e-cacau/0000080135463
29915,"Manteiga de amendoim cremosa, 500g",5600826202982,10317,10051,,Prozis,,"7,98€/Kg","3,99€",https://cdn.intermarche.pt/pt/Content/images/boitmal/produit/zoom/5039923B1D2DFB66F663AC55A706C4D6.jpg,,/product/manteiga-de-amendoim-cremosa-500g/5600826202982
44271,Creme para barrar de avelãs e cacau,8000500179864,10317,10051,Embalagem de 600g,Nutella,,"10,65€/Kg","6,39€",https://cdn.intermarche.pt/pt/Content/images/boitmal/produit/zoom/3E92D36D3A02542DBE73946218C7E32B.jpg,,/product/creme-para-barrar-de-avelas-e-cacau/8000500179864
29916,"Manteiga de amendoim crocante, 500g",5600826203613,10317,10051,,Prozis,,"7,98€/Kg","3,99€",https://cdn.intermarche.pt/pt/Content/images/boitmal/produit/zoom/CA1914B393A02A9776C79C9EDB820EC4.jpg,,/product/manteiga-de-amendoim-crocante-500g/5600826203613
44716,"Manteiga de amendoim crocante, 250g",5600961109689,10317,10051,,Prozis,,"10,36€/Kg","2,59€",https://cdn.intermarche.pt/pt/Content/images/boitmal/produit/zoom/5C49EA58662ED0AB0C9855F8B09D259E.jpg,,/product/manteiga-de-amendoim-crocante-250g/5600961109689
44755,Manteiga amendoim cremosa,8720182022042,10317,10051,Embalagem de 350g,Calvé,,"9,97€/Kg","3,49€",https://cdn.intermarche.pt/pt/Content/images/boitmal/produit/zoom/1111E8E88D09020B513DB5B2CB0B500C.jpg,,/product/manteiga-amendoim-cremosa/8720182022042
719,Creme para barrar duo,3250391062126,10317,10051,Embalagem de 400 g,Noikao,,"5,23€/Kg","2,09€",https://cdn.intermarche.pt/pt/Content/images/boitmal/produit/zoom/0531EAA664293B80B5F7D382385A2E53.jpg,,/product/creme-para-barrar-duo/3250391062126
31195,Manteiga de amendoim,5600826203606,10317,10051,Embalagem de 1 kg,Prozis,,"6,99€/Kg","6,99€",https://cdn.intermarche.pt/pt/Content/images/boitmal/produit/zoom/C438423B2F99A04704C4F90A64427016.jpg,,/product/manteiga-de-amendoim/5600826203606
44715,"Manteiga de amendoim cremoso, 250g",5600961109672,10317,10051,,Prozis,,"10,36€/Kg","2,59€",https://cdn.intermarche.pt/pt/Content/images/boitmal/produit/zoom/F3BC5DC75EEA4B2A2A2D8261ED4DF01B.jpg,,/product/manteiga-de-amendoim-cremoso-250g/5600961109672
49328,Creme p/ barrar de chocolate e avelã,7622201515003,10317,10051,Embalagem de 600g,Milka,,"8,32€/Kg","4,99€",https://cdn.intermarche.pt/pt/Content/images/boitmal/produit/zoom/10C1D99202C37F441E99948F81A5AFE2.jpg,,/product/creme-p-ou-barrar-de-chocolate-e-avela/7622201515003
31194,"Manteiga de amendoim 1000 g cremoso, 1 kg",5600826203064,10317,10051,,Prozis,,"6,99€/Kg","6,99€",https://cdn.intermarche.pt/pt/Content/images/boitmal/produit/zoom/4264486B74A43BA7CE52AD0CAABAE8EB.jpg,,/product/manteiga-de-amendoim-1000-g-cremoso-1-kg/5600826203064
44756,Manteiga amendoim com pedaços,8720182022066,10317,10051,Embalagem de 350g,Calvé,,"9,97€/Kg","3,49€",https://cdn.intermarche.pt/pt/Content/images/boitmal/produit/zoom/CF863EC714A8C0F801C6B7591846A368.jpg,,/product/manteiga-amendoim-com-pedacos/8720182022066
613,Creme p/ Barrar,3250390114161,10317,10051,Embalagem de 400 g,Noikao,,"6,13€/Kg","2,45€",https://cdn.intermarche.pt/pt/Content/images/boitmal/produit/zoom/7F86EC193AB8B72B1ED75FD24051B722.jpg,,/product/creme-p-ou-barrar/3250390114161
36935,Creme para barrar,0000080176800,10317,10051,Embalagem de 750 g,Nutella,,"9,72€/Kg","7,29€",https://cdn.intermarche.pt/pt/Content/images/boitmal/produit/zoom/506FB916EAF70D273B9F4E00A3A5FC6E.jpg,,/product/creme-para-barrar/0000080176800
49327,Creme p/ barrar de chocolate e avelã,7622201515027,10317,10051,Embalagem de 340g,Milka,,"11,44€/Kg","3,89€",https://cdn.intermarche.pt/pt/Content/images/boitmal/produit/zoom/E7321199686F8CE5801AAB1F5DA6C265.jpg,,/product/creme-p-ou-barrar-de-chocolate-e-avela/7622201515027
1712,Mel em frasco de vidro,5604170000027,10319,10051,Embalagem de 500g,Jorge v.f.,,"4,58€/Kg","2,29€",https://cdn.intermarche.pt/pt/Content/images/boitmal/produit/zoom/6B68C57E6BC0FE58B0AB5AC488FC02CF.jpg,2024-09-25T22:59:59.999Z,/product/mel-em-frasco-de-vidro/5604170000027
36925,Mel multifloral doseador,5604260297061,10319,10051,Embalagem de 250g,PorSi,,"7,96€/Kg","1,99€",https://cdn.intermarche.pt/pt/Content/images/boitmal/produit/zoom/412D819451B7AEBF9B8A83F484A954C8.jpg,,/product/mel-multifloral-doseador/5604260297061
2071,Mel em frasco de vidro,5604260193332,10319,10051,Embalagem de 250g,PorSi,,"9,16€/Kg","2,29€",https://cdn.intermarche.pt/pt/Content/images/boitmal/produit/zoom/0BBF8EA0662046D169A4CB39247F7AB7.jpg,,/product/mel-em-frasco-de-vidro/5604260193332
14226,Mel rosmaninho 500g,5602132656015,10319,10051,Embalagem de 500G,Serramel,,"11,78€/Kg","5,89€",https://cdn.intermarche.pt/pt/Content/images/boitmal/produit/zoom/85F17C3A88DCA8E287D8076A08E91C9C.jpg,,/product/mel-rosmaninho-500g/5602132656015
44948,Mel de néctar multifloral bio,5604260313273,10319,10051,Frasco de 250g,PorSi Bio,,"11,96€/Kg","2,99€",https://cdn.intermarche.pt/pt/Content/images/boitmal/produit/zoom/1AC191EDAD458573B9112ECA36798DBC.jpg,,/product/mel-de-nectar-multifloral-bio/5604260313273
9158,Mel rosmaninho com doseador,5602132651256,10319,10051,Embalagem de 500 g,Serramel,,"11,98€/Kg","5,99€",https://cdn.intermarche.pt/pt/Content/images/boitmal/produit/zoom/24083B13FE7C729C70978E6E31C71076.jpg,,/product/mel-rosmaninho-com-doseador/5602132651256
40003,"Pólen, 170g",5604321024926,10319,10051,,Cemporcento,,"44,06€/Kg","7,49€",https://cdn.intermarche.pt/pt/Content/images/boitmal/produit/zoom/6738DC00B3A3EC4700D4ECCCB7D7E295.jpg,,/product/polen-170g/5604321024926
48153,Pólen de abelhas,5604260322947,10319,10051,Frasco de 130 g,PorSi Select,,"38,38€/Kg","4,99€",https://cdn.intermarche.pt/pt/Content/images/boitmal/produit/zoom/F54954F5A9FAC28F1F2EF7468F373E1E.jpg,,/product/polen-de-abelhas/5604260322947
1821,Mel em frasco com doseador,5604260032082,10319,10051,Embalagem de 500g,PorSi,,"7,98€/Kg","3,99€",https://cdn.intermarche.pt/pt/Content/images/boitmal/produit/zoom/1B7FDA93E67A89E2E0F6E32E8931A5A7.jpg,,/product/mel-em-frasco-com-doseador/5604260032082
48152,Mel de Rosmaninho,5604260322930,10319,10051,Frasco de 250 g,PorSi Select,,"11,16€/Kg","2,79€",https://cdn.intermarche.pt/pt/Content/images/boitmal/produit/zoom/F42A6F51B18006C6B059EEB99538B52F.jpg,,/product/mel-de-rosmaninho/5604260322930
34201,Bolachas com pepitas de chocolate my cookie!,5601066401029,11082,10041,Embalagem de 150 g,Nacional,,"8,27€/Kg","1,24€",https://cdn.intermarche.pt/pt/Content/images/boitmal/produit/zoom/8733C55DE677087A69DC68FE9C7FC1FB.jpg,2024-09-25T22:59:59.999Z,/product/bolachas-com-pepitas-de-chocolate-my-cookie!/5601066401029
17150,Bolacha infantil dinossaurus mini dino chocolate,8436048440416,11082,10041,Embalagem de 120g,Artiach,,"11,58€/Kg","1,39€",https://cdn.intermarche.pt/pt/Content/images/boitmal/produit/zoom/7804F014CF31FFDFCA93C4985FA51ED7.jpg,2024-09-25T22:59:59.999Z,/product/bolacha-infantil-dinossaurus-mini-dino-chocolate/8436048440416
16693,Bolacha chocomax mini,5601066400916,11082,10041,Embalagem de 120 g,Nacional,,"8,67€/Kg","1,04€",https://cdn.intermarche.pt/pt/Content/images/boitmal/produit/zoom/369CF09991D63A6D8505CD9C805BD57F.jpg,2024-09-25T22:59:59.999Z,/product/bolacha-chocomax-mini/5601066400916
18535,Bolacha shortcake chocolate,5601066400947,11082,10041,Embalagem de 180g,Nacional,,"6,89€/Kg","1,24€",https://cdn.intermarche.pt/pt/Content/images/boitmal/produit/zoom/754864DD20A4E61DA2C651C2F705265E.jpg,2024-09-25T22:59:59.999Z,/product/bolacha-shortcake-chocolate/5601066400947
34373,Bolacha mini stars chocolate leite,7622210495716,11082,10041,Embalagem de 187 g,Prince,,"11,18€/Kg","2,09€",https://cdn.intermarche.pt/pt/Content/images/boitmal/produit/zoom/85550DCEDB34E4ED87C56697D2F29020.jpg,2024-09-25T22:59:59.999Z,/product/bolacha-mini-stars-chocolate-leite/7622210495716
30566,Bolachas my cookies xl com pepitas de chocolate de leite,5601066401005,11082,10041,Embalagem de 180g,Nacional,,"10,78€/Kg","1,94€",https://cdn.intermarche.pt/pt/Content/images/boitmal/produit/zoom/DBD48492800FCB04E8BDF289C04473DF.jpg,2024-09-25T22:59:59.999Z,/product/bolachas-my-cookies-xl-com-pepitas-de-chocolate-de-leite/5601066401005
30567,Bolachas cookies xl com pepitas de chocolate e alfarroba,5601066400992,11082,10041,Embalagem de 180g,Nacional,,"10,78€/Kg","1,94€",https://cdn.intermarche.pt/pt/Content/images/boitmal/produit/zoom/A4DDA0E0A5B9227B0C04C73DB91BAD64.jpg,2024-09-25T22:59:59.999Z,/product/bolachas-cookies-xl-com-pepitas-de-chocolate-e-alfarroba/5601066400992
37993,Bolacha princesa chocolate,5601008201106,11082,10041,Embalagem de 200 g,Vieira,,"12,95€/Kg","2,59€",https://cdn.intermarche.pt/pt/Content/images/boitmal/produit/zoom/C1C4F31F47A73D5ABCB52FB3B8059D28.jpg,2024-09-25T22:59:59.999Z,/product/bolacha-princesa-chocolate/5601008201106
49994,Bolachas Aveia com Chocolate Negro,5601066401111,11082,10041,Embalagem de 150g,Nacional,,"8,27€/Kg","1,24€",https://cdn.intermarche.pt/pt/Content/images/boitmal/produit/zoom/5DBABE4AA7F9FB7C714DC1F3C41A48D8.jpg,2024-09-25T22:59:59.999Z,/product/bolachas-aveia-com-chocolate-negro/5601066401111
34372,Bolacha mini stars chocolate branco,7622210665706,11082,10041,Embalagem de 187 g,Prince,,"11,18€/Kg","2,09€",https://cdn.intermarche.pt/pt/Content/images/boitmal/produit/zoom/09A4E5AD8638C3A6921C765B1ABFD9CA.jpg,2024-09-25T22:59:59.999Z,/product/bolacha-mini-stars-chocolate-branco/7622210665706
1820,Bolachas starship chocolate,5604260031658,11082,10041,Embalagem de 150g,PorSi,,"6,60€/Kg","0,99€",https://cdn.intermarche.pt/pt/Content/images/boitmal/produit/zoom/B78F035B380AE4F85AF3DBBE7AF5EFF4.jpg,,/product/bolachas-starship-chocolate/5604260031658
21442,Bolacha de Manteiga Belga c/ Chocolate Branco,5600744051051,11082,10041,Embalagem de 198 g,Saborosa,,"11,57€/Kg","2,29€",https://cdn.intermarche.pt/pt/Content/images/boitmal/produit/zoom/3CEC05C79853A031E4A2F0B067D14A89.jpg,,/product/bolacha-de-manteiga-belga-c-ou-chocolate-branco/5600744051051
2608,Bolos cake e chococolate,7622300784751,11082,10041,Embalagem de 180g,Milka,,"16,51€/Kg","2,89€",https://cdn.intermarche.pt/pt/Content/images/boitmal/produit/zoom/0D2AD5B70424093B71C1FFA8B5C544BB.jpg,,/product/bolos-cake-e-chococolate/7622300784751
35874,Bolachas waffers com recheio de cacau e avelã,8434165442870,11082,10041,Embalagem de 150 gr,Cuétara,,"13,27€/Kg","1,99€",https://cdn.intermarche.pt/pt/Content/images/boitmal/produit/zoom/368BE7E735B968F4E93C7D83EDAAE121.jpg,,/product/bolachas-waffers-com-recheio-de-cacau-e-avela/8434165442870
44650,Bolachas choco cookies,7622300766610,11082,10041,Embalagem de 135g,Milka,,"16,96€/Kg","2,29€",https://cdn.intermarche.pt/pt/Content/images/boitmal/produit/zoom/716E90613476BB4EE247CE9CA0FD7F97.jpg,,/product/bolachas-choco-cookies/7622300766610
45020,Bolachas cereais e pepitas de chocolate,5604260313266,11082,10041,Embalagem de 400 g,PorSi,,"6,73€/Kg","2,69€",https://cdn.intermarche.pt/pt/Content/images/boitmal/produit/zoom/5E958FC3F50E297B8C0132EF3B60D7E5.jpg,,/product/bolachas-cereais-e-pepitas-de-chocolate/5604260313266
45715,Bolachas com cobertura de chocolate,5604260310722,11082,10041,Embalagem de 150g,PorSi,,"11,93€/Kg","1,79€",https://cdn.intermarche.pt/pt/Content/images/boitmal/produit/zoom/6C7B1821562148DFD96C67869CD85ADC.jpg,,/product/bolachas-com-cobertura-de-chocolate/5604260310722
45720,Bolachas com pepitas de 2 chocolates,5604260310654,11082,10041,200 g,PorSi,,"9,25€/Kg","1,85€",https://cdn.intermarche.pt/pt/Content/images/boitmal/produit/zoom/42B7A477174F8145501E5F7D4E588317.jpg,,/product/bolachas-com-pepitas-de-2-chocolates/5604260310654
45758,Bolachas com recheio de chocolate,5604260286591,11082,10041,Embalagem de 500g,PorSi,,"2,98€/Kg","1,49€",https://cdn.intermarche.pt/pt/Content/images/boitmal/produit/zoom/45B10B9B2275CD9BB6CE744AA070B0A2.jpg,,/product/bolachas-com-recheio-de-chocolate/5604260286591
47014,Bolachas de cacau cobertas c/ chocolate branco,5604260318377,11082,10041,6 x 42 g,PorSi,,"7,90€/Kg","1,99€",https://cdn.intermarche.pt/pt/Content/images/boitmal/produit/zoom/FF1CB2D25D4BED7707C6F947EAD4BA69.jpg,,/product/bolachas-de-cacau-cobertas-c-ou-chocolate-branco/5604260318377
9935,Bolachas waffers com chocolate de leite,7622300292508,11082,10041,Embalagem de 180g,Milka,,"18,28€/Kg","3,29€",https://cdn.intermarche.pt/pt/Content/images/boitmal/produit/zoom/FA8770D46823FAEE83F51E2F8B2CC3E5.jpg,,/product/bolachas-waffers-com-chocolate-de-leite/7622300292508
9940,"Bolachas waffers, chocolate",7622300563523,11082,10041,Embalagem de 150g,Triunfo,,"11,27€/Kg","1,69€",https://cdn.intermarche.pt/pt/Content/images/boitmal/produit/zoom/FA42B11D22EFE9AC199F03EFE3720A9F.jpg,,/product/bolachas-waffers-chocolate/7622300563523
1966,Bolachas waffers chocolate,5604260061563,11082,10041,Embalagem de 210g,PorSi,,"5,57€/Kg","1,17€",https://cdn.intermarche.pt/pt/Content/images/boitmal/produit/zoom/E92C257493404A909F14CAEAF9D2A018.jpg,,/product/bolachas-waffers-chocolate/5604260061563
45719,Cookies pepitas de chocolate,5604260310661,11082,10041,200 g,PorSi,,"6,45€/Kg","1,29€",https://cdn.intermarche.pt/pt/Content/images/boitmal/produit/zoom/700B8046D35DBD077E638F55AFBD7B08.jpg,,/product/cookies-pepitas-de-chocolate/5604260310661
2223,Bolachas com recheio baunilha,5604260266388,11082,10041,Embalagem de 500g,PorSi,,"3,18€/Kg","1,59€",https://cdn.intermarche.pt/pt/Content/images/boitmal/produit/zoom/629B86B30C117365C725FDCFA3AF6120.jpg,,/product/bolachas-com-recheio-baunilha/5604260266388
18489,Bolacha de manteiga belga c/ chocolate,5600744051020,11082,10041,Embalagem de 200g,Saborosa,,"10,56€/Kg","2,09€",https://cdn.intermarche.pt/pt/Content/images/boitmal/produit/zoom/EC85EF320199ECBED8BA18BD4452787A.jpg,,/product/bolacha-de-manteiga-belga-c-ou-chocolate/5600744051020
2590,Bolachas choco mini estrelas,7622300292522,11082,10041,Embalagem de 190g,Milka,,"14,32€/Kg","2,65€",https://cdn.intermarche.pt/pt/Content/images/boitmal/produit/zoom/8F4C0390D660B2DF6654D0F196E37C68.jpg,,/product/bolachas-choco-mini-estrelas/7622300292522
27489,Bolacha tosta rica choco guay,8434165466395,11082,10041,Embalagem de 170g,Cuétara,,"13,63€/Kg","2,29€",https://cdn.intermarche.pt/pt/Content/images/boitmal/produit/zoom/DEDEA09A4AED851A280232AF3C2BFB2A.jpg,,/product/bolacha-tosta-rica-choco-guay/8434165466395
49293,Filipinos chocolate leite,8436048962680,11082,10041,Embalagem de 128g,Artiach,,"14,77€/Kg","1,89€",https://cdn.intermarche.pt/pt/Content/images/boitmal/produit/zoom/CBA0BC5160CAF060D67235F585601BD5.jpg,,/product/filipinos-chocolate-leite/8436048962680
49294,Filipinos chocolate leite,8436048962697,11082,10041,Embalagem de 128g,Artiach,,"14,77€/Kg","1,89€",https://cdn.intermarche.pt/pt/Content/images/boitmal/produit/zoom/05B47EDDF3D01B19917978DD3D0A3CDE.jpg,,/product/filipinos-chocolate-leite/8436048962697
35544,Bolachas Mini Recheadas com Chocolate,7622210420244,11082,10041,Embalagem de 160 g,Prince,,"3,89€/Kg","2,49€",https://cdn.intermarche.pt/pt/Content/images/boitmal/produit/zoom/43A6802DCC194BEFB4FBD952A4F3716A.jpg,,/product/bolachas-mini-recheadas-com-chocolate/7622210420244
6404,Bolacha recheada mega duo chocolate,8410376017113,11082,10041,Embalagem de 500g,Gullón,,"6,98€/Kg","3,49€",https://cdn.intermarche.pt/pt/Content/images/boitmal/produit/zoom/8EB5AE64DF1A4B711D2A877A1A47FC57.jpg,,/product/bolacha-recheada-mega-duo-chocolate/8410376017113
43388,"Tarteletes com recheio avelã, 91g",5604260311323,11082,10041,,PorSi,,"8,24€/Kg","0,75€",https://cdn.intermarche.pt/pt/Content/images/boitmal/produit/zoom/CFA098DE32A202379C830BD27CAFFB14.jpg,,/product/tarteletes-com-recheio-avela-91g/5604260311323
2252,Biscoitos de cacau,5604260267798,11082,10041,Embalagem de 750g,PorSi,,"3,99€/Kg","2,99€",https://cdn.intermarche.pt/pt/Content/images/boitmal/produit/zoom/74BE4AA4D7DB9154724A87C14C490A09.jpg,,/product/biscoitos-de-cacau/5604260267798
46601,Bolachas shortcake cacau,5604260316649,11082,10041,Embalagem de 185 g,PorSi,,"6,43€/Kg","1,19€",https://cdn.intermarche.pt/pt/Content/images/boitmal/produit/zoom/C0D5788C3F8381FEFD3F7D11AE8F7D12.jpg,,/product/bolachas-shortcake-cacau/5604260316649
49295,Filipinos chocolate negro,8436048962673,11082,10041,Embalagem de 128g,Artiach,,"14,77€/Kg","1,89€",https://cdn.intermarche.pt/pt/Content/images/boitmal/produit/zoom/1BB16423EAC274720219BA9EACC7B149.jpg,,/product/filipinos-chocolate-negro/8436048962673
45670,Bolachas cobertura de chocolate negro,5604260310715,11082,10041,Embalagem de 150g,PorSi,,"11,27€/Kg","1,69€",https://cdn.intermarche.pt/pt/Content/images/boitmal/produit/zoom/C033651908530FC0BB9ACA74734D1FFF.jpg,,/product/bolachas-cobertura-de-chocolate-negro/5604260310715
48682,Biscoito chocolate de leite,3017760363396,11082,10041,Embalagem de 75g,Mikado,,"30,53€/Kg","2,29€",https://cdn.intermarche.pt/pt/Content/images/boitmal/produit/zoom/E5AECC4B056C3B93F707028B6876AB43.jpg,,/product/biscoito-chocolate-de-leite/3017760363396
45022,Bolachas cacau com cereais e pepitas de chocolate,5604260313235,11082,10041,Embalagem de 400 g,PorSi,,"6,48€/Kg","2,59€",https://cdn.intermarche.pt/pt/Content/images/boitmal/produit/zoom/8618ED28AFBA5645B1BB8151C0A7498F.jpg,,/product/bolachas-cacau-com-cereais-e-pepitas-de-chocolate/5604260313235
46472,Bolachas cobertas de chocolate,5604260313471,11082,10041,195 g,PorSi,,"9,69€/Kg","1,89€",https://cdn.intermarche.pt/pt/Content/images/boitmal/produit/zoom/DD8966BB803ABD2AE8F212130341EAD1.jpg,,/product/bolachas-cobertas-de-chocolate/5604260313471
12325,Bolachas oreo,8410000827446,10796,10041,Embalagem de 440g,Oreo,,"9,07€/Kg","3,99€",https://cdn.intermarche.pt/pt/Content/images/boitmal/produit/zoom/7FB878BD0E0E056A811C587B8C6317B3.jpg,,/product/bolachas-oreo/8410000827446
19638,Tarteletes morango doses 192g,5601008200864,10796,10041,Embalagem de 190g,Vieira,,"12,45€/Kg","2,39€",https://cdn.intermarche.pt/pt/Content/images/boitmal/produit/zoom/E6BB1E0538FEEBECE12B38A7EFFF2786.jpg,,/product/tarteletes-morango-doses-192g/5601008200864
1964,Bolachas waffers baunilha,5604260061549,10796,10041,Embalagem de 210g,PorSi,,"5,57€/Kg","1,17€",https://cdn.intermarche.pt/pt/Content/images/boitmal/produit/zoom/20367F05C9E3E51FF277B9951DA20D70.jpg,,/product/bolachas-waffers-baunilha/5604260061549
35873,Bolachas waffers com recheio de limão,8434165506411,10796,10041,Embalagem de 150 gr,Cuétara,,"13,27€/Kg","1,99€",https://cdn.intermarche.pt/pt/Content/images/boitmal/produit/zoom/C1A6DD3ED37BFF546B5EAEDF5E929842.jpg,,/product/bolachas-waffers-com-recheio-de-limao/8434165506411
4783,"Bolachas fruit & form, frutos de bosques",5000396036091,10796,10041,Embalagem de 220g,McVities,,"13,14€/Kg","2,89€",https://cdn.intermarche.pt/pt/Content/images/boitmal/produit/zoom/76D60EF12D61B18D540490D084B4EBEC.jpg,,/product/bolachas-fruit-&-form-frutos-de-bosques/5000396036091
46325,Bolachas cacau & cream,5604260318612,10796,10041,Embalagem com 154 g,PorSi,,"5,78€/Kg","0,89€",https://cdn.intermarche.pt/pt/Content/images/boitmal/produit/zoom/1BE84E9FCC62DDA7BA2C4D6A793F3716.jpg,,/product/bolachas-cacau-&-cream/5604260318612
43389,Tarteletes com recheio morango,5604260311330,10796,10041,Embalagem de 96g,PorSi,,"7,81€/Kg","0,75€",https://cdn.intermarche.pt/pt/Content/images/boitmal/produit/zoom/B6EAEEC6AAFDDCA80DF8924A467BB851.jpg,,/product/tarteletes-com-recheio-morango/5604260311330
2589,"Bolachas, tubo",7622300281182,10796,10041,Embalagem de 150g,Oreo,,"12,60€/Kg","1,89€",https://cdn.intermarche.pt/pt/Content/images/boitmal/produit/zoom/A967EF8D7DC66A4DE384AFCA6E356DB8.jpg,,/product/bolachas-tubo/7622300281182
1965,Bolachas waffers morango,5604260061556,10796,10041,Embalagem de 210g,PorSi,,"5,57€/Kg","1,17€",https://cdn.intermarche.pt/pt/Content/images/boitmal/produit/zoom/6F356F6CE8F384B8CEF6FD248AF1DFF4.jpg,,/product/bolachas-waffers-morango/5604260061556
46149,Waffle de liège,5600744051198,10796,10041,Embalagem de 220g,Aurora,,"13,59€/Kg","2,99€",https://cdn.intermarche.pt/pt/Content/images/boitmal/produit/zoom/06168550E0AADF89E974A32CEE76164B.jpg,,/product/waffle-de-liege/5600744051198
2606,Bolachas,7622300744663,10796,10041,Embalagem de 220g,Oreo,,"11,32€/Kg","2,49€",https://cdn.intermarche.pt/pt/Content/images/boitmal/produit/zoom/1AB178197ABC736FA7B57AEDFAF90CB9.jpg,,/product/bolachas/7622300744663
4785,"Bolachas fruit & forma, maçã e canela",5000396036138,10796,10041,Embalagem de 220g,McVities,,"12,68€/Kg","2,79€",https://cdn.intermarche.pt/pt/Content/images/boitmal/produit/zoom/BF9D3CB3A0C232FF6535776878C3FCC0.jpg,,/product/bolachas-fruit-&-forma-maca-e-canela/5000396036138
21489,Bolachas recheadas com morango e cheesecake,7622210635105,10796,10041,Embalagem de 150g,Oreo,,"12,27€/Kg","1,89€",https://cdn.intermarche.pt/pt/Content/images/boitmal/produit/zoom/28C4F259CF3A79A20D1087498B888809.jpg,,/product/bolachas-recheadas-com-morango-e-cheesecake/7622210635105
26592,Bolachas brownie tubo,7622210776167,10796,10041,Embalagem de 150g,Oreo,,"12,27€/Kg","1,89€",https://cdn.intermarche.pt/pt/Content/images/boitmal/produit/zoom/9F0328D6F4F62F0E264B2BC1EE5F73A5.jpg,,/product/bolachas-brownie-tubo/7622210776167
29159,Bolacha recheada bocaditos limão,8434165471191,10796,10041,Embalagem de 150g,Cuétara,,"13,27€/Kg","1,99€",https://cdn.intermarche.pt/pt/Content/images/boitmal/produit/zoom/0B3E5572E529A0BC97FE28B16B738B9F.jpg,,/product/bolacha-recheada-bocaditos-limao/8434165471191
17025,Bolacha diet nature recheio creme,8410376044393,10796,10041,Embalagem de 210g,Gullón,,"13,29€/Kg","2,79€",https://cdn.intermarche.pt/pt/Content/images/boitmal/produit/zoom/061CA1DA1A2A63B422542CD68AF6757E.jpg,,/product/bolacha-diet-nature-recheio-creme/8410376044393
35875,Bolachas waffers com recheio de coco,8434165442863,10796,10041,Embalagem de 150 gr,Cuétara,,"13,27€/Kg","1,99€",https://cdn.intermarche.pt/pt/Content/images/boitmal/produit/zoom/E0525114E4376D9F08191CD1AF4525E4.jpg,,/product/bolachas-waffers-com-recheio-de-coco/8434165442863
46183,Waffer de morango,8434165564619,10796,10041,Embalagem de 150g,Cuétara,,"13,27€/Kg","1,99€",https://cdn.intermarche.pt/pt/Content/images/boitmal/produit/zoom/F92F48CCC0C2D680ECF2F24064EABA3F.jpg,,/product/waffer-de-morango/8434165564619
48685,Bolachas Remix Caramelo,7622201499990,10796,10041,Embalagem de 157g,Oreo,,"11,40€/Kg","1,79€",https://cdn.intermarche.pt/pt/Content/images/boitmal/produit/zoom/876328480CC5D8125DE438C4D4FD3730.jpg,,/product/bolachas-remix-caramelo/7622201499990
36519,Bolacha wafer baunilha,5604260292950,10796,10041,Embalagem de 180g,PorSi,,"8,83€/Kg","1,59€",https://cdn.intermarche.pt/pt/Content/images/boitmal/produit/zoom/D5CC0873AFCB2AEB0E5E172360D6348F.jpg,,/product/bolacha-wafer-baunilha/5604260292950
49345,Bolachas Cobertas PiM's Framboesa,7622201639419,10796,10041,Embalagem de 150g,Triunfo,,"14,60€/Kg","2,19€",https://cdn.intermarche.pt/pt/Content/images/boitmal/produit/zoom/BCF859662FA47283BB32D3D428ED7C49.jpg,,/product/bolachas-cobertas-pim's-framboesa/7622201639419
53244,"Bolacha Recheada Dibus Magic, 154g",8410376061697,10796,10041,,Gullon,,"11,62€/Kg","1,79€",https://cdn.intermarche.pt/pt/Content/images/boitmal/produit/zoom/11DE396FADD57C0761C04756C915818D.jpg,,/product/bolacha-recheada-dibus-magic-154g/8410376061697
9986,Bolachas waffer quadratini avelã,8000380004911,10796,10041,Embalagem de 250g,Loacker,,"15,96€/Kg","3,99€",https://cdn.intermarche.pt/pt/Content/images/boitmal/produit/zoom/3E54958F3CEA4B34397471F3864695B3.jpg,,/product/bolachas-waffer-quadratini-avela/8000380004911
14488,Bolachas de Amêndoa,7312220016277,10796,10041,Embalagem de 150G,ANNAS,,"16,60€/Kg","2,49€",https://cdn.intermarche.pt/pt/Content/images/boitmal/produit/zoom/E2E72A60D65B5B7D191132E3D48EA6BF.jpg,,/product/bolachas-de-amendoa/7312220016277
14491,Bolacha Gengibre,7312220011272,10796,10041,Embalagem de 150G,ANNAS,,"16,60€/Kg","2,49€",https://cdn.intermarche.pt/pt/Content/images/boitmal/produit/zoom/66F0F16CD3EF220E1F435F3515429FA0.jpg,,/product/bolacha-gengibre/7312220011272
1478,Bolachas waffers nice baunilha,5601306020461,10796,10041,Embalagem de 250g,Dailidoce,,"9,96€/Kg","2,49€",https://cdn.intermarche.pt/pt/Content/images/boitmal/produit/zoom/A5B488E28636B6F073538EA6CA3180A4.jpg,,/product/bolachas-waffers-nice-baunilha/5601306020461
18514,Bolacha diet nature recheio iogurte,8410376042481,10796,10041,Embalagem de 220g,Gullón,,"13,59€/Kg","2,99€",https://cdn.intermarche.pt/pt/Content/images/boitmal/produit/zoom/EEA98B677556623DADA9CC0CCA2B7CD9.jpg,,/product/bolacha-diet-nature-recheio-iogurte/8410376042481
2601,"Bolachas, cobertura com chocolate branco",7622300491161,10796,10041,Embalagem de 250g,Oreo,,"12,97€/Kg","3,19€",https://cdn.intermarche.pt/pt/Content/images/boitmal/produit/zoom/708F9567DDBC40A43E69B2096C95ABE7.jpg,,/product/bolachas-cobertura-com-chocolate-branco/7622300491161
29647,Bolachas soft bakes recheio morango,7622210833099,10796,10041,Embalagem de 250g,Belvita,,"13,16€/Kg","3,29€",https://cdn.intermarche.pt/pt/Content/images/boitmal/produit/zoom/7CAE6061DAD8D11FBF4DAC8F5FFD88AE.jpg,,/product/bolachas-soft-bakes-recheio-morango/7622210833099
30629,Bolachas de Chocolate com Recheio de Creme Birthday Party,7622210851505,10796,10041,Embalagem de 150g,Oreo,,"12,27€/Kg","1,89€",https://cdn.intermarche.pt/pt/Content/images/boitmal/produit/zoom/57FCF5C6394C54B88D4B5DD1F0EDE8DA.jpg,,/product/bolachas-de-chocolate-com-recheio-de-creme-birthday-party/7622210851505
48725,"Surtido diet nature, 319g",8410376057645,10450,10120,,Gullón,,"21,60€/Kg","6,89€",https://cdn.intermarche.pt/pt/Content/images/boitmal/produit/zoom/1B433ED532C6BD88C39154AFF81EC879.jpg,,/product/surtido-diet-nature-319g/8410376057645
49344,Bolachas Cobertas PiM's Laranja,7622201638337,10796,10041,Embalagem de 150g,Triunfo,,"14,60€/Kg","2,19€",https://cdn.intermarche.pt/pt/Content/images/boitmal/produit/zoom/2CADC4FA1B811C2F73323E31068EEFE9.jpg,,/product/bolachas-cobertas-pim's-laranja/7622201638337
51409,Waffer manteiga amendoim,5604260327690,10796,10041,Embalagem de 200g,PorSi,,"11,95€/Kg","2,39€",https://cdn.intermarche.pt/pt/Content/images/boitmal/produit/zoom/FA8AB0FCE268512BB8A7D34D1491B277.jpg,,/product/waffer-manteiga-amendoim/5604260327690
52971,"Bolachas Cookies Cobertura Chocolate Leite, 200g",8410376069204,10796,10041,,Gullon,,"19,95€/Kg","3,99€",https://cdn.intermarche.pt/pt/Content/images/boitmal/produit/zoom/3BDABAD31A9DB56985C85BD40528B96E.jpg,,/product/bolachas-cookies-cobertura-chocolate-leite-200g/8410376069204
52972,"Bolachas Cookies Cobertura Chocolate Branco, 200g",8410376069198,10796,10041,,Gullon,,"19,95€/Kg","3,99€",https://cdn.intermarche.pt/pt/Content/images/boitmal/produit/zoom/95694DB8A92D7F959B36A9F9CD3D6507.jpg,,/product/bolachas-cookies-cobertura-chocolate-branco-200g/8410376069198
53052,Bolachas Cobertas Moo,7622210405302,10796,10041,Embalagem de 120g,Milka,,"16,58€/Kg","1,99€",https://cdn.intermarche.pt/pt/Content/images/boitmal/produit/zoom/4416F19A6AE6FCA0430ADF4067515015.jpg,,/product/bolachas-cobertas-moo/7622210405302
6409,Bolacha recheada mega duo baunilha,8410376036862,10796,10041,Embalagem de 500g,Gullón,,"6,98€/Kg","3,49€",https://cdn.intermarche.pt/pt/Content/images/boitmal/produit/zoom/047268CFDE992052A6136792814FF14B.jpg,,/product/bolacha-recheada-mega-duo-baunilha/8410376036862
2587,Bolachas mini,7622300165628,10796,10041,Embalagem de 160g,Oreo,,"15,56€/Kg","2,49€",https://cdn.intermarche.pt/pt/Content/images/boitmal/produit/zoom/379964D6691C2653C7F14552CE094A62.jpg,,/product/bolachas-mini/7622300165628
2602,Bolachas com cobertura de chocolate de leite,7622300491215,10796,10041,Embalagem de 250g,Oreo,,"12,97€/Kg","3,19€",https://cdn.intermarche.pt/pt/Content/images/boitmal/produit/zoom/77DF0BC3BE90DFF05D169F9B065129BE.jpg,,/product/bolachas-com-cobertura-de-chocolate-de-leite/7622300491215
16695,Bolacha golden,7622210480002,10796,10041,Embalagem de 154 g,Oreo,,"12,27€/Kg","1,89€",https://cdn.intermarche.pt/pt/Content/images/boitmal/produit/zoom/02C806A23EC6E6DE454722D8F3269953.jpg,,/product/bolacha-golden/7622210480002
2779,Bolachas infantil dinossauros,8410180108038,10251,10041,Embalagem de 190g,Artiach,,"9,14€/Kg","1,69€",https://cdn.intermarche.pt/pt/Content/images/boitmal/produit/zoom/6D63D115534CE580F1302DD713E987C3.jpg,2024-09-25T22:59:59.999Z,/product/bolachas-infantil-dinossauros/8410180108038
17149,Bolacha infantil dinossaurus mini dino cereais,8436048440393,10251,10041,Embalagem de 120g,Artiach,,"11,58€/Kg","1,39€",https://cdn.intermarche.pt/pt/Content/images/boitmal/produit/zoom/49D75D0158B292C84E9F3C8C3B699590.jpg,2024-09-25T22:59:59.999Z,/product/bolacha-infantil-dinossaurus-mini-dino-cereais/8436048440393
15388,Bolachas dinossauros dinoovos,8436048431735,10251,10041,Embalagem de 140g,Artiach,,"11,71€/Kg","1,64€",https://cdn.intermarche.pt/pt/Content/images/boitmal/produit/zoom/FDC4F3535F0B7A465DEB82D49C9892B6.jpg,2024-09-25T22:59:59.999Z,/product/bolachas-dinossauros-dinoovos/8436048431735
30854,Dinos cookienss 185g                 *10,8436048961515,10251,10041,Embalagem de 190g,Artiach,,"9,95€/Kg","1,84€",https://cdn.intermarche.pt/pt/Content/images/boitmal/produit/zoom/E418A1D24BD1237E3139DA658208B51D.jpg,2024-09-25T22:59:59.999Z,/product/dinos-cookienss-185g-*10/8436048961515
25121,Bolachinhas,7613035749016,10251,10041,Embalagem de 180g,Cerelac,,"15,78€/Kg","2,84€",https://cdn.intermarche.pt/pt/Content/images/boitmal/produit/zoom/5BBEF4F801DAFADB1911E5F821051B1F.jpg,2024-10-04T22:59:59.999Z,/product/bolachinhas/7613035749016
26645,Bolachas tosta rica,8434165483965,10251,10041,Embalagem de 570g,Cuétara,,"7,00€/Kg","3,99€",https://cdn.intermarche.pt/pt/Content/images/boitmal/produit/zoom/280E50EBC29DD4AE6A9CCE7FB9666CBB.jpg,,/product/bolachas-tosta-rica/8434165483965
2676,Bolachas chiquilin ositos de mel,8410000809831,10251,10041,Embalagem de 160g,Artiach,,"13,69€/Kg","2,19€",https://cdn.intermarche.pt/pt/Content/images/boitmal/produit/zoom/B2E31B2D017B25AF7CB7406A9DED8959.jpg,,/product/bolachas-chiquilin-ositos-de-mel/8410000809831
28572,Tosta rica mini go,8434165484054,10251,10041,Embalagem de 240g,Cuétara,,"11,63€/Kg","2,79€",https://cdn.intermarche.pt/pt/Content/images/boitmal/produit/zoom/5A734A2EA3B70D54F3B8AB905B577E94.jpg,,/product/tosta-rica-mini-go/8434165484054
2815,Bolacha dibus mini angry birds,8410376039207,10251,10041,Embalagem de 250g,Gullón,,"7,96€/Kg","1,99€",https://cdn.intermarche.pt/pt/Content/images/boitmal/produit/zoom/AB0397C871B4362D94CC806337253C22.jpg,,/product/bolacha-dibus-mini-angry-birds/8410376039207
18497,Bolacha dibus sharkies s/ glúten,8410376044959,10251,10041,Embalagem de 250g,Gullón,,"11,96€/Kg","2,99€",https://cdn.intermarche.pt/pt/Content/images/boitmal/produit/zoom/B55795E6F0CB6562BFC651E2CE12AA97.jpg,,/product/bolacha-dibus-sharkies-s-ou-gluten/8410376044959
53245,"Bolachas Dibus Magic Mix & Go, 208g",8410376065077,10251,10041,,Gullon,,"12,45€/Kg","2,59€",https://cdn.intermarche.pt/pt/Content/images/boitmal/produit/zoom/31C94F511125FF508ED7AC3EEC2DBB07.jpg,,/product/bolachas-dibus-magic-mix-&-go-208g/8410376065077
8983,Bolachas palmi kids,5601489129241,10251,10041,Embalagem de 100g,Du Bois de la Roche,,"11,90€/Kg","1,19€",https://cdn.intermarche.pt/pt/Content/images/boitmal/produit/zoom/11A48F7115E68F6FA2E832A466E960A6.jpg,,/product/bolachas-palmi-kids/5601489129241
33123,Bledina bolachinhas 125g,5601172230551,10251,10041,Embalagem de 130g,Blédina,,"23,12€/Kg","2,89€",https://cdn.intermarche.pt/pt/Content/images/boitmal/produit/zoom/828E5C80E91863B099D4F6D055ABFB4C.jpg,,/product/bledina-bolachinhas-125g/5601172230551
46661,"Snack tubinhos de grão de bico, 20g",5601172231442,10251,10041,,Blédina,,"74,50€/Kg","1,49€",https://cdn.intermarche.pt/pt/Content/images/boitmal/produit/zoom/BF3AD1272297D52F5D446A627FE5168A.jpg,,/product/snack-tubinhos-de-grao-de-bico-20g/5601172231442
51838,Bolachas Chiquilin Chiquichocs Energy,8436048961898,10251,10041,Embalagem de 140g,Artiach,,"15,64€/Kg","2,19€",https://cdn.intermarche.pt/pt/Content/images/boitmal/produit/zoom/AEFCB05BD942A3FA96B15C09570B2BA8.jpg,,/product/bolachas-chiquilin-chiquichocs-energy/8436048961898
52976,"Bolachas Finas Hookies de Chocolate de Leite, 160g",8410376069891,10251,10041,,Gullon,,"17,44€/Kg","2,79€",https://cdn.intermarche.pt/pt/Content/images/boitmal/produit/zoom/7597AEA2A26B4129B747B4044018A9CF.jpg,,/product/bolachas-finas-hookies-de-chocolate-de-leite-160g/8410376069891
31611,Tosta rica oceanix 160g,8434165466357,10251,10041,Embalagem de 160g,Cuétara,,"13,69€/Kg","2,19€",https://cdn.intermarche.pt/pt/Content/images/boitmal/produit/zoom/C1D425022BF9B64295AD3863666AEA48.jpg,,/product/tosta-rica-oceanix-160g/8434165466357
46664,"Snack bolachas de arroz, 30g",5601172231473,10251,10041,,Blédina,,"49,67€/Kg","1,49€",https://cdn.intermarche.pt/pt/Content/images/boitmal/produit/zoom/40AB85C646509B74ECE2F6DEE8BF8C5E.jpg,,/product/snack-bolachas-de-arroz-30g/5601172231473
14711,Bolacha alfa,5601286402332,11747,10041,Embalagem de 180g,Nacional,,"5,94€/Kg","1,07€",https://cdn.intermarche.pt/pt/Content/images/boitmal/produit/zoom/5276D08644D4F57D25BB338DF64F883B.jpg,2024-09-25T22:59:59.999Z,/product/bolacha-alfa/5601286402332
18079,Bolacha shortcake,5601066400923,11747,10041,Embalagem de 180g,Nacional,,"6,89€/Kg","1,24€",https://cdn.intermarche.pt/pt/Content/images/boitmal/produit/zoom/A284E5FC1A6E1FA3EC9C3B429775498D.jpg,2024-09-25T22:59:59.999Z,/product/bolacha-shortcake/5601066400923
2675,Bolachas mini chips ahoy,8410000802771,11747,10041,Embalagem de 160g,Chips Ahoy!,,"11,50€/Kg","1,84€",https://cdn.intermarche.pt/pt/Content/images/boitmal/produit/zoom/DE418FAECA7690A5B269007BDA9C41FA.jpg,2024-09-25T22:59:59.999Z,/product/bolachas-mini-chips-ahoy/8410000802771
35657,Bolacha passitas,5601066400978,11747,10041,Embalagem de 150 g,Nacional,,"8,93€/Kg","1,34€",https://cdn.intermarche.pt/pt/Content/images/boitmal/produit/zoom/8F44D4AF9A68FC51702452973D4627DA.jpg,2024-09-25T22:59:59.999Z,/product/bolacha-passitas/5601066400978
11714,Bolachas mini alfa,5601286402301,11747,10041,Embalagem de 120g,Nacional,,"8,67€/Kg","1,04€",https://cdn.intermarche.pt/pt/Content/images/boitmal/produit/zoom/51EAE1E8FB282C46C3D148FFEA696859.jpg,2024-09-25T22:59:59.999Z,/product/bolachas-mini-alfa/5601286402301
46218,Mini cookies 0% açúcares,5601066401081,11747,10041,Embalagem de 120g,Nacional,,"11,17€/Kg","1,34€",https://cdn.intermarche.pt/pt/Content/images/boitmal/produit/zoom/D77C630E730F5DAF0DA2818E71EA8BBF.jpg,2024-09-25T22:59:59.999Z,/product/mini-cookies-0%25-acucares/5601066401081
2176,Bolachas rosquilhas,5604260261406,11747,10041,Embalagem de 600g,PorSi,,"3,25€/Kg","1,95€",https://cdn.intermarche.pt/pt/Content/images/boitmal/produit/zoom/9CF9ED841DF75DAB4369F47DADEE657B.jpg,,/product/bolachas-rosquilhas/5604260261406
35748,Palmiers,5604260292905,11747,10041,Embalagem de 720 g,PorSi,,"5,26€/Kg","3,79€",https://cdn.intermarche.pt/pt/Content/images/boitmal/produit/zoom/E87B1D2D8B1DDE2BC959D6063F5C6DE0.jpg,,/product/palmiers/5604260292905
1819,"Bolachas starship tradicional, 150g",5604260031634,11747,10041,,PorSi,,"6,60€/Kg","0,99€",https://cdn.intermarche.pt/pt/Content/images/boitmal/produit/zoom/AAB90C85B618F1A7B512DA89D98EF572.jpg,,/product/bolachas-starship-tradicional-150g/5604260031634
2096,Bolachas belgas manteiga,5604260227174,11747,10041,Embalagem de 250g,PorSi,,"7,56€/Kg","1,89€",https://cdn.intermarche.pt/pt/Content/images/boitmal/produit/zoom/E662FF46395A8824E9E534E6C15F2506.jpg,,/product/bolachas-belgas-manteiga/5604260227174
2329,"Bolachas relieve, mel e coco",5604260273102,11747,10041,Embalagem de 700g,PorSi,,"2,84€/Kg","1,99€",https://cdn.intermarche.pt/pt/Content/images/boitmal/produit/zoom/A6CB3FAE8C77BC39D3D57AB389966BBB.jpg,,/product/bolachas-relieve-mel-e-coco/5604260273102
35655,Palmiers,5604260292844,11747,10041,Embalagem de 300 g,PorSi,,"5,63€/Kg","1,69€",https://cdn.intermarche.pt/pt/Content/images/boitmal/produit/zoom/14E9951A3F8F5EFFA970580C94DC2A76.jpg,,/product/palmiers/5604260292844
36788,Preciosas biscoito frisado com sabor a limão,5604260292837,11747,10041,Embalagem de 300 g,PorSi,,"5,30€/Kg","1,59€",https://cdn.intermarche.pt/pt/Content/images/boitmal/produit/zoom/AA16BE65A08E3FB003E8D18EEE144DD5.jpg,,/product/preciosas-biscoito-frisado-com-sabor-a-limao/5604260292837
18488,Bolacha de manteiga belga original,5600744051013,11747,10041,Embalagem de 220g,Saborosa,,"9,05€/Kg","1,99€",https://cdn.intermarche.pt/pt/Content/images/boitmal/produit/zoom/E47AEEFDB6078E82F552ABDA38861231.jpg,,/product/bolacha-de-manteiga-belga-original/5600744051013
2334,Linguas de gato,5604260273867,11747,10041,Embalagem de 200 g,PorSi,,"5,75€/Kg","1,15€",https://cdn.intermarche.pt/pt/Content/images/boitmal/produit/zoom/0F2D0BE1A7D81E4763322C5A5F380CFB.jpg,,/product/linguas-de-gato/5604260273867
41821,Bolachas shortcake,5604260286614,11747,10041,Embalagem de 233 g,PorSi,,"5,88€/Kg","1,37€",https://cdn.intermarche.pt/pt/Content/images/boitmal/produit/zoom/FD337DC162DFE5D0C1D26E6B87066CBE.jpg,,/product/bolachas-shortcake/5604260286614
36693,Areias,5604260293377,11747,10041,Embalagem de 300g,PorSi,,"6,63€/Kg","1,99€",https://cdn.intermarche.pt/pt/Content/images/boitmal/produit/zoom/D74850B23BE8F102A4FEF7DC24D839B9.jpg,,/product/areias/5604260293377
42172,Palmiers,5604260308095,11747,10041,Embalagem de 100g,PorSi,,"8,50€/Kg","0,85€",https://cdn.intermarche.pt/pt/Content/images/boitmal/produit/zoom/39C8FD41E7A7C8C44B5FE21987698BFA.jpg,,/product/palmiers/5604260308095
35656,Línguas de veado,5604260292820,11747,10041,Embalagem de 300 g,PorSi,,"5,97€/Kg","1,79€",https://cdn.intermarche.pt/pt/Content/images/boitmal/produit/zoom/5246515252B7769875EBE31AAE8C8EEF.jpg,,/product/linguas-de-veado/5604260292820
45454,Bolachas de manteiga,5604260310470,11747,10041,Embalagem de 200 g,PorSi,,"7,95€/Kg","1,59€",https://cdn.intermarche.pt/pt/Content/images/boitmal/produit/zoom/F9DD6531FBABC684C6EF9849631B482F.jpg,,/product/bolachas-de-manteiga/5604260310470
1897,Palito la reine,5604260047093,11747,10041,Embalagem de 400 g,PorSi,,"4,98€/Kg","1,99€",https://cdn.intermarche.pt/pt/Content/images/boitmal/produit/zoom/F0DD2C02A1AD2C79BB3DCECC6A913FF7.jpg,,/product/palito-la-reine/5604260047093
35852,Lagartos,5604260292868,11747,10041,Embalagem de 300 gr,PorSi,,"4,97€/Kg","1,49€",https://cdn.intermarche.pt/pt/Content/images/boitmal/produit/zoom/C51C928FD26DC077DB8F1E1D6D8F25D2.jpg,,/product/lagartos/5604260292868
12253,Bolachas de manteiga,7622210293602,11747,10041,Embalagem de 170g,Triunfo,,"11,71€/Kg","1,99€",https://cdn.intermarche.pt/pt/Content/images/boitmal/produit/zoom/5388E83127296877F23028D98C2523F1.jpg,,/product/bolachas-de-manteiga/7622210293602
9599,Biscoitos canudinho recheio cacau,5604260256976,11747,10041,Embalagem de 300g,PorSi,,"9,97€/Kg","2,99€",https://cdn.intermarche.pt/pt/Content/images/boitmal/produit/zoom/53163931F2AD6AD902ECA2430E96CD8D.jpg,,/product/biscoitos-canudinho-recheio-cacau/5604260256976
1828,Butter cookies,5604260032792,11747,10041,Embalagem de 450g,PorSi,,"8,64€/Kg","3,89€",https://cdn.intermarche.pt/pt/Content/images/boitmal/produit/zoom/040CC8429D7C836D9F539BF05B33E96E.jpg,,/product/butter-cookies/5604260032792
2577,Bolachas de aveia,7622210252074,11747,10041,Embalagem de 190g,Triunfo,,"8,89€/Kg","1,69€",https://cdn.intermarche.pt/pt/Content/images/boitmal/produit/zoom/1549878B1887043B8581F850E3C563EA.jpg,,/product/bolachas-de-aveia/7622210252074
1542,Palmiers,5601489300152,11747,10041,Embalagem de 150g,Du Bois de la Roche,,"10,60€/Kg","1,59€",https://cdn.intermarche.pt/pt/Content/images/boitmal/produit/zoom/B99A0A3D0733F211C9C1ECC63259BCA8.jpg,,/product/palmiers/5601489300152
16723,Bolacha vitalday crocante original,8410376041002,11747,10041,Embalagem de 270g,Gullón,,"9,77€/Kg","2,59€",https://cdn.intermarche.pt/pt/Content/images/boitmal/produit/zoom/6BE580F539F144FF40FA8F1E3C6EC842.jpg,,/product/bolacha-vitalday-crocante-original/8410376041002
2672,Bolachas chips ahoy,8410000002904,11747,10041,Embalagem de 130g,Chips Ahoy!,,"16,08€/Kg","2,09€",https://cdn.intermarche.pt/pt/Content/images/boitmal/produit/zoom/BD589AC15D17690FDC8560DC4300A108.jpg,,/product/bolachas-chips-ahoy/8410000002904
21047,Bolachas chiquilin,8436048453409,11747,10041,Embalagem de 180g,Artiach,,"9,66€/Kg","1,69€",https://cdn.intermarche.pt/pt/Content/images/boitmal/produit/zoom/596AE38C8C92F8F8B52A746DB18D778A.jpg,,/product/bolachas-chiquilin/8436048453409
36776,Línguas de gato,5604260292875,11747,10041,Embalagem de 300 g,PorSi,,"4,97€/Kg","1,49€",https://cdn.intermarche.pt/pt/Content/images/boitmal/produit/zoom/9D75004B1E55398AD5D93A6C98D67AB1.jpg,,/product/linguas-de-gato/5604260292875
44258,Bolachas Biscoff,5410126716016,11747,10041,Embalagem de 250g,Lotus,,"11,56€/Kg","2,89€",https://cdn.intermarche.pt/pt/Content/images/boitmal/produit/zoom/15CD2DC4F45EEADD6FEA2B3F25E4C3E9.jpg,,/product/bolachas-biscoff/5410126716016
45710,Lagartos,5604260316083,11747,10041,Embalagem de 750g,PorSi,,"3,45€/Kg","2,59€",https://cdn.intermarche.pt/pt/Content/images/boitmal/produit/zoom/9A152C73FF7B0B679D68D2352B0F3AB4.jpg,,/product/lagartos/5604260316083
10537,Bolachas cookies 0% açúcares,8436048961256,11747,10041,Embalagem de 120 g,Artiach,,"18,25€/Kg","2,19€",https://cdn.intermarche.pt/pt/Content/images/boitmal/produit/zoom/AF7F1AD3747B41051ED05E31B59E954A.jpg,,/product/bolachas-cookies-0%25-acucares/8436048961256
18515,Bolacha diet nature 5 cereais,8410376042498,11747,10041,Embalagem de 220g,Gullón,,"12,92€/Kg","2,79€",https://cdn.intermarche.pt/pt/Content/images/boitmal/produit/zoom/BD1D08D62A486D52C01B01D071A0DE03.jpg,,/product/bolacha-diet-nature-5-cereais/8410376042498
25532,Bolacha vitalday crocante fruta & fibra,8410376046908,11747,10041,Embalagem de 300g,Gullón,,"8,30€/Kg","2,49€",https://cdn.intermarche.pt/pt/Content/images/boitmal/produit/zoom/4E4E6460A1EF467145FC78973352511C.jpg,,/product/bolacha-vitalday-crocante-fruta-&-fibra/8410376046908
36686,Supremas simples,5604260292882,11747,10041,Embalagem de 300 g,PorSi,,"6,30€/Kg","1,89€",https://cdn.intermarche.pt/pt/Content/images/boitmal/produit/zoom/ECC8228771C91BF09070219757A99C8C.jpg,,/product/supremas-simples/5604260292882
14379,Bolachas chiquilin energy,8436048413090,11747,10041,Embalagem de 200g,Artiach,,"13,95€/Kg","2,79€",https://cdn.intermarche.pt/pt/Content/images/boitmal/produit/zoom/FE594F99783E820F92721D6FC1E6C36A.jpg,,/product/bolachas-chiquilin-energy/8436048413090
2253,Biscoitos de canela,5604260267804,11747,10041,Embalagem de 750g,PorSi,,"4,65€/Kg","3,49€",https://cdn.intermarche.pt/pt/Content/images/boitmal/produit/zoom/B3DFE49B7007C309607DD3F853B2F2CE.jpg,,/product/biscoitos-de-canela/5604260267804
31553,Bolachas ricanela,8434165487673,11747,10041,Embalagem de 400g + 100g grátis,Cuétara,,"5,38€/Kg","2,69€",https://cdn.intermarche.pt/pt/Content/images/boitmal/produit/zoom/704C7FA5B397C994B4FF9D3DE7007523.jpg,,/product/bolachas-ricanela/8434165487673
41193,Bolacha Maria sem lactose,5604260304028,10253,10041,Embalagem de 200 g,PorSi Viva Bem,,"4,95€/Kg","0,99€",https://cdn.intermarche.pt/pt/Content/images/boitmal/produit/zoom/E69E1B92070861AB411F6033809FC883.jpg,,/product/bolacha-maria-sem-lactose/5604260304028
34461,Bolacha maria,5604260316823,10253,10041,Doses Individuais 12 x 25 g,PorSi,,"4,97€/Kg","1,49€",https://cdn.intermarche.pt/pt/Content/images/boitmal/produit/zoom/6A8F6F3D1CCE33E2E88D41484A209804.jpg,,/product/bolacha-maria/5604260316823
37864,Bolacha maria dourada,5604260273461,10253,10041,Embalagem de 800g,PorSi,,"2,24€/Kg","1,79€",https://cdn.intermarche.pt/pt/Content/images/boitmal/produit/zoom/DF6C4B865BD4B260CFAD982CCAED0429.jpg,,/product/bolacha-maria-dourada/5604260273461
14198,Bolacha tostada,5604260273683,10253,10041,Embalagem de 800g,PorSi,,"2,11€/Kg","1,69€",https://cdn.intermarche.pt/pt/Content/images/boitmal/produit/zoom/47B6156823D14B63A1CB1620D6DFBB98.jpg,,/product/bolacha-tostada/5604260273683
18084,Bolacha maria doces,5601008100539,10253,10041,Embalagem de 300g,Vieira,,"9,30€/Kg","2,79€",https://cdn.intermarche.pt/pt/Content/images/boitmal/produit/zoom/06A00706FCB824FD1D60E7F2EE96CD14.jpg,,/product/bolacha-maria-doces/5601008100539
36549,Bolachas maria,5604260286584,10253,10041,Embalagem de 800g,PorSi,,"2,24€/Kg","1,79€",https://cdn.intermarche.pt/pt/Content/images/boitmal/produit/zoom/D9CD7422D57317761170CBFB89E3A52E.jpg,,/product/bolachas-maria/5604260286584
31515,Bolacha maria,8434165479852,10253,10041,Embalagem de 3 x 200 g + 33% grátis,Cuétara,,"3,62€/Kg","2,89€",https://cdn.intermarche.pt/pt/Content/images/boitmal/produit/zoom/B152113E6EAE22D131EBF89FB1202108.jpg,,/product/bolacha-maria/8434165479852
1733,Bolachas maria,5604260000456,10253,10041,Embalagem de 200g,PorSi,,"2,95€/Kg","0,59€",https://cdn.intermarche.pt/pt/Content/images/boitmal/produit/zoom/16F2102C19009FE47D0B79AA9EE6AA3A.jpg,,/product/bolachas-maria/5604260000456
2803,Bolacha dourada dietnature,8410376009408,10253,10041,Embalagem de 330g,Gullón,,"9,06€/Kg","2,99€",https://cdn.intermarche.pt/pt/Content/images/boitmal/produit/zoom/70E7F15392B371D305D7FF9AF14F78A2.jpg,,/product/bolacha-dourada-dietnature/8410376009408
6401,Bolachas tostadas,8410376000146,10253,10041,Embalagem de 4x200 g,Gullón,,"4,11€/Kg","3,29€",https://cdn.intermarche.pt/pt/Content/images/boitmal/produit/zoom/475D7F42793FFAC0C5DF2535E8AEECAB.jpg,,/product/bolachas-tostadas/8410376000146
12247,Bolachas maria,7622210244864,10253,10041,Embalagem de 200g,Triunfo,,"6,45€/Kg","1,29€",https://cdn.intermarche.pt/pt/Content/images/boitmal/produit/zoom/8FA52E5B8E275694750DDE0C84965516.jpg,,/product/bolachas-maria/7622210244864
52843,"Bolachas Maria sem Açúcar, 150g",5601008413424,10253,10041,,Vieira,,"12,60€/Kg","1,89€",https://cdn.intermarche.pt/pt/Content/images/boitmal/produit/zoom/F3EF568BA5B86D7D0A6EF8342B7FF51F.jpg,,/product/bolachas-maria-sem-acucar-150g/5601008413424
31592,Bolacha Maria,8434165446984,10253,10041,Embalagem de 200g,Cuétara,,"4,95€/Kg","0,99€",https://cdn.intermarche.pt/pt/Content/images/boitmal/produit/zoom/764193CD26C47FE177757509FFE441D6.jpg,,/product/bolacha-maria/8434165446984
34315,Bolacha maria sem açúcar,5604321024155,10253,10041,Embalagem de 220g,Cemporcento,,"9,05€/Kg","1,99€",https://cdn.intermarche.pt/pt/Content/images/boitmal/produit/zoom/027F372C0CB6CE4BDAB195D11B6B636B.jpg,,/product/bolacha-maria-sem-acucar/5604321024155
27330,Bolacha torrada 800g 33% grátis,5601008101147,10253,10041,Embalagem de 800g,Vieira,,"3,69€/Kg","2,95€",https://cdn.intermarche.pt/pt/Content/images/boitmal/produit/zoom/07B05F91EB7F5A125558F6281AD9F486.jpg,,/product/bolacha-torrada-800g-33%25-gratis/5601008101147
31512,"Bolacha maria oro +33% grátis, 3x200 g",8434165446519,10253,10041,,Cuétara,,"4,37€/Kg","3,49€",https://cdn.intermarche.pt/pt/Content/images/boitmal/produit/zoom/44B0296609C71C771336BB41CFB14249.jpg,,/product/bolacha-maria-oro-+33%25-gratis-3x200-g/8434165446519
31610,Bolacha maria de chocolate,8434165459991,10253,10041,Embalagem de 265g,Cuétara,,"8,64€/Kg","2,29€",https://cdn.intermarche.pt/pt/Content/images/boitmal/produit/zoom/EA7F768C9D6BD3D58A9FB0D7679D15BE.jpg,,/product/bolacha-maria-de-chocolate/8434165459991
32295,Bolacha Maria Hojaldrada,8434165439559,10253,10041, Embalagem de 4x150g,Cuétara,,"5,48€/Kg","3,29€",https://cdn.intermarche.pt/pt/Content/images/boitmal/produit/zoom/3B30D95E6A82F7AEC8BED75EA229FB5F.jpg,,/product/bolacha-maria-hojaldrada/8434165439559
882,"Bolachas aperitivas, simples",5410041001204,10250,10041,Embalagem de 100g,Tuc,,"12,90€/Kg","1,29€",https://cdn.intermarche.pt/pt/Content/images/boitmal/produit/zoom/DB0E5412E4B7AABA821CD2AF0DA3E461.jpg,,/product/bolachas-aperitivas-simples/5410041001204
1538,Bolachas crackers s/ sal,5601489134153,10250,10041,Embalagem de 500g,Du Bois de la Roche,,"7,08€/Kg","3,54€",https://cdn.intermarche.pt/pt/Content/images/boitmal/produit/zoom/73329C1C7148B60B4FEE5767CC439BEF.jpg,,/product/bolachas-crackers-s-ou-sal/5601489134153
1539,Bolachas crackers c/ sal,5601489135150,10250,10041,Embalagem de 500g,Du Bois de la Roche,,"7,08€/Kg","3,54€",https://cdn.intermarche.pt/pt/Content/images/boitmal/produit/zoom/EA5CED0C201EB6AEEFBF2C0179F0BB3D.jpg,,/product/bolachas-crackers-c-ou-sal/5601489135150
2120,Bolachas crackers com sal,5604260252244,10250,10041,Embalagem de 500g,PorSi,,"3,38€/Kg","1,69€",https://cdn.intermarche.pt/pt/Content/images/boitmal/produit/zoom/9ADC1DB6529BCDCF909D89E0F9877D79.jpg,,/product/bolachas-crackers-com-sal/5604260252244
2121,Bolachas cracker sem sal,5604260252251,10250,10041,Embalagem de 500g,PorSi,,"3,78€/Kg","1,89€",https://cdn.intermarche.pt/pt/Content/images/boitmal/produit/zoom/06FA69F2149293ECA4BE7E5B0CD3B7AE.jpg,,/product/bolachas-cracker-sem-sal/5604260252251
883,"Bolachas aperitivas, bacon",5410041143508,10250,10041,Embalagem de 100g,Tuc,,"12,90€/Kg","1,29€",https://cdn.intermarche.pt/pt/Content/images/boitmal/produit/zoom/2FFB8648AC82415A9D0C3A5A879BF623.jpg,,/product/bolachas-aperitivas-bacon/5410041143508
12000,Bolachas cream cracker,5604260000470,10250,10041,Embalagem de 200g,PorSi,,"3,25€/Kg","0,65€",https://cdn.intermarche.pt/pt/Content/images/boitmal/produit/zoom/8AEB035469FAA243B503ADEF758022F8.jpg,,/product/bolachas-cream-cracker/5604260000470
48891,Bolachas de água e sal,5604260319459,10250,10041,Embalagem de 125g,PorSi,,"3,92€/Kg","0,49€",https://cdn.intermarche.pt/pt/Content/images/boitmal/produit/zoom/E03AF7034D49E0031BFA2CB7B202504F.jpg,,/product/bolachas-de-agua-e-sal/5604260319459
1851,Bolachas cream cracker,5604260036950,10250,10041,Embalagem de 600g,PorSi,,"3,32€/Kg","1,99€",https://cdn.intermarche.pt/pt/Content/images/boitmal/produit/zoom/87FE1AA10210CF4D94EE80DAA5C5235C.jpg,,/product/bolachas-cream-cracker/5604260036950
48556,Crackers original,7622210128362,10250,10041,Embalagem de 250g,Tuc,,"11,96€/Kg","2,99€",https://cdn.intermarche.pt/pt/Content/images/boitmal/produit/zoom/33AE27DABE60A5EA6AD911E164C1C6D6.jpg,,/product/crackers-original/7622210128362
48344,Bolachas água e sal,5604260319466,10250,10041,Embalagem de 375g,PorSi,,"3,44€/Kg","1,29€",https://cdn.intermarche.pt/pt/Content/images/boitmal/produit/zoom/F6E3FE24B847D064B96013CD7A12AB4E.jpg,,/product/bolachas-agua-e-sal/5604260319466
950,Bolachas de água e sal,5601008100058,10250,10041,Embalagem de 125 g,Vieira de Castro,,"7,92€/Kg","0,99€",https://cdn.intermarche.pt/pt/Content/images/boitmal/produit/zoom/5BC4A3164BD6082587D987B4AF0BA107.jpg,,/product/bolachas-de-agua-e-sal/5601008100058
11753,Feuilletine,5601489781357,10250,10041,Embalagem de 135 g,Du Bois de la Roche,,"14,74€/Kg","1,99€",https://cdn.intermarche.pt/pt/Content/images/boitmal/produit/zoom/7507F307565E10DF3DF6322B65368856.jpg,,/product/feuilletine/5601489781357
18325,Bolacha cream cracker,5601008100119,10250,10041,Embalagem de 200g,Vieira,,"6,75€/Kg","1,35€",https://cdn.intermarche.pt/pt/Content/images/boitmal/produit/zoom/E837555F80435358C2C42B48DB43F00A.jpg,,/product/bolacha-cream-cracker/5601008100119
24671,Bolacha cream cracker,8434165446434,10250,10041,Embalagem de 200g,Cuétara,,"6,95€/Kg","1,39€",https://cdn.intermarche.pt/pt/Content/images/boitmal/produit/zoom/79C412DFB8439E167BA18ED84FEC20DF.jpg,,/product/bolacha-cream-cracker/8434165446434
26390,Bolacha cracker integral,8434165476424,10250,10041,Embalagem de 200g,Cuétara,,"6,95€/Kg","1,39€",https://cdn.intermarche.pt/pt/Content/images/boitmal/produit/zoom/8951B3D197CC3FEA02F9FC72CEA87374.jpg,,/product/bolacha-cracker-integral/8434165476424
41127,Bolachas de água e sal sem lactose,5604260304035,10250,10041,Embalagem de 125 g,PorSi Viva Bem,,"5,20€/Kg","0,65€",https://cdn.intermarche.pt/pt/Content/images/boitmal/produit/zoom/300425FFC07F2424CA6C2F8344C17839.jpg,,/product/bolachas-de-agua-e-sal-sem-lactose/5604260304035
4867,Bolachas cream & onion,5410041472509,10250,10041,Embalagem de 100g,Tuc,,"12,90€/Kg","1,29€",https://cdn.intermarche.pt/pt/Content/images/boitmal/produit/zoom/66533C86F41EBAC59831FBEF9EABB4DC.jpg,,/product/bolachas-cream-&-onion/5410041472509
18549,Cream cracker 200g,5000396038057,10250,10041,Embalagem de 200g,JACOB'S,,"7,45€/Kg","1,49€",https://cdn.intermarche.pt/pt/Content/images/boitmal/produit/zoom/5AD199DBAD0FCBEA98D9AE57B675B9ED.jpg,,/product/cream-cracker-200g/5000396038057
1536,Boudoirs,5601489018200,10250,10041,Embalagem de 200 g,Du Bois de la Roche,,"13,45€/Kg","2,69€",https://cdn.intermarche.pt/pt/Content/images/boitmal/produit/zoom/8E2E621B6E985564F540A84113C2AEB3.jpg,,/product/boudoirs/5601489018200
1540,Bolachas crackers integral,5601489136157,10250,10041,Embalagem de 500g,Du Bois de la Roche,,"7,08€/Kg","3,54€",https://cdn.intermarche.pt/pt/Content/images/boitmal/produit/zoom/4CA4AF2CD82F932BF057A3D74E80A75C.jpg,,/product/bolachas-crackers-integral/5601489136157
25198,Bolachas cream cracker sesamo,5601008102298,10250,10041,Embalagem de 200g,Vieira,,"8,45€/Kg","1,69€",https://cdn.intermarche.pt/pt/Content/images/boitmal/produit/zoom/92BC97A30D9783421FF1906CFDF18B1B.jpg,,/product/bolachas-cream-cracker-sesamo/5601008102298
18769,Bolachas cream cracker doses individuais,5601008101901,10250,10041,Embalagem de 180g,Vieira,,"8,83€/Kg","1,59€",https://cdn.intermarche.pt/pt/Content/images/boitmal/produit/zoom/06C4F528D5E40FF6174E82D80AEA09C4.jpg,,/product/bolachas-cream-cracker-doses-individuais/5601008101901
28634,Crackers s/ sal superficie,8013355500745,10250,10041,Embalagem de 560g,Gran Pavesi,,"8,02€/Kg","4,49€",https://cdn.intermarche.pt/pt/Content/images/boitmal/produit/zoom/5E496AE6E0A4984DCAC3E8F4C2D5F732.jpg,,/product/crackers-s-ou-sal-superficie/8013355500745
44287,Crackers Integrais,7622201459031,10250,10041,Embalagem de 267g,Tuc,,"11,20€/Kg","2,99€",https://cdn.intermarche.pt/pt/Content/images/boitmal/produit/zoom/A963A4ECD745666D11C5B4122617FC31.jpg,,/product/crackers-integrais/7622201459031
50437,"Crackers quinoa e sementes, 250g",8410376051940,10250,10041,,Gullón,,"11,96€/Kg","2,99€",https://cdn.intermarche.pt/pt/Content/images/boitmal/produit/zoom/B0DB93CF293236F5F82425DBFA3C121C.jpg,,/product/crackers-quinoa-e-sementes-250g/8410376051940
52825,"Bolachas La Cracker Sem Sal, 250g",5600744051532,10250,10041,,C-real,,"9,96€/Kg","2,49€",https://cdn.intermarche.pt/pt/Content/images/boitmal/produit/zoom/DD8EE54E0E1CE24F778058401620122B.jpg,,/product/bolachas-la-cracker-sem-sal-250g/5600744051532
52826,"Bolachas La Cracker com Sal, 250g",5600744051549,10250,10041,,C-real,,"9,96€/Kg","2,49€",https://cdn.intermarche.pt/pt/Content/images/boitmal/produit/zoom/E6AC6D21DE1EE222D343D122130ED736.jpg,,/product/bolachas-la-cracker-com-sal-250g/5600744051549
9946,Bolachas digestive go aveia,7622300654177,10252,10041,Embalagem de 170g,Triunfo,,"8,76€/Kg","1,49€",https://cdn.intermarche.pt/pt/Content/images/boitmal/produit/zoom/A892B3FDA3E33C2B1F68488502542539.jpg,2024-09-25T22:59:59.999Z,/product/bolachas-digestive-go-aveia/7622300654177
2593,Bolachas digestivas go maçã,7622300366827,10252,10041,Embalagem de 170g,Triunfo,,"8,76€/Kg","1,49€",https://cdn.intermarche.pt/pt/Content/images/boitmal/produit/zoom/A6479AEBC41D0948A36A3DCA609B5140.jpg,2024-09-25T22:59:59.999Z,/product/bolachas-digestivas-go-maca/7622300366827
37701,Bolacha de aveia e chia,5601066401036,10252,10041,Embalagem de 300 g,Nacional,,"5,47€/Kg","1,64€",https://cdn.intermarche.pt/pt/Content/images/boitmal/produit/zoom/F2CB06452A56DA05E0C970686532D62B.jpg,2024-09-25T22:59:59.999Z,/product/bolacha-de-aveia-e-chia/5601066401036
16939,Bolacha digestiva go canela,7622210475411,10252,10041,Embalagem de 170g,Triunfo,,"8,71€/Kg","1,49€",https://cdn.intermarche.pt/pt/Content/images/boitmal/produit/zoom/C83726E993B61EE08F4E417A24AC0F22.jpg,2024-09-25T22:59:59.999Z,/product/bolacha-digestiva-go-canela/7622210475411
6148,Bolachas digestive go chocolate,7622300742324,10252,10041,Embalagem de 200g,Triunfo,,"7,45€/Kg","1,49€",https://cdn.intermarche.pt/pt/Content/images/boitmal/produit/zoom/B97BAFEB8B5CDFA0429E96932C026E24.jpg,2024-09-25T22:59:59.999Z,/product/bolachas-digestive-go-chocolate/7622300742324
37702,Bolacha de alfarroba e chocolate,5601066401043,10252,10041,Embalagem de 300 g,Nacional,,"5,57€/Kg","1,67€",https://cdn.intermarche.pt/pt/Content/images/boitmal/produit/zoom/29CEACE96341E2A0CAA4AC72DB2E1479.jpg,2024-09-25T22:59:59.999Z,/product/bolacha-de-alfarroba-e-chocolate/5601066401043
9936,Bolachas digestive go,7622300324216,10252,10041,Embalagem de 160g,Triunfo,,"9,31€/Kg","1,49€",https://cdn.intermarche.pt/pt/Content/images/boitmal/produit/zoom/14EC3DAF1DC7914C115F02B63BBB0B8D.jpg,2024-09-25T22:59:59.999Z,/product/bolachas-digestive-go/7622300324216
10180,Bolacha digestiva de aveia/chocolate,8410376026962,10252,10041,Embalagem de 430g,Gullón,,"9,05€/Kg","3,89€",https://cdn.intermarche.pt/pt/Content/images/boitmal/produit/zoom/BAE0B032D9297DF1942AE213D38E1F33.jpg,,/product/bolacha-digestiva-de-aveia-ou-chocolate/8410376026962
18083,Bolacha digestive aveia 258g,5601008200017,10252,10041,Embalagem de 258 g,Vieira,,"9,65€/Kg","2,49€",https://cdn.intermarche.pt/pt/Content/images/boitmal/produit/zoom/F83AF875AA7966708505018927C302C1.jpg,,/product/bolacha-digestive-aveia-258g/5601008200017
20012,Bolacha craker queijo,7622300571351,10252,10041,Embalagem de 100g,Tuc,,"12,90€/Kg","1,29€",https://cdn.intermarche.pt/pt/Content/images/boitmal/produit/zoom/A7E1DD186B24846CF7742C4E35C9AF6F.jpg,,/product/bolacha-craker-queijo/7622300571351
42987,"Bolachas marítimas chia, 200g",5604260310142,10252,10041,,PorSi Viva Bem,,"9,95€/Kg","1,99€",https://cdn.intermarche.pt/pt/Content/images/boitmal/produit/zoom/0FEB965DE5A3AF1EC2E87DEF5C03397A.jpg,,/product/bolachas-maritimas-chia-200g/5604260310142
49348,Bolacha digestive aveia thin - vieira de castro,5601008102779,10252,10041,Embalagem de 174g,Vieira,,"15,46€/Kg","2,69€",https://cdn.intermarche.pt/pt/Content/images/boitmal/produit/zoom/F29786FFFBEEB7C5F21511392823F962.jpg,,/product/bolacha-digestive-aveia-thin-vieira-de-castro/5601008102779
52818,"Bolachas Breakfast Chocolate com Pepitas, 225g",7622210740427,10252,10041,,Belvita,,"11,07€/Kg","2,49€",https://cdn.intermarche.pt/pt/Content/images/boitmal/produit/zoom/B401863916887BAA8F950CA0BA96EE1C.jpg,,/product/bolachas-breakfast-chocolate-com-pepitas-225g/7622210740427
40554,Bolacha com aveia,5604260302239,10252,10041,Embalagem de 300 g,PorSi,,"3,30€/Kg","0,99€",https://cdn.intermarche.pt/pt/Content/images/boitmal/produit/zoom/E6AF3390E3580778FC2CEB91A28AF049.jpg,,/product/bolacha-com-aveia/5604260302239
42147,Bolachas digestive chocolate,5604260308996,10252,10041,Embalagem de 300g,PorSi,,"5,63€/Kg","1,69€",https://cdn.intermarche.pt/pt/Content/images/boitmal/produit/zoom/4A4068CC0C2DB3223627807AC60DB0FC.jpg,,/product/bolachas-digestive-chocolate/5604260308996
1824,Bolachas integrais,5604260032174,10252,10041,Embalagem de 200g,PorSi,,"5,95€/Kg","1,19€",https://cdn.intermarche.pt/pt/Content/images/boitmal/produit/zoom/4A83A7A32B4838D5FD9ED32B78D7FFF8.jpg,,/product/bolachas-integrais/5604260032174
48892,Bolacha Maria Integral,5604260316816,10252,10041,Embalagem de 600g,PorSi,,"2,48€/Kg","1,49€",https://cdn.intermarche.pt/pt/Content/images/boitmal/produit/zoom/7456B8370276B0BF839077DFBA8A1391.jpg,,/product/bolacha-maria-integral/5604260316816
18080,Bolachas água e sal doces,5601008100560,10252,10041,Embalagem de 170g,Vieira,,"17,20€/Kg","2,89€",https://cdn.intermarche.pt/pt/Content/images/boitmal/produit/zoom/8B7FFF96649C214D2C1F59409B1A23A6.jpg,,/product/bolachas-agua-e-sal-doces/5601008100560
1825,Bolachas de aveia e trigo integral,5604260032181,10252,10041,Embalagem de 240g,PorSi Viva Bem,,"4,96€/Kg","1,19€",https://cdn.intermarche.pt/pt/Content/images/boitmal/produit/zoom/0C6EAA13B16862AB0F0D51E429A7426C.jpg,,/product/bolachas-de-aveia-e-trigo-integral/5604260032181
25523,Bolachas digestive aveia e laranja,8410376047578,10252,10041,Embalagem de 430g,Gullón,,"7,51€/Kg","3,19€",https://cdn.intermarche.pt/pt/Content/images/boitmal/produit/zoom/734B1A602CBB0D656FDF51DC3AE06BBA.jpg,,/product/bolachas-digestive-aveia-e-laranja/8410376047578
31433,Bolachas marinheiras naturais,5604321027040,10252,10041,Embalagem de 200g,Cemporcento,,"12,45€/Kg","2,49€",https://cdn.intermarche.pt/pt/Content/images/boitmal/produit/zoom/0C64FB6F818D4BF04BAF43584E347A27.jpg,,/product/bolachas-marinheiras-naturais/5604321027040
36790,Bolacha vitalday crocante,8410376055740,10252,10041,Embalagem de 280 g,Gullón,,"9,25€/Kg","2,59€",https://cdn.intermarche.pt/pt/Content/images/boitmal/produit/zoom/17186090DEE542810F0985819D8B7AD0.jpg,,/product/bolacha-vitalday-crocante/8410376055740
40753,Palmiers integrais,5604260306169,10252,10041,125 g,PorSi Viva Bem,,"7,12€/Kg","0,89€",https://cdn.intermarche.pt/pt/Content/images/boitmal/produit/zoom/D3C313C1C1A9359364952A130852E1E2.jpg,,/product/palmiers-integrais/5604260306169
42989,"Bolachas marítimas clássicas, 200g",5604260310173,10252,10041,,PorSi Viva Bem,,"9,95€/Kg","1,99€",https://cdn.intermarche.pt/pt/Content/images/boitmal/produit/zoom/16CFDFCB002E044BB78156E396DFE441.jpg,,/product/bolachas-maritimas-classicas-200g/5604260310173
40752,Biscoitos integrais chia,5604260306152,10252,10041,100 g,PorSi Viva Bem,,"9,90€/Kg","0,99€",https://cdn.intermarche.pt/pt/Content/images/boitmal/produit/zoom/163984780A32CFC650EB67A561C9E7F8.jpg,,/product/biscoitos-integrais-chia/5604260306152
40754,Argolas integrais laranja e gengibre,5604260306176,10252,10041,100 g,PorSi Viva Bem,,"9,90€/Kg","0,99€",https://cdn.intermarche.pt/pt/Content/images/boitmal/produit/zoom/2DE7063950624E49C148A488082FC3B1.jpg,,/product/argolas-integrais-laranja-e-gengibre/5604260306176
42990,"Bolachas marítimas integrais, 200g",5604260310159,10252,10041,,PorSi Viva Bem,,"9,95€/Kg","1,99€",https://cdn.intermarche.pt/pt/Content/images/boitmal/produit/zoom/9A02E3B82B06D137F5079EF6685592E7.jpg,,/product/bolachas-maritimas-integrais-200g/5604260310159
4780,Bolacha integral,5000396025026,10252,10041,Embalagem de 400g,McVities,,"6,73€/Kg","2,69€",https://cdn.intermarche.pt/pt/Content/images/boitmal/produit/zoom/64E2EEAC284BAD2371A5359EA7C4E958.jpg,,/product/bolacha-integral/5000396025026
47989,Marinheiras natural bio,5604321034338,10252,10041,Embalagem de 200g,Cemporcento,,"12,45€/Kg","2,49€",https://cdn.intermarche.pt/pt/Content/images/boitmal/produit/zoom/20025D7F84DE5707CC7F00A03C3AEB64.jpg,,/product/marinheiras-natural-bio/5604321034338
18082,Bolacha integral doce,5601008100126,10252,10041,Embalagem de 180g,Vieira,,"11,06€/Kg","1,99€",https://cdn.intermarche.pt/pt/Content/images/boitmal/produit/zoom/ADCB1E2FCDC2094CD1FB954C1076611C.jpg,,/product/bolacha-integral-doce/5601008100126
37890,Bolacha digestiva thins,8410376054064,10252,10041,Embalagem de 270 g,Gullón,,"13,30€/Kg","3,59€",https://cdn.intermarche.pt/pt/Content/images/boitmal/produit/zoom/94D3023892DAE4777490563BD7CD5C09.jpg,,/product/bolacha-digestiva-thins/8410376054064
40755,Argolas integrais maçã e canela,5604260306183,10252,10041,100 g,PorSi Viva Bem,,"11,90€/Kg","1,19€",https://cdn.intermarche.pt/pt/Content/images/boitmal/produit/zoom/D47968174EC3004C751A90F9E4016F0F.jpg,,/product/argolas-integrais-maca-e-canela/5604260306183
42240,Bolacha digestiva chocolate negro,5000396041392,10252,10041,Embalagem de 200g,McVities,,"14,45€/Kg","2,89€",https://cdn.intermarche.pt/pt/Content/images/boitmal/produit/zoom/59A028488E9DEEBD2DDB6138E70C20D4.jpg,,/product/bolacha-digestiva-chocolate-negro/5000396041392
44248,Bolachas Vitalday crocantes aveia e chocolate de leite,8410376058796,10252,10041,Embalagem de 300g,Gullón,,"13,30€/Kg","3,99€",https://cdn.intermarche.pt/pt/Content/images/boitmal/produit/zoom/7D18C380701198623F5E1C2DB20FC7AC.jpg,,/product/bolachas-vitalday-crocantes-aveia-e-chocolate-de-leite/8410376058796
47988,Marinheiras chia bio,5604321033928,10252,10041,Embalagem de 200g,Cemporcento,,"12,45€/Kg","2,49€",https://cdn.intermarche.pt/pt/Content/images/boitmal/produit/zoom/618364C8099EDF801A70A5ECFC53D71A.jpg,,/product/marinheiras-chia-bio/5604321033928
47990,Marinheiras sem sal bio,5604321033935,10252,10041,Embalagem de 200g,Cemporcento,,"12,95€/Kg","2,59€",https://cdn.intermarche.pt/pt/Content/images/boitmal/produit/zoom/910ACE61034DDE67E9C510208391AE46.jpg,,/product/marinheiras-sem-sal-bio/5604321033935
49346,"Bolacha digestive maçã, canela e corintos thin - vieira de castro",5601008102786,10252,10041,Embalagem de 174g,Vieira,,"15,46€/Kg","2,69€",https://cdn.intermarche.pt/pt/Content/images/boitmal/produit/zoom/B5D20795831B71DEC94AD574C202A337.jpg,,/product/bolacha-digestive-maca-canela-e-corintos-thin-vieira-de-castro/5601008102786
49347,Bolacha digestive laranja thin - vieira de castro,5601008102793,10252,10041,Embalagem de 174g,Vieira,,"14,31€/Kg","2,49€",https://cdn.intermarche.pt/pt/Content/images/boitmal/produit/zoom/0DA70EAFA60A42BD001118BE38B09BC0.jpg,,/product/bolacha-digestive-laranja-thin-vieira-de-castro/5601008102793
52817,"Bolachas Breakfast Pepitas Chocolate, 225g",7622210689382,10252,10041,,Belvita,,"11,07€/Kg","2,49€",https://cdn.intermarche.pt/pt/Content/images/boitmal/produit/zoom/ABD57BFC9E62E8D2CE2CC7CC278EE933.jpg,,/product/bolachas-breakfast-pepitas-chocolate-225g/7622210689382
52969,"Bolachas com Arroz Cacau, Cevada e Centeio, 250g",8410376069853,10252,10041,,Gullon,,"15,96€/Kg","3,99€",https://cdn.intermarche.pt/pt/Content/images/boitmal/produit/zoom/3EE194E25432C82A8AE87535615ED5C9.jpg,,/product/bolachas-com-arroz-cacau-cevada-e-centeio-250g/8410376069853
16042,Donuts classic,8410022000025,10259,10041,Embalagem de 200g,Donuts,,"10,95€/Kg","2,19€",https://cdn.intermarche.pt/pt/Content/images/boitmal/produit/zoom/9DE87D45842580C95F36B655B1BA5FC5.jpg,2024-09-25T22:59:59.999Z,/product/donuts-classic/8410022000025
12109,Croissant recheado de cacau/avelã,5604260266623,10259,10041,Embalagem de 315g,PorSi,,"5,68€/Kg","1,79€",https://cdn.intermarche.pt/pt/Content/images/boitmal/produit/zoom/6795F2BE6BA4B87FF4A6E3F7B20FA26B.jpg,,/product/croissant-recheado-de-cacau-ou-avela/5604260266623
34367,4 donuts bombom,8410022000063,10259,10041,Embalagem de 188 g,Donuts,,"11,65€/Kg","2,19€",https://cdn.intermarche.pt/pt/Content/images/boitmal/produit/zoom/9CB64B4A336FCB9A509F3CF43640E631.jpg,2024-09-25T22:59:59.999Z,/product/4-donuts-bombom/8410022000063
46157,"Little bites mini brownies, 200g",5601027949867,10259,10041,,Bimbo,,"11,45€/Kg","2,29€",https://cdn.intermarche.pt/pt/Content/images/boitmal/produit/zoom/6826A3880B6503C4E1FCB22417274C9D.jpg,2024-09-25T22:59:59.999Z,/product/little-bites-mini-brownies-200g/5601027949867
47058,Little bites cenoura laranja,5601027956360,10259,10041,Embalagem de 168g,Bimbo,,"13,63€/Kg","2,29€",https://cdn.intermarche.pt/pt/Content/images/boitmal/produit/zoom/E4F532BE1C8962B815D1C1AD748726FF.jpg,2024-09-25T22:59:59.999Z,/product/little-bites-cenoura-laranja/5601027956360
12107,Napolitanas creme cacau,5604260266609,10259,10041,Embalagem de 320g,PorSi,,"5,53€/Kg","1,77€",https://cdn.intermarche.pt/pt/Content/images/boitmal/produit/zoom/640DEFD4DD0F2AB26696F2CB9CF8757C.jpg,,/product/napolitanas-creme-cacau/5604260266609
12106,Napolitas creme baunilha,5604260266593,10259,10041,Embalagem de 320g,PorSi,,"5,53€/Kg","1,77€",https://cdn.intermarche.pt/pt/Content/images/boitmal/produit/zoom/6C0245A4473A0A953C66A26A82773EDB.jpg,,/product/napolitas-creme-baunilha/5604260266593
12110,Croissant simples,5604260266630,10259,10041,Embalagem de 400g,PorSi,,"4,73€/Kg","1,89€",https://cdn.intermarche.pt/pt/Content/images/boitmal/produit/zoom/CE8C02588DD42DC09C5E2945B36F969F.jpg,,/product/croissant-simples/5604260266630
25310,Bollycao de leite 4 un.,8410022011540,10259,10041,Embalagem de 228 g,Bollycao,,"13,11€/Kg","2,99€",https://cdn.intermarche.pt/pt/Content/images/boitmal/produit/zoom/0AFD08C47BB6CAA380643FB41A88C1DC.jpg,,/product/bollycao-de-leite-4-un./8410022011540
47635,Bimbo® bagels clássico 4 un.,8412600018316,10259,10041,Embalagem de 300g,Bimbo,,"8,97€/Kg","2,69€",https://cdn.intermarche.pt/pt/Content/images/boitmal/produit/zoom/E755B43AF6FC6D3F5BD557A4226DF511.jpg,,/product/bimbo®-bagels-classico-4-un./8412600018316
48103,Bolo marmore,5604260323241,10259,10041,Embalagem de 400g,PorSi,,"5,73€/Kg","2,29€",https://cdn.intermarche.pt/pt/Content/images/boitmal/produit/zoom/A787E89F9F3629C41A73965B8BA15802.jpg,,/product/bolo-marmore/5604260323241
36919,Merendinhas com pepitas de chocolate,5604260288878,10259,10041,Embalagem de 240 g,PorSi,,"7,04€/Kg","1,69€",https://cdn.intermarche.pt/pt/Content/images/boitmal/produit/zoom/7F6BE142EBE5B80F8E6D52D9F350984E.jpg,,/product/merendinhas-com-pepitas-de-chocolate/5604260288878
41625,6 argolas com cobertura glace,5604260309399,10259,10041,Embalagem de 252g,PorSi,,"7,10€/Kg","1,79€",https://cdn.intermarche.pt/pt/Content/images/boitmal/produit/zoom/B1C0EDCD145D4F7A1EE6E0C1AAFAC910.jpg,,/product/6-argolas-com-cobertura-glace/5604260309399
42858,Gofres,5604260309030,10259,10041,Embalagem de 150 g,PorSi,,"8,60€/Kg","1,29€",https://cdn.intermarche.pt/pt/Content/images/boitmal/produit/zoom/B898DFD3051A0BE93E02C9EEB44D8A76.jpg,,/product/gofres/5604260309030
5808,Salame de chocolate tradicional,5604260056132,10259,10041,Embalagem de 450g,PorSi,,"5,76€/Kg","2,59€",https://cdn.intermarche.pt/pt/Content/images/boitmal/produit/zoom/58850FDEF09A76E663CA76E9C9D9797C.jpg,,/product/salame-de-chocolate-tradicional/5604260056132
15886,Manhãzitos original,5601027003859,10259,10041,Embalagem 6x2 unidades,Manhãzitos,,"14,24€/Kg","2,99€",https://cdn.intermarche.pt/pt/Content/images/boitmal/produit/zoom/71329DB5D34C05CB20373BAE1032B91A.jpg,,/product/manhazitos-original/5601027003859
38557,Manhãzitos® planetus 9x2 un.,5601027004764,10259,10041,Embalagem de 315g,Manhãzitos,,"12,67€/Kg","3,99€",https://cdn.intermarche.pt/pt/Content/images/boitmal/produit/zoom/9668562796F86C61BB4FA95BDBF9C111.jpg,,/product/manhazitos®-planetus-9x2-un./5601027004764
26274,5 manhãzitos,5601027002609,10259,10041,Embalagem com 175 g,Bollycao,,"17,09€/Kg","2,99€",https://cdn.intermarche.pt/pt/Content/images/boitmal/produit/zoom/72802AF60F8CD24B8A8E082AF13E9F74.jpg,,/product/5-manhazitos/5601027002609
10086,"Briochoco, 4 unidades",8410087280356,10259,10041,Embalagem de 160g,Dulcesol,,"6,25€/Kg","1,00€",https://cdn.intermarche.pt/pt/Content/images/boitmal/produit/zoom/5C5B0069A9904CAACFA217F78DBB3D6D.jpg,,/product/briochoco-4-unidades/8410087280356
18618,Manhãzitos -50% açúcares,5601027004870,10259,10041,Embalagem 6x2 unidades,Manhãzitos,,"15,19€/Kg","3,19€",https://cdn.intermarche.pt/pt/Content/images/boitmal/produit/zoom/C536B78EEF5079E4091AFA5999C1DFFB.jpg,,/product/manhazitos-50%25-acucares/5601027004870
12128,Fatia de salame de chocolate,5604260269846,10259,10041,Embalagem 60G,PorSi,,"13,17€/Kg","0,79€",https://cdn.intermarche.pt/pt/Content/images/boitmal/produit/zoom/7C52D69D2AA68179031691CCE55BBEE5.jpg,,/product/fatia-de-salame-de-chocolate/5604260269846
16973,Bolo recheio chocolate,5601027000216,10259,10041,Embalagem de 4x57g,Bollycao,,"13,11€/Kg","2,99€",https://cdn.intermarche.pt/pt/Content/images/boitmal/produit/zoom/CBD021435C1D8BADDEB8ADF59C1A5B12.jpg,,/product/bolo-recheio-chocolate/5601027000216
24662,Bolos farci kao,8004905550259,10259,10041,Embalagem de 280g,Midi,,"9,61€/Kg","2,69€",https://cdn.intermarche.pt/pt/Content/images/boitmal/produit/zoom/F475C9EB6D1C9C66CEAD1570A346FA28.jpg,,/product/bolos-farci-kao/8004905550259
9712,Torta natas com cobertura de cacau,5604260271917,10259,10041,Embalagem de 300g,PorSi,,"5,30€/Kg","1,59€",https://cdn.intermarche.pt/pt/Content/images/boitmal/produit/zoom/56F2C17AF8EDE2B7840B03997FF038C4.jpg,,/product/torta-natas-com-cobertura-de-cacau/5604260271917
10076,"Pandorino cacau, 4 unidades, 240g",8410087080499,10259,10041,,Dulcesol,,"4,17€/Kg","1,00€",https://cdn.intermarche.pt/pt/Content/images/boitmal/produit/zoom/4B882DA0AC5CEA4720E9202625E5635B.jpg,,/product/pandorino-cacau-4-unidades-240g/8410087080499
40628,4 bolos com recheio de cacau,5604260301928,10259,10041,Embalagem de 240 g,PorSi,,"7,88€/Kg","1,89€",https://cdn.intermarche.pt/pt/Content/images/boitmal/produit/zoom/6810836AA44064E9A53FECC830D1355C.jpg,,/product/4-bolos-com-recheio-de-cacau/5604260301928
33977,4 Chapelas choco,8410087142180,10259,10041,Embalagem de 200g,Dulcesol,,"5,00€/Kg","1,00€",https://cdn.intermarche.pt/pt/Content/images/boitmal/produit/zoom/ED1E1A6AC3AB8F3B1955FBEDF65BAFD7.jpg,,/product/4-chapelas-choco/8410087142180
36725,Tarte de Amêndoa,5604260293353,10259,10041,Embalagem 400G,PorSi,,"12,48€/Kg","4,99€",https://cdn.intermarche.pt/pt/Content/images/boitmal/produit/zoom/5E77CD6D4D8E2DF1F1B5F38E763424B3.jpg,,/product/tarte-de-amendoa/5604260293353
45721,Tarte de maçã,5604260314669,10259,10041,Embalagem de 400g,PorSi,,"11,23€/Kg","4,49€",https://cdn.intermarche.pt/pt/Content/images/boitmal/produit/zoom/7EA1EA71A8D892979669A26E49D13812.jpg,,/product/tarte-de-maca/5604260314669
47636,Bimbo® bagels sementes 4 un.,8412600018323,10259,10041,Embalagem de 300g,Bimbo,,"8,97€/Kg","2,69€",https://cdn.intermarche.pt/pt/Content/images/boitmal/produit/zoom/64C691C53069BB7F8DA412B00033DFA3.jpg,,/product/bimbo®-bagels-sementes-4-un./8412600018323
51569,Suspiros,5604260327713,10259,10041,Embalagem de 70g,PorSi,,"21,29€/Kg","1,49€",https://cdn.intermarche.pt/pt/Content/images/boitmal/produit/zoom/C39C35DCD5CC90ECE344CA3CC0878938.jpg,,/product/suspiros/5604260327713
53139,"Bolo com Recheio Tiramisu, 280g",8004905550020,10259,10041,,Midi,,"9,61€/Kg","2,69€",https://cdn.intermarche.pt/pt/Content/images/boitmal/produit/zoom/9382581AEBD937D74E37B52916CC38F2.jpg,,/product/bolo-com-recheio-tiramisu-280g/8004905550020
9640,Beijinhos de pombal,5604260266739,10259,10041,Embalagem de 90 g,PorSi,,"32,11€/Kg","2,89€",https://cdn.intermarche.pt/pt/Content/images/boitmal/produit/zoom/7A4491F2DDD39DF18BB95E01B55CF3CF.jpg,,/product/beijinhos-de-pombal/5604260266739
10072,Canas de creme,8410087024806,10259,10041,Embalagem de 250g,Dulcesol,,"4,00€/Kg","1,00€",https://cdn.intermarche.pt/pt/Content/images/boitmal/produit/zoom/C0C5B6E632D439BFB56AF64D9D724EF7.jpg,,/product/canas-de-creme/8410087024806
26176,Bolo recheio chocolate balance,8410022013452,10259,10041,Embalagem de 4x57g,Bollycao,,"14,10€/Kg","2,99€",https://cdn.intermarche.pt/pt/Content/images/boitmal/produit/zoom/74AFC7F4B8995CA6CE14E7A5E8AB700E.jpg,,/product/bolo-recheio-chocolate-balance/8410022013452
36478,Tarte de brigadeiro,5604260293346,10259,10041,Embalagem de 400 g,PorSi,,"9,98€/Kg","3,99€",https://cdn.intermarche.pt/pt/Content/images/boitmal/produit/zoom/CBF2DF5F0D3103637370EEF9FC3343A0.jpg,,/product/tarte-de-brigadeiro/5604260293346
44945,Biscoitos gemas,5604260312191,10259,10041,200 g,PorSi,,"13,45€/Kg","2,69€",https://cdn.intermarche.pt/pt/Content/images/boitmal/produit/zoom/3F9C89C1EDE39D02D9F80E0F3BB6C12B.jpg,,/product/biscoitos-gemas/5604260312191
45716,"Bolo de Iogurte, 500 g",5604260315932,10259,10041,,PorSi,,"9,98€/Kg","3,99€",https://cdn.intermarche.pt/pt/Content/images/boitmal/produit/zoom/B1016B514B90A083896FE95D1AC08AAF.jpg,,/product/bolo-de-iogurte-500-g/5604260315932
45722,Tarte de coco,5604260314676,10259,10041,Embalagem de 400g,PorSi,,"9,98€/Kg","3,99€",https://cdn.intermarche.pt/pt/Content/images/boitmal/produit/zoom/70A786AA537F4AD17103DB17368999BE.jpg,,/product/tarte-de-coco/5604260314676
5460,Mini croissants de cacau,5601363100229,10259,10041,Embalagem de 80g,Chipicao,,"17,38€/Kg","1,39€",https://cdn.intermarche.pt/pt/Content/images/boitmal/produit/zoom/28524B479A0114094EFAD0596AED6357.jpg,,/product/mini-croissants-de-cacau/5601363100229
47145,Sortido Princesa,5601008201120,11750,10041,Embalagem de 200g,Vieira,,"10,45€/Kg","2,09€",https://cdn.intermarche.pt/pt/Content/images/boitmal/produit/zoom/64953FEEC58A838CAD361FBDEFD9CD7F.jpg,2024-09-25T22:59:59.999Z,/product/sortido-princesa/5601008201120
18324,Sortido bolacha princesa,5601008200062,11750,10041,Embalagem de 400g,Vieira,,"8,73€/Kg","3,49€",https://cdn.intermarche.pt/pt/Content/images/boitmal/produit/zoom/F2BBB938B8E911ED012217D69383D872.jpg,2024-09-25T22:59:59.999Z,/product/sortido-bolacha-princesa/5601008200062
26635,"Sortido, 210g",8434165488663,11750,10041,,Cuétara,,"16,62€/Kg","3,49€",https://cdn.intermarche.pt/pt/Content/images/boitmal/produit/zoom/BE60D5120880FE491B799774FF6A55FE.jpg,,/product/sortido-210g/8434165488663
52227,Sortido de bolachas recheio morango,5604260328109,11750,10041,Embalagem de 300g,PorSi,,"9,97€/Kg","2,99€",https://cdn.intermarche.pt/pt/Content/images/boitmal/produit/zoom/5BA39DABC7E835BA981A2321A54EFFC7.jpg,,/product/sortido-de-bolachas-recheio-morango/5604260328109
33478,C surtido cuetara 420gr.              *8,8434165488656,11750,10041,Embalagem de 420g,Cuétara,,"14,26€/Kg","5,99€",https://cdn.intermarche.pt/pt/Content/images/boitmal/produit/zoom/4FEAD6372E1E557AF70B9BD85B20F265.jpg,,/product/c-surtido-cuetara-420gr.-*8/8434165488656
52155,Sortido de bolachas,5604260327737,11750,10041,Embalagem de 350g,PorSi,,"9,40€/Kg","3,29€",https://cdn.intermarche.pt/pt/Content/images/boitmal/produit/zoom/E3AD0E950C70766EB4C366896D00CA4A.jpg,,/product/sortido-de-bolachas/5604260327737
53144,"Bolachas Sortidas Choco Premium, 402g",8410376060874,11750,10041,,Gullon,,"14,65€/Kg","5,89€",https://cdn.intermarche.pt/pt/Content/images/boitmal/produit/zoom/8EED667CC79FA48394BEDA5AF28919FC.jpg,,/product/bolachas-sortidas-choco-premium-402g/8410376060874
22941,Tortitas de arroz sem sal,5604260280940,11816,10041,Embalagem de 130g,PorSi Viva Bem,,"6,08€/Kg","0,79€",https://cdn.intermarche.pt/pt/Content/images/boitmal/produit/zoom/4EC68B3BD9D632DE980E2617EFE6C9E8.jpg,,/product/tortitas-de-arroz-sem-sal/5604260280940
22940,Tortitas de arroz com sal,5604260280933,11816,10041,Embalagem de 130g,PorSi Viva Bem,,"6,08€/Kg","0,79€",https://cdn.intermarche.pt/pt/Content/images/boitmal/produit/zoom/FEB82F496517887CF41B08B1A293748C.jpg,,/product/tortitas-de-arroz-com-sal/5604260280933
51382,Cuetara marinheiros classicas  *9,8434165608030,11816,10041,Embalagem de 150g,Cuétara,,"13,27€/Kg","1,99€",https://cdn.intermarche.pt/pt/Content/images/boitmal/produit/zoom/2941898A7B883A384CA2A16BD2F91202.jpg,,/product/cuetara-marinheiros-classicas-*9/8434165608030
51383,Cuet marinheiros chia-quinoa-lin *9,8434165608023,11816,10041,Embalagem de 150g,Cuétara,,"13,27€/Kg","1,99€",https://cdn.intermarche.pt/pt/Content/images/boitmal/produit/zoom/5C8205D363D4015627AE56BB6ED62258.jpg,,/product/cuet-marinheiros-chia-quinoa-lin-*9/8434165608023
38968,"Tortas de Arroz Integral com Pevides de Abóbora, 130 g",5601557044186,11816,10041,,Salutem,,"13,00€/Kg","1,69€",https://cdn.intermarche.pt/pt/Content/images/boitmal/produit/zoom/DDB683D75C86AE13CD71218BE4328C6A.jpg,,/product/tortas-de-arroz-integral-com-pevides-de-abobora-130-g/5601557044186
39183,"Galete crocante de arroz integral e milho, 130g",5601557047590,11816,10041,,Salutem,,"13,00€/Kg","1,69€",https://cdn.intermarche.pt/pt/Content/images/boitmal/produit/zoom/DD21CB4764741F8DD849FEAD6651E87C.jpg,,/product/galete-crocante-de-arroz-integral-e-milho-130g/5601557047590
39192,"Galete arroz finissima, 130g",5601557049228,11816,10041,,Salutem,,"9,15€/Kg","1,19€",https://cdn.intermarche.pt/pt/Content/images/boitmal/produit/zoom/399AF2CE40AA76D20CC1406872A89B83.jpg,,/product/galete-arroz-finissima-130g/5601557049228
39194,"Galete arroz finissima sem sal, 130g",5601557049242,11816,10041,,Salutem,,"9,15€/Kg","1,19€",https://cdn.intermarche.pt/pt/Content/images/boitmal/produit/zoom/C4DD86E8C261014C970D8539B10BE98F.jpg,,/product/galete-arroz-finissima-sem-sal-130g/5601557049242
48590,"Bolachas marinhas integral salutem, 200g",5601557063521,11816,10041,,Salutem,,"10,95€/Kg","2,19€",https://cdn.intermarche.pt/pt/Content/images/boitmal/produit/zoom/D58CCF3B508C6E8EC8F1E3DDB7F71BF3.jpg,,/product/bolachas-marinhas-integral-salutem-200g/5601557063521
48613,"Bolachas marinhas chia salutem, 200g",5601557063538,11816,10041,,Salutem,,"10,95€/Kg","2,19€",https://cdn.intermarche.pt/pt/Content/images/boitmal/produit/zoom/6FF88716AAEE05578FC4E2561EBE48BA.jpg,,/product/bolachas-marinhas-chia-salutem-200g/5601557063538
48614,"Bolachas marinhas integral salutem, 200g",5601557063545,11816,10041,,Salutem,,"10,95€/Kg","2,19€",https://cdn.intermarche.pt/pt/Content/images/boitmal/produit/zoom/1BDF2C9D7D561B3D5DE7A87582F16C17.jpg,,/product/bolachas-marinhas-integral-salutem-200g/5601557063545
48615,"Bolachas marinhas linhaça salutem, 200g",5601557063552,11816,10041,,Salutem,,"10,95€/Kg","2,19€",https://cdn.intermarche.pt/pt/Content/images/boitmal/produit/zoom/BA9B115A8D3FF8940046379BE2186226.jpg,,/product/bolachas-marinhas-linhaca-salutem-200g/5601557063552
48627,"Mini galete de arroz, 120g",5601557061046,11816,10041,,Salutem,,"20,75€/Kg","2,49€",https://cdn.intermarche.pt/pt/Content/images/boitmal/produit/zoom/FF39C4E7760BA0809D59537315BB99A8.jpg,,/product/mini-galete-de-arroz-120g/5601557061046
22943,Tortitas de milho sem sal,5604260280964,11816,10041,Embalagem de 130g,PorSi Viva Bem,,"6,08€/Kg","0,79€",https://cdn.intermarche.pt/pt/Content/images/boitmal/produit/zoom/F6682EEFF545501EB3F144A484BD09D0.jpg,,/product/tortitas-de-milho-sem-sal/5604260280964
22942,Tortitas de milho com sal,5604260280957,11816,10041,Embalagem de 130g,PorSi Viva Bem,,"6,08€/Kg","0,79€",https://cdn.intermarche.pt/pt/Content/images/boitmal/produit/zoom/81D4CCCC6373200A9EE1E900119044F9.jpg,,/product/tortitas-de-milho-com-sal/5604260280957
14223,Tablete chocolate de leite,5604260292721,10306,10049,embalagem de 100 g,PorSi,,"12,90€/Kg","1,29€",https://cdn.intermarche.pt/pt/Content/images/boitmal/produit/zoom/E23ABA87C72BA66273585754CBCFF134.jpg,2024-10-04T22:59:59.999Z,/product/tablete-chocolate-de-leite/5604260292721
48678,Chocolate de Leite com Bolacha,8000300339413,10306,10049,Embalagem de 100g,Crunch,,"19,90€/Kg","1,99€",https://cdn.intermarche.pt/pt/Content/images/boitmal/produit/zoom/E91214FA36AB3689AEFB2DC3B72715BC.jpg,2024-09-25T22:59:59.999Z,/product/chocolate-de-leite-com-bolacha/8000300339413
508,Tablete chocolate de leite,3045140105502,10306,10049,Embalagem de 100g,Milka,,"19,90€/Kg","1,99€",https://cdn.intermarche.pt/pt/Content/images/boitmal/produit/zoom/913CE6059038FB24D6D6DB0F0F385165.jpg,,/product/tablete-chocolate-de-leite/3045140105502
22840,Tablete de chocolate leite,7613035268388,10306,10049,Embalagem de 130g,Nestlé,,"19,92€/Kg","2,49€",https://cdn.intermarche.pt/pt/Content/images/boitmal/produit/zoom/6CC50597F0349032C086C8C21485FBA4.jpg,,/product/tablete-de-chocolate-leite/7613035268388
29227,Bolachas Recheadas com Chocolate B-Ready,8000500227848,10306,10049,Embalagem de 132 g,Nutella,,"24,92€/Kg","3,29€",https://cdn.intermarche.pt/pt/Content/images/boitmal/produit/zoom/3AE33FDF752BFC54FB7A06813AFDB06D.jpg,,/product/bolachas-recheadas-com-chocolate-b-ready/8000500227848
29835,Tablete chocolate oreo,7622210824721,10306,10049,Embalagem de 90g,Milka,,"21,63€/Kg","1,99€",https://cdn.intermarche.pt/pt/Content/images/boitmal/produit/zoom/AF28777B9B029477D7ED3D2DFE694A90.jpg,,/product/tablete-chocolate-oreo/7622210824721
36714,"Tablete de chocolate com arroz tufado, 100 g",5604260292769,10306,10049,,PorSi,,"12,90€/Kg","1,29€",https://cdn.intermarche.pt/pt/Content/images/boitmal/produit/zoom/7AF9B8E756E45C2AC153C880A107CFAF.jpg,,/product/tablete-de-chocolate-com-arroz-tufado-100-g/5604260292769
7585,Tablete de chocolate leite,4000607850004,10306,10049,Embalagem de 100g,Schogetten,,"13,80€/Kg","1,38€",https://cdn.intermarche.pt/pt/Content/images/boitmal/produit/zoom/27254404FC1D9D9349122187959DAEFB.jpg,,/product/tablete-de-chocolate-leite/4000607850004
832,"Snack de chocolate, pack de 3 unidades",5000159429153,10306,10049,Embalagem de 150g,Snickers,,"19,93€/Kg","2,99€",https://cdn.intermarche.pt/pt/Content/images/boitmal/produit/zoom/2D6CC0587395A7C6753C783A73E3111A.jpg,,/product/snack-de-chocolate-pack-de-3-unidades/5000159429153
848,Chocolate mini,5000189974579,10306,10049,Embalagem de 200g,Kit Kat,,"19,45€/Kg","3,89€",https://cdn.intermarche.pt/pt/Content/images/boitmal/produit/zoom/33F684DC544CDCED4E93A337A33052D5.jpg,,/product/chocolate-mini/5000189974579
26599,Tablete de chocolate leite,7622210693280,10306,10049,Embalagem de 270g,Milka,,"18,48€/Kg","4,99€",https://cdn.intermarche.pt/pt/Content/images/boitmal/produit/zoom/7332FD90ADF2D65FF67BAAF6DF4E088D.jpg,,/product/tablete-de-chocolate-leite/7622210693280
2581,Tablete de chocolate com creme de caramelo,7622300086404,10306,10049,Embalagem de 100g,Milka,,"19,90€/Kg","1,99€",https://cdn.intermarche.pt/pt/Content/images/boitmal/produit/zoom/F8D5162A9CD2BB6CC870C7C585B6D422.jpg,,/product/tablete-de-chocolate-com-creme-de-caramelo/7622300086404
21374,Chocolate maxi 6 barritas,0000080310167,10306,10049,Embalagem de 130g,Kinder,,"23,00€/Kg","2,99€",https://cdn.intermarche.pt/pt/Content/images/boitmal/produit/zoom/504AE94960555605EA2E7C0713F0391E.jpg,,/product/chocolate-maxi-6-barritas/0000080310167
19933,Tablete de chocolate leite bubbly,7622210476838,10306,10049,Embalagem de 90g,Milka,,"22,11€/Kg","1,99€",https://cdn.intermarche.pt/pt/Content/images/boitmal/produit/zoom/28E25E8A2E758F84CE1C2E49551A49B3.jpg,,/product/tablete-de-chocolate-leite-bubbly/7622210476838
2603,Tablete de chocolate,7622300631574,10306,10049,Embalagem de 100g,Milka,,"19,90€/Kg","1,99€",https://cdn.intermarche.pt/pt/Content/images/boitmal/produit/zoom/02BB17BD1727FA5D1A551CABF31FFDD9.jpg,,/product/tablete-de-chocolate/7622300631574
14293,Kinder choc.maxi t10 210g,4008400221021,10306,10049,Embalagem de 210G,Kinder,,"19,00€/Kg","3,99€",https://cdn.intermarche.pt/pt/Content/images/boitmal/produit/zoom/F4552CCB7E2D8A8637455128EEB4432D.jpg,,/product/kinder-choc.maxi-t10-210g/4008400221021
52536,Snack Chocolate Bueno,4008400320328,10306,10049,Embalagem de 3x43g,Kinder,,"23,18€/Kg","2,99€",https://cdn.intermarche.pt/pt/Content/images/boitmal/produit/zoom/7D0C6F0D8A14FE6E20497AD8E847B60F.jpg,,/product/snack-chocolate-bueno/4008400320328
43382,Tablete de chocolate de leite,5604260308583,10306,10049,Embalagem de 200g,PorSi Select,,"11,75€/Kg","2,35€",https://cdn.intermarche.pt/pt/Content/images/boitmal/produit/zoom/10ACAB8F572FAEB9254E0F625EA524B6.jpg,,/product/tablete-de-chocolate-de-leite/5604260308583
6145,Tablete de chocolate daim,7622300370367,10306,10049,Embalagem de 100g,Milka,,"19,90€/Kg","1,99€",https://cdn.intermarche.pt/pt/Content/images/boitmal/produit/zoom/56F3B954FB338E83AF76BA02ADD8C6E3.jpg,,/product/tablete-de-chocolate-daim/7622300370367
833,"Snack  de chocolate, pack de 3 unidades",5000159429245,10306,10049,Embalagem de 3x45 g,Mars,,"21,36€/Kg","2,99€",https://cdn.intermarche.pt/pt/Content/images/boitmal/produit/zoom/444443569A80E5E33EC173AFEA00DA34.jpg,,/product/snack-de-chocolate-pack-de-3-unidades/5000159429245
43336,Tablete de chocolate de leite com caramelo,5604260310425,10306,10049,Embalagem de 100g,PorSi Select,,"14,90€/Kg","1,49€",https://cdn.intermarche.pt/pt/Content/images/boitmal/produit/zoom/498E60DA49B58DBD8733DD48B38DEB97.jpg,,/product/tablete-de-chocolate-de-leite-com-caramelo/5604260310425
460,Tablete de chocolate bolacha,9012200872739,10306,10049,Embalagem de 300g,Milka,,"16,63€/Kg","4,99€",https://cdn.intermarche.pt/pt/Content/images/boitmal/produit/zoom/6F8C876424C90029D1A5E69D3BC77E04.jpg,,/product/tablete-de-chocolate-bolacha/9012200872739
53219,"Chocolate Extrafino Dulce de Leche, 83g",8445290771858,10306,10049,,Nestlé,,"20,36€/Kg","1,69€",https://cdn.intermarche.pt/pt/Content/images/boitmal/produit/zoom/98956F1946F55DAF2594B42A4D09505D.jpg,,/product/chocolate-extrafino-dulce-de-leche-83g/8445290771858
15740,Tablete de chocolate oreo,7622210293381,10306,10049,Embalagem de 300g,Milka,,"16,63€/Kg","4,99€",https://cdn.intermarche.pt/pt/Content/images/boitmal/produit/zoom/D24251E62B6D277735B671C9BA8FD0A9.jpg,,/product/tablete-de-chocolate-oreo/7622210293381
19196,Chocolate chunky,3800020456262,10306,10049,Embalagem de 160g,Kit Kat,,"24,94€/Kg","3,99€",https://cdn.intermarche.pt/pt/Content/images/boitmal/produit/zoom/9225F588BFCBBD1C1F482DA3257FFB07.jpg,,/product/chocolate-chunky/3800020456262
22355,Tablete de chocolate de leite,8593893753082,10306,10049,Embalagem de 90g,Nestlé,,"22,11€/Kg","1,99€",https://cdn.intermarche.pt/pt/Content/images/boitmal/produit/zoom/6015C695DCD2B71343F0EB46B69E1B6C.jpg,,/product/tablete-de-chocolate-de-leite/8593893753082
835,"Snack chocolate, 3 packs",5000159461313,10306,10049,Embalagem de 150 g,Twix,,"19,93€/Kg","2,99€",https://cdn.intermarche.pt/pt/Content/images/boitmal/produit/zoom/3F5C666C1037CB1E687C956A030215E6.jpg,,/product/snack-chocolate-3-packs/5000159461313
19841,Chocolate kit kat,0000040052526,10306,10049,Embalagem de 130g,Kit Kat,,"26,00€/Kg","3,25€",https://cdn.intermarche.pt/pt/Content/images/boitmal/produit/zoom/BA88B703E0F1A0C766A21A37C6F5AA84.jpg,,/product/chocolate-kit-kat/0000040052526
20290,Tablete triple chocolate,7622210609908,10306,10049,Embalagem de 90g,Milka,,"22,11€/Kg","1,99€",https://cdn.intermarche.pt/pt/Content/images/boitmal/produit/zoom/F9C1A236D85F94CD156CD3E856215324.jpg,,/product/tablete-triple-chocolate/7622210609908
20291,Tablete triple caramelo,7622210609885,10306,10049,Embalagem de 90g,Milka,,"22,11€/Kg","1,99€",https://cdn.intermarche.pt/pt/Content/images/boitmal/produit/zoom/5839CAED9313D5038F6618DF343CF462.jpg,,/product/tablete-triple-caramelo/7622210609885
23883,Cadbury chocolate bar supermix r,7622300743574,10306,10049,Embalagem de 45g,Cadbury,,"26,44€/Kg","1,19€",https://cdn.intermarche.pt/pt/Content/images/boitmal/produit/zoom/7882201B487E04E3B875F81A015A9BD1.jpg,,/product/cadbury-chocolate-bar-supermix-r/7622300743574
26393,Chocolate milka oreo,7622210718693,10306,10049,Embalagem de 40g,Milka,,"32,16€/Kg","1,19€",https://cdn.intermarche.pt/pt/Content/images/boitmal/produit/zoom/D5F79E90F11DE17E870BAF91647BB0BB.jpg,,/product/chocolate-milka-oreo/7622210718693
31485,Nutella b-ready t.2,8000500264850,10306,10049,Embalagem de 50g,Nutella,,"35,33€/Kg","1,59€",https://cdn.intermarche.pt/pt/Content/images/boitmal/produit/zoom/994A7823E4FD51781551707B0585B514.jpg,,/product/nutella-b-ready-t.2/8000500264850
43292,Chocolate cheesecake,7622210678171,10306,10049,Embalagem de 300g,Milka,,"16,63€/Kg","4,99€",https://cdn.intermarche.pt/pt/Content/images/boitmal/produit/zoom/69C5E30887DF2D0F453801C4D6E4A654.jpg,,/product/chocolate-cheesecake/7622210678171
51879,"Snack Chocolate de Leite, 9x20,7 g",8445290061294,10306,10049,,Kit Kat,,"13,92€/Kg","2,59€",https://cdn.intermarche.pt/pt/Content/images/boitmal/produit/zoom/E608155CBDB2ABB126CFC078E77EFBF9.jpg,,/product/snack-chocolate-de-leite-9x207-g/8445290061294
830,"Chocolate, 2 pack",5000159407410,10306,10049,Embalagem de 80 g,Snickers,,"24,88€/Kg","1,99€",https://cdn.intermarche.pt/pt/Content/images/boitmal/produit/zoom/D81DE510A764755B3C434D20B393FA91.jpg,,/product/chocolate-2-pack/5000159407410
9891,Snack de chocolate,7613032649647,10306,10049,Embalagem de 130g,Lion,,"18,38€/Kg","2,39€",https://cdn.intermarche.pt/pt/Content/images/boitmal/produit/zoom/81D17A4FA4D6E98C4DA6029A37B9FCCD.jpg,,/product/snack-de-chocolate/7613032649647
22381,Chocolate lion,7613032625474,10306,10049,Embalagem de 40g,Lion,,"30,71€/Kg","1,29€",https://cdn.intermarche.pt/pt/Content/images/boitmal/produit/zoom/2E82A6817FED2FFEF73F47732D00D78F.jpg,,/product/chocolate-lion/7613032625474
2437,"Chocolate, extra single",5900951028502,10306,10049,Embalagem de 80g,Twix,,"26,53€/Kg","1,99€",https://cdn.intermarche.pt/pt/Content/images/boitmal/produit/zoom/562AF9AA86A9FF70473694D73A4E6BFB.jpg,,/product/chocolate-extra-single/5900951028502
2580,Tablete chocolate creme de cacau,7622300033781,10306,10049,Embalagem de 100g,Milka,,"19,90€/Kg","1,99€",https://cdn.intermarche.pt/pt/Content/images/boitmal/produit/zoom/404A712A5EA2681CBDBD2F922EFC84BB.jpg,,/product/tablete-chocolate-creme-de-cacau/7622300033781
34205,"Tablete de chocolate negro, 100 g",8000300300390,10746,10049,,Nestlé,,"19,90€/Kg","1,99€",https://cdn.intermarche.pt/pt/Content/images/boitmal/produit/zoom/69FE7BE7EC39818D3FF314DBE4ECD3FC.jpg,2024-09-25T22:59:59.999Z,/product/tablete-de-chocolate-negro-100-g/8000300300390
48148,Tablete de chocolate negro 74% cacau,5604260322848,10746,10049,Embalagem de 100 g,PorSi Select,,"12,90€/Kg","1,29€",https://cdn.intermarche.pt/pt/Content/images/boitmal/produit/zoom/6E5261B1D47E3033166DBEE63A393E7A.jpg,,/product/tablete-de-chocolate-negro-74%25-cacau/5604260322848
43361,Tablete de chocolate negro com menta,5604260310401,10746,10049,Embalagem de 100g,PorSi Select,,"18,90€/Kg","1,89€",https://cdn.intermarche.pt/pt/Content/images/boitmal/produit/zoom/80BFD277561E81614DD5BF67E61AA97B.jpg,,/product/tablete-de-chocolate-negro-com-menta/5604260310401
7587,Tablete de chocolate preto schoget,4000607852008,10746,10049,Embalagem de 100g,Schogetten,,"13,80€/Kg","1,38€",https://cdn.intermarche.pt/pt/Content/images/boitmal/produit/zoom/E8619392B36AC4B9E4BAE0C41FC6CACF.jpg,,/product/tablete-de-chocolate-preto-schoget/4000607852008
36707,Tablete de chocolate negro,5604260292714,10746,10049,Embalagem de 100 g,PorSi,,"12,90€/Kg","1,29€",https://cdn.intermarche.pt/pt/Content/images/boitmal/produit/zoom/A7F591B248A7EFDC9632CB9AAA34E968.jpg,,/product/tablete-de-chocolate-negro/5604260292714
42959,Tablete de chocolate negro,5604260308569,10746,10049,200 g,PorSi Select,,"11,45€/Kg","2,29€",https://cdn.intermarche.pt/pt/Content/images/boitmal/produit/zoom/05AB9307FBF1E771A363560DDB005DBE.jpg,,/product/tablete-de-chocolate-negro/5604260308569
44785,Chocolate negro 85% cacau,7613039960196,10746,10049,Embalagem de 120g,Nestlé,,"31,58€/Kg","3,79€",https://cdn.intermarche.pt/pt/Content/images/boitmal/produit/zoom/E193EA40CA2247742F14C5EF162DA9C4.jpg,,/product/chocolate-negro-85%25-cacau/7613039960196
22413,Tablete de chocolate preto,7613035314375,10746,10049,Embalagem de 130g,Nestlé,,"22,32€/Kg","2,79€",https://cdn.intermarche.pt/pt/Content/images/boitmal/produit/zoom/3EBD64F76D5E56D19B710C7F803E3D4F.jpg,,/product/tablete-de-chocolate-preto/7613035314375
39427,Milka chocolate tablet cocoa,7622201106621,10746,10049,Embalagem de 100g,Milka,,"19,90€/Kg","1,99€",https://cdn.intermarche.pt/pt/Content/images/boitmal/produit/zoom/B7CFF6D75C915283D1BC7A9FA7DC7501.jpg,,/product/milka-chocolate-tablet-cocoa/7622201106621
43330,Tablete de chocolate negro 85% cacau,5604260310395,10746,10049,Embalagem de 100g,PorSi Select,,"19,90€/Kg","1,99€",https://cdn.intermarche.pt/pt/Content/images/boitmal/produit/zoom/5E53D45B7C26F83595AF5C83B9E35ED2.jpg,,/product/tablete-de-chocolate-negro-85%25-cacau/5604260310395
43362,Tablete de chocolate negro com pedaços,5604260310418,10746,10049,Embalagem de 100g,PorSi Select,,"18,90€/Kg","1,89€",https://cdn.intermarche.pt/pt/Content/images/boitmal/produit/zoom/1D6E873DE7DBAF64570960A58F291B29.jpg,,/product/tablete-de-chocolate-negro-com-pedacos/5604260310418
22356,Tablete de chocolate de preto,8593893753105,10746,10049,Embalagem de 90g,Nestlé,,"22,11€/Kg","1,99€",https://cdn.intermarche.pt/pt/Content/images/boitmal/produit/zoom/09B3016D280503C55A8592D2CD670A60.jpg,,/product/tablete-de-chocolate-de-preto/8593893753105
41781,Tablete de chocolate negro - sem açúcar,5604260308064,10746,10049,Embalagem de 100 g,PorSi Viva Bem,,"14,90€/Kg","1,49€",https://cdn.intermarche.pt/pt/Content/images/boitmal/produit/zoom/9643E3A8A67AF575A1294593282217B9.jpg,,/product/tablete-de-chocolate-negro-sem-acucar/5604260308064
44784,"Tablete Chocolate Preto com Amêndoas, 270g",7613039993354,10746,10049,,Nestlé,,"18,48€/Kg","4,99€",https://cdn.intermarche.pt/pt/Content/images/boitmal/produit/zoom/713B57E56E8920CEB46EBB4BD8CD7A38.jpg,,/product/tablete-chocolate-preto-com-amendoas-270g/7613039993354
12239,Tablete de chocolate meio amargo,7614500010617,10746,10049,Embalagem de 100g,Toblerone,,"34,90€/Kg","3,49€",https://cdn.intermarche.pt/pt/Content/images/boitmal/produit/zoom/146CAD3D67B7CC39309BD7B902FC5A63.jpg,,/product/tablete-de-chocolate-meio-amargo/7614500010617
42151,"Tablete de chocolate preto extra fina, 270 g",7613039994016,10746,10049,,Nestlé,,"18,48€/Kg","4,99€",https://cdn.intermarche.pt/pt/Content/images/boitmal/produit/zoom/27E1D638E2899DE39AA98E8734E8D8D4.jpg,,/product/tablete-de-chocolate-preto-extra-fina-270-g/7613039994016
48242,Tablete chocolate negro c/ flor de sal,5604260318469,10746,10049,Embalagem de 100g,PorSi Select,,"23,90€/Kg","2,39€",https://cdn.intermarche.pt/pt/Content/images/boitmal/produit/zoom/30E3B8953FC93FB19FC8F1056B1B2198.jpg,,/product/tablete-chocolate-negro-c-ou-flor-de-sal/5604260318469
53014,"Tablete Chocolate Preto com Framboesa e Avelã 70% Cacau, 100g",7610400090957,10746,10049,,Lindt,,"39,90€/Kg","3,99€",https://cdn.intermarche.pt/pt/Content/images/boitmal/produit/zoom/81F086CD4AC2666F9E4F3DDACB998A47.jpg,,/product/tablete-chocolate-preto-com-framboesa-e-avela-70%25-cacau-100g/7610400090957
53015,"Tablete Chocolate Preto com Caramelo e Flor de Sal 70% Cacau, 100g",7610400090933,10746,10049,,Lindt,,"39,90€/Kg","3,99€",https://cdn.intermarche.pt/pt/Content/images/boitmal/produit/zoom/A813914A06481DD8002C15418305484F.jpg,,/product/tablete-chocolate-preto-com-caramelo-e-flor-de-sal-70%25-cacau-100g/7610400090933
511,"Tablete de chocolate excellence, 85% cacau",3046920028363,10746,10049,Embalagem de 100g,Lindt,,"32,90€/Kg","3,29€",https://cdn.intermarche.pt/pt/Content/images/boitmal/produit/zoom/05B4E950A6290D86B9B96B210C726A38.jpg,,/product/tablete-de-chocolate-excellence-85%25-cacau/3046920028363
25867,Tablete de chocolate branco,4005500534600,10747,10049,Embalagem de 100 g,Crunch,,"19,90€/Kg","1,99€",https://cdn.intermarche.pt/pt/Content/images/boitmal/produit/zoom/7A2083BB2AB95CD5C6F336E859964865.jpg,2024-09-25T22:59:59.999Z,/product/tablete-de-chocolate-branco/4005500534600
37498,"Tablete chocolate branco, 100g",5604260292745,10747,10049,,PorSi,,"14,90€/Kg","1,49€",https://cdn.intermarche.pt/pt/Content/images/boitmal/produit/zoom/106ACEDA71FEAEF05B1FCF1466B6E67D.jpg,,/product/tablete-chocolate-branco-100g/5604260292745
7578,Tablete de chocolate branco,4000415856601,10747,10049,Embalagem de 100g,Schogetten,,"13,80€/Kg","1,38€",https://cdn.intermarche.pt/pt/Content/images/boitmal/produit/zoom/BB4F2E45B239015D82610C2EA8CB3413.jpg,,/product/tablete-de-chocolate-branco/4000415856601
2646,Chocolate branco,8000500121436,10747,10049,Embalagem de 130g,Kinder,,"23,00€/Kg","2,99€",https://cdn.intermarche.pt/pt/Content/images/boitmal/produit/zoom/CD5BFC26BD8B86E8E1FD2572F77D4C70.jpg,,/product/chocolate-branco/8000500121436
286,Snack chocolate bueno white,0000080761761,10747,10049,Embalagem de 40g,Kinder,,"31,25€/Kg","1,25€",https://cdn.intermarche.pt/pt/Content/images/boitmal/produit/zoom/993E3142FDB97A2129E3343FF32BA9B9.jpg,,/product/snack-chocolate-bueno-white/0000080761761
43290,Chocolate Branco e Óreo,7622201109615,10747,10049,Embalagem de 100g,Milka,,"19,90€/Kg","1,99€",https://cdn.intermarche.pt/pt/Content/images/boitmal/produit/zoom/3A1D00D562B8D4267A1C9A9A8257B353.jpg,,/product/chocolate-branco-e-oreo/7622201109615
52081,"Twix barras de chocolate branco, biscoito e caramelo,",5000159486972,10747,10049,Embalagem de 46g,Twix,,"29,35€/Kg","1,35€",https://cdn.intermarche.pt/pt/Content/images/boitmal/produit/zoom/4BA8BA2B58A7A15BCB97FC51AB2EF6C3.jpg,,/product/twix-barras-de-chocolate-branco-biscoito-e-caramelo/5000159486972
48677,Chocolate Branco Milkybar,8000300371031,10747,10049,Embalagem de 100g,Nestlé,,"23,90€/Kg","2,39€",https://cdn.intermarche.pt/pt/Content/images/boitmal/produit/zoom/2D3745C2E6BFCB0483EA49F17EC56D16.jpg,,/product/chocolate-branco-milkybar/8000300371031
51806,Tablete Chocolate Branco,8000500359884,10747,10049,Embalagem de 90 g,Ferrero Rocher,,"33,22€/Kg","2,99€",https://cdn.intermarche.pt/pt/Content/images/boitmal/produit/zoom/3838B7D93DC44AE3FB1CAD2202C6A822.jpg,,/product/tablete-chocolate-branco/8000500359884
792,Tablete de chocolate branco,4025700001962,10747,10049,Embalagem de 100g,Milka,,"19,90€/Kg","1,99€",https://cdn.intermarche.pt/pt/Content/images/boitmal/produit/zoom/448E206EC3DA3A6C8D51D02D6C9C46F1.jpg,,/product/tablete-de-chocolate-branco/4025700001962
52904,"Chocolate Extrafino Filipinos Branco, 84g",8445290926029,10747,10049,,Nestlé,,"20,12€/Kg","1,69€",https://cdn.intermarche.pt/pt/Content/images/boitmal/produit/zoom/E120C8BF5434763B5E3155415B02A155.jpg,,/product/chocolate-extrafino-filipinos-branco-84g/8445290926029
42957,Tablete de chocolate leite com amêndoas,5604260308576,10751,10049,200 g,PorSi Select,,"11,45€/Kg","2,29€",https://cdn.intermarche.pt/pt/Content/images/boitmal/produit/zoom/44C34F0ACA18F3216BBCCAA771D78F40.jpg,,/product/tablete-de-chocolate-leite-com-amendoas/5604260308576
42958,Tablete de chocolate leite com avelã,5604260308590,10751,10049,200 g,PorSi Select,,"11,45€/Kg","2,29€",https://cdn.intermarche.pt/pt/Content/images/boitmal/produit/zoom/869EFB3C8F5800EA3F44CA820A22A20F.jpg,,/product/tablete-de-chocolate-leite-com-avela/5604260308590
42235,"Tablete de chocolate de leite com amêndoas, 100 g",5604260292776,10751,10049,,PorSi,,"12,90€/Kg","1,29€",https://cdn.intermarche.pt/pt/Content/images/boitmal/produit/zoom/85BF87684A8152785B5A4DE7BC089D09.jpg,,/product/tablete-de-chocolate-de-leite-com-amendoas-100-g/5604260292776
36705,Tablete de chocolate com avelãs,5604260292752,10751,10049,Embalagem de 100 g,PorSi,,"12,90€/Kg","1,29€",https://cdn.intermarche.pt/pt/Content/images/boitmal/produit/zoom/DDEB724702CFFCB079128C0036D24C4F.jpg,,/product/tablete-de-chocolate-com-avelas/5604260292752
41778,Tablete de chocolate de leite com amêndoas - sem açúcar,5604260308033,10751,10049,Embalagem de 100 g,PorSi Viva Bem,,"14,90€/Kg","1,49€",https://cdn.intermarche.pt/pt/Content/images/boitmal/produit/zoom/A3CCE70722E3E70B5DCCB1282E26A3C0.jpg,,/product/tablete-de-chocolate-de-leite-com-amendoas-sem-acucar/5604260308033
26600,Tablete de chocolate leite c/ avelãs,7622210693266,10751,10049,Embalagem de 270g,Milka,,"18,48€/Kg","4,99€",https://cdn.intermarche.pt/pt/Content/images/boitmal/produit/zoom/719CC28901F8BB7348667EFCC4BB476A.jpg,,/product/tablete-de-chocolate-leite-c-ou-avelas/7622210693266
7586,"Tablete de chocolate, leite com avelãs",4000607851001,10751,10049,Embalagem de 100g,Schogetten,,"13,80€/Kg","1,38€",https://cdn.intermarche.pt/pt/Content/images/boitmal/produit/zoom/A76CBC7AD631E0F9A49F005667C29003.jpg,,/product/tablete-de-chocolate-leite-com-avelas/4000607851001
22414,Tablete de chocolate extra fina leite/avelã,7613035268364,10751,10049,Embalagem de 120g,Nestlé,,"20,24€/Kg","2,49€",https://cdn.intermarche.pt/pt/Content/images/boitmal/produit/zoom/7736CE4E28C5141493617380C6AC07C4.jpg,,/product/tablete-de-chocolate-extra-fina-leite-ou-avela/7613035268364
11132,"Bombons de chocolate, praleine",4000415851705,10751,10049,Embalagem de 100g,Schogetten,,"13,80€/Kg","1,38€",https://cdn.intermarche.pt/pt/Content/images/boitmal/produit/zoom/385FD0BFD3F12650D650DAECAB4A0D1D.jpg,,/product/bombons-de-chocolate-praleine/4000415851705
2586,Tablete de chocolate caramelo e avelã,7622300134532,10751,10049,Embalagem de 300g,Milka,,"16,63€/Kg","4,99€",https://cdn.intermarche.pt/pt/Content/images/boitmal/produit/zoom/A1FE4A561B5A263EA7EFD1009E1AA7AB.jpg,,/product/tablete-de-chocolate-caramelo-e-avela/7622300134532
48722,Tablete chocolate de leite e avelã,8000500359488,10751,10049,Embalagem de 90g,Ferrero Rocher,,"31,00€/Kg","2,79€",https://cdn.intermarche.pt/pt/Content/images/boitmal/produit/zoom/DAF1F9A6C85F5C727271CDB738885F5C.jpg,,/product/tablete-chocolate-de-leite-e-avela/8000500359488
48724,Tablete coco e amêndoa,8000500359556,10751,10049,Embalagem de 90g,Raffaello,,"33,22€/Kg","2,99€",https://cdn.intermarche.pt/pt/Content/images/boitmal/produit/zoom/A6628DBB759AC5BC26DB99EA7EF52D12.jpg,,/product/tablete-coco-e-amendoa/8000500359556
21345,Tablete de chocolate caramel peanut,7622210612267,10751,10049,Embalagem de 280g,Milka,,"18,08€/Kg","4,99€",https://cdn.intermarche.pt/pt/Content/images/boitmal/produit/zoom/DCA305427C6FC55B5FD4BD27F3706BB6.jpg,,/product/tablete-de-chocolate-caramel-peanut/7622210612267
2550,Tablete de chocolate de leite,7614500010013,10751,10049,Embalagem de 100g,Toblerone,,"32,90€/Kg","3,29€",https://cdn.intermarche.pt/pt/Content/images/boitmal/produit/zoom/24ECD834AC250A4E2C68F6B3A51B9E03.jpg,,/product/tablete-de-chocolate-de-leite/7614500010013
29726,Tablete de chocolate amêndoa e caramelo,7622210834003,10751,10049,Embalagem de 300g,Milka,,"16,63€/Kg","4,99€",https://cdn.intermarche.pt/pt/Content/images/boitmal/produit/zoom/5F4793EDA4B429BD638EF0BC64C44945.jpg,,/product/tablete-de-chocolate-amendoa-e-caramelo/7622210834003
34557,Barra de chocolate leite,0000076145759,10751,10049,Embalagem de 35g,Toblerone,,"34,00€/Kg","1,19€",https://cdn.intermarche.pt/pt/Content/images/boitmal/produit/zoom/C4485928711B120FA7101017E1AE8382.jpg,,/product/barra-de-chocolate-leite/0000076145759
34898,"Tablete de chocolate amendoim, 90 g",8593893755154,10751,10049,,Nestlé,,"22,11€/Kg","1,99€",https://cdn.intermarche.pt/pt/Content/images/boitmal/produit/zoom/449013C4B28A1EB7B546FAF77B48BC70.jpg,,/product/tablete-de-chocolate-amendoim-90-g/8593893755154
37707,Chocolate de leite com caramelo e amendoim,7622210822383,10751,10049,Embalagem de 90 g,Milka,,"22,11€/Kg","1,99€",https://cdn.intermarche.pt/pt/Content/images/boitmal/produit/zoom/22B3F6C03528779C95C5539369E4F2C3.jpg,,/product/chocolate-de-leite-com-caramelo-e-amendoim/7622210822383
41324,Chocolate de leite e amêndoas,8410172652600,10751,10049,Embalagem de 125g,Milka,,"17,52€/Kg","2,19€",https://cdn.intermarche.pt/pt/Content/images/boitmal/produit/zoom/2E0665E299EA0A1F9C5B24FC8AE2C6F2.jpg,,/product/chocolate-de-leite-e-amendoas/8410172652600
48723,Tablete chocolate negro com avelâ,8000500359815,10751,10049,Embalagem de 90g,Ferrero Rocher,,"33,22€/Kg","2,99€",https://cdn.intermarche.pt/pt/Content/images/boitmal/produit/zoom/70A437D223DC1891B765906BCF5A7B6E.jpg,,/product/tablete-chocolate-negro-com-avela/8000500359815
49454,Chocolate Nutty Choco Wafer,7622201677176,10751,10049,Embalagem de 270g,Milka,,"18,48€/Kg","4,99€",https://cdn.intermarche.pt/pt/Content/images/boitmal/produit/zoom/3E64124087BC991F02897AC4D9496D2F.jpg,,/product/chocolate-nutty-choco-wafer/7622201677176
52022,Tablete de Chocolate de Leite com Amêndoas Inteiras,7622201735654,10751,10049,Embalagem de 270g,Milka,,"18,48€/Kg","4,99€",https://cdn.intermarche.pt/pt/Content/images/boitmal/produit/zoom/DB0854CF84F64042DFE1776A60C1B799.jpg,,/product/tablete-de-chocolate-de-leite-com-amendoas-inteiras/7622201735654
22415,"Tablete de chocolate leite e amêndoa, 120g",7613035314016,10751,10049,,Nestlé,,"20,24€/Kg","2,49€",https://cdn.intermarche.pt/pt/Content/images/boitmal/produit/zoom/C4435238A0B880B5B84CDD571DB00FAD.jpg,,/product/tablete-de-chocolate-leite-e-amendoa-120g/7613035314016
7763,Bombons de chocolate merci,4014400901191,10304,10049,Embalagem de 250g,Merci,,"30,76€/Kg","7,69€",https://cdn.intermarche.pt/pt/Content/images/boitmal/produit/zoom/62C8077B8C028E6BFE4663715DBD5D3C.jpg,,/product/bombons-de-chocolate-merci/4014400901191
22167,Chocolate,7613034944849,10304,10049,Embalagem de 200g,After Eight,,"19,95€/Kg","3,99€",https://cdn.intermarche.pt/pt/Content/images/boitmal/produit/zoom/245F7F4095BCE74B8441E4600DD3127A.jpg,,/product/chocolate/7613034944849
29082,Frutos do mar,5410976140122,10304,10049,250 g,Guylian,,"31,96€/Kg","7,99€",https://cdn.intermarche.pt/pt/Content/images/boitmal/produit/zoom/5300050A251CD9AC5B915C0922AABC75.jpg,,/product/frutos-do-mar/5410976140122
23297,Chocolate,5000189983281,10304,10049,Embalagem de 400 g,After Eight,,"17,98€/Kg","7,19€",https://cdn.intermarche.pt/pt/Content/images/boitmal/produit/zoom/A640EDF5718564B06C1C08C63850BC12.jpg,,/product/chocolate/5000189983281
27415,Bombons collection t24,8000500247167,10304,10049,Embalagem de 270g,Collection,,"44,41€/Kg","11,99€",https://cdn.intermarche.pt/pt/Content/images/boitmal/produit/zoom/E65F7958AB4D76E3386BDC3DEA2EC1A3.jpg,,/product/bombons-collection-t24/8000500247167
43768,"Smarties mini chocolate, 187g",7613287121783,10308,10049,,Smarties,,"18,07€/Kg","3,38€",https://cdn.intermarche.pt/pt/Content/images/boitmal/produit/zoom/7A552A060795A355D30AAAB4BC193B70.jpg,2024-09-25T22:59:59.999Z,/product/smarties-mini-chocolate-187g/7613287121783
14675,Drageias de chocolate de leite,0000040345192,10308,10049,Embalagem de 38g,Smarties,,"30,26€/Kg","1,15€",https://cdn.intermarche.pt/pt/Content/images/boitmal/produit/zoom/E9B97FA300E8AB6ECAA320656A006C28.jpg,2024-09-25T22:59:59.999Z,/product/drageias-de-chocolate-de-leite/0000040345192
53179,"Chocolate Minions Sortido, 20g",8410740911597,10308,10049,,Lacasitos,,"112,00€/Kg","2,24€",https://cdn.intermarche.pt/pt/Content/images/boitmal/produit/zoom/B7C0F3DBCDEAFA40F4AA115036F50C8E.jpg,2024-09-25T22:59:59.999Z,/product/chocolate-minions-sortido-20g/8410740911597
49871,Drageias de chocolate de leite,5604260325160,10308,10049,200 g,PorSi,,"9,45€/Kg","1,89€",https://cdn.intermarche.pt/pt/Content/images/boitmal/produit/zoom/1EC42F97632575FC0B460DEB6A837DA7.jpg,,/product/drageias-de-chocolate-de-leite/5604260325160
34404,Chocolate lion mini,7613034675842,10308,10049,Embalagem de 198 g,Lion,,"18,13€/Kg","3,59€",https://cdn.intermarche.pt/pt/Content/images/boitmal/produit/zoom/E01713645BBE2905958004B9A9FB13F5.jpg,,/product/chocolate-lion-mini/7613034675842
48712,"M&m's drageias de amendoim e chocolate de leite,",5000159386821,10308,10049,Embalagem de 200g,M&M's,,"22,45€/Kg","4,49€",https://cdn.intermarche.pt/pt/Content/images/boitmal/produit/zoom/4CCF8D7717DBC8A64F31A447DC45B064.jpg,,/product/m&m's-drageias-de-amendoim-e-chocolate-de-leite/5000159386821
1040,"Chocolate, tripack",5601055005375,10308,10049,Embalagem de 70g,Pintarolas,,"28,43€/Kg","1,99€",https://cdn.intermarche.pt/pt/Content/images/boitmal/produit/zoom/EE9E24CF7B4A233D7EEFDEFA1D224686.jpg,,/product/chocolate-tripack/5601055005375
47048,"M&m's drageias de chocolate de leite,",4011100005860,10308,10049,Embalagem de 400g,M&M's,,"19,98€/Kg","7,99€",https://cdn.intermarche.pt/pt/Content/images/boitmal/produit/zoom/268962D7CABB546D659E0A4E243D59D2.jpg,,/product/m&m's-drageias-de-chocolate-de-leite/4011100005860
48714,"M&m's drageias de chocolate de leite,",5900951141638,10308,10049,Embalagem de 200g,M&M's,,"23,95€/Kg","4,79€",https://cdn.intermarche.pt/pt/Content/images/boitmal/produit/zoom/66CEBA59E32A178730BC7075240F1601.jpg,,/product/m&m's-drageias-de-chocolate-de-leite/5900951141638
7936,Drageias de chocolate single,5000159020312,10308,10049,Embalagem de 40g,Maltesers,,"34,86€/Kg","1,29€",https://cdn.intermarche.pt/pt/Content/images/boitmal/produit/zoom/DB86992E1CB4957878D8838D3F2994B6.jpg,,/product/drageias-de-chocolate-single/5000159020312
35291,Snack de chocolate crispy,5000159416177,10308,10049,Embalagem de 170 g,M&M's,,"28,18€/Kg","4,79€",https://cdn.intermarche.pt/pt/Content/images/boitmal/produit/zoom/24010876B137F75E5A7CB6401C01F55E.jpg,,/product/snack-de-chocolate-crispy/5000159416177
46684,Mini wafers,7622201492786,10308,10049,Embalagem de 110g,Milka,,"18,09€/Kg","1,99€",https://cdn.intermarche.pt/pt/Content/images/boitmal/produit/zoom/A13043B0E75B0BF7C1B15E84E1493C06.jpg,,/product/mini-wafers/7622201492786
48676,"M&m's drageias de chocolate de leite,",0000040111490,10308,10049,Embalagem de 45g,M&M's,,"30,00€/Kg","1,35€",https://cdn.intermarche.pt/pt/Content/images/boitmal/produit/zoom/28267BA836F4E5BEFA90D31D2C99D948.jpg,,/product/m&m's-drageias-de-chocolate-de-leite/0000040111490
6962,"Chocolate m&m s, amendoim",0000040111445,10308,10049,Embalagem de 45 g,M&M's,,"27,00€/Kg","1,35€",https://cdn.intermarche.pt/pt/Content/images/boitmal/produit/zoom/E5B5F584733A1C8E7D283D280EAC1471.jpg,,/product/chocolate-m&m-s-amendoim/0000040111445
11245,"M&ms pouch, amendoim",4011100005884,10308,10049,Embalagem de 400 g,M&M's,,"19,98€/Kg","7,99€",https://cdn.intermarche.pt/pt/Content/images/boitmal/produit/zoom/DE869D7F093BA8800A8BC7E78EBCC4DC.jpg,,/product/m&ms-pouch-amendoim/4011100005884
52080,"M&m's drageias de brownie e chocolate de leite,",5900951294143,10308,10049,Embalagem de 160g,M&M's,,"28,06€/Kg","4,49€",https://cdn.intermarche.pt/pt/Content/images/boitmal/produit/zoom/D042495DE1BA3766D284E5BEF2AB0BA6.jpg,,/product/m&m's-drageias-de-brownie-e-chocolate-de-leite/5900951294143
47087,"M&m's drageias de caramelo salgado e chocolate de leite,",5900951291685,10308,10049,Embalagem de 160g,M&M's,,"29,94€/Kg","4,79€",https://cdn.intermarche.pt/pt/Content/images/boitmal/produit/zoom/CAC7D29B049D06DC25BCA5BAF898A20F.jpg,,/product/m&m's-drageias-de-caramelo-salgado-e-chocolate-de-leite/5900951291685
2551,Tablete chocolate de iogurte morango,7622200007332,10307,10049,Embalagem de 100g,Milka,,"19,90€/Kg","1,99€",https://cdn.intermarche.pt/pt/Content/images/boitmal/produit/zoom/47259089D2915C67983E5DDFE4FCEE7C.jpg,,/product/tablete-chocolate-de-iogurte-morango/7622200007332
36730,Tablete chocolate com recheio de morango,5604260292738,10307,10049,embalagem de 100 g,PorSi,,"14,90€/Kg","1,49€",https://cdn.intermarche.pt/pt/Content/images/boitmal/produit/zoom/5F17AAEA84329258E9A168A9032BE07D.jpg,,/product/tablete-chocolate-com-recheio-de-morango/5604260292738
40266,Bolachas Recheio de Laranja e Cobertura Chocolate,7622300603281,10307,10049,Embalagem de 147g,Milka,,"16,94€/Kg","2,49€",https://cdn.intermarche.pt/pt/Content/images/boitmal/produit/zoom/40298ABFF8AA91B9118CC24AAE7C9058.jpg,,/product/bolachas-recheio-de-laranja-e-cobertura-chocolate/7622300603281
7588,Tablete de chocolate de morango,4000607854705,10307,10049,Embalagem de 100g,Schogetten,,"13,80€/Kg","1,38€",https://cdn.intermarche.pt/pt/Content/images/boitmal/produit/zoom/ABB3C1FF746FDC439C884FEC27E0F35A.jpg,,/product/tablete-de-chocolate-de-morango/4000607854705
26766,Tablete de Chocolate Excellence Limão,3046920017541,10307,10049,Embalagem de 100 g,Lindt,,"32,90€/Kg","3,29€",https://cdn.intermarche.pt/pt/Content/images/boitmal/produit/zoom/BD26C658B6B8019E331020770884D2F6.jpg,,/product/tablete-de-chocolate-excellence-limao/3046920017541
5114,Snack de chocolate,5601055002237,10307,10049,Embalagem de 70g,Regina,,"28,43€/Kg","1,99€",https://cdn.intermarche.pt/pt/Content/images/boitmal/produit/zoom/294E975E776D89EB31FAF0FA0E31A535.jpg,,/product/snack-de-chocolate/5601055002237
