Product ID,Title,EAN,Family ID,Department ID,Packaging,Brand,Category,Price,Price Per Unit,Image URL,Promo End,Product URL
18942,"Vinho rosé, região do Alentejo",5601989950086,11636,11614,"Garrafa de 0,75 l",Monte Velho,,"5,32€/L","3,99€",https://cdn.intermarche.pt/pt/Content/images/boitmal/produit/zoom/FEEEDC68044EA9454E1EDA15982D1A78.jpg,2024-10-02T22:59:59.999Z,/product/vinho-rose-regiao-do-alentejo/5601989950086
5464,Vinho Rosé DOC Alentejo,5601377000355,11636,11614,"Garrafa de 0,75 l",Monsaraz,,"3,85€/L","2,89€",https://cdn.intermarche.pt/pt/Content/images/boitmal/produit/zoom/857D589A09D645BAF935FFBBE16886D5.jpg,2024-10-02T22:59:59.999Z,/product/vinho-rose-doc-alentejo/5601377000355
21312,Vinho regional alentejano rose,5601012004762,11636,11614,Garrafa de 750 ml,Sossego,,"7,32€/L","5,49€",https://cdn.intermarche.pt/pt/Content/images/boitmal/produit/zoom/4343EC07E115ECDD674B4FBE7671C63F.jpg,,/product/vinho-regional-alentejano-rose/5601012004762
21313,"Vinho Rosé Alentejo, garrafa de 750 ml",5601356013086,11636,11614,,Porta da Ravessa,,"3,99€/L","2,99€",https://cdn.intermarche.pt/pt/Content/images/boitmal/produit/zoom/05B96BA448C262D5E30F8AE739BFA8F1.jpg,,/product/vinho-rose-alentejo-garrafa-de-750-ml/5601356013086
5893,Vinho verde tinto,5604260227341,11651,11615,Garrafa de 0.75 l,Selecção de Enófilos,,"3,05€/L","2,29€",https://cdn.intermarche.pt/pt/Content/images/boitmal/produit/zoom/F1E059862BEFC90182B00F6A6700C6BD.jpg,2024-10-02T22:59:59.999Z,/product/vinho-verde-tinto/5604260227341
5143,Vinho verde branco,5601096201309,11652,11615,Garrafa de 0.75 l,Casal Garcia,,"4,39€/L","3,29€",https://cdn.intermarche.pt/pt/Content/images/boitmal/produit/zoom/056BD080A2D98C87EBA807C039694917.jpg,2024-10-02T22:59:59.999Z,/product/vinho-verde-branco/5601096201309
15278,"Vinho Verde Alvarinho/Trajadura, Branco",5604260276158,11652,11615,Garrafa de 0.75 l,Selecção de Enófilos,,"3,05€/L","2,29€",https://cdn.intermarche.pt/pt/Content/images/boitmal/produit/zoom/4CF10856CF1A2FE5E7F8410980489146.jpg,2024-10-02T22:59:59.999Z,/product/vinho-verde-alvarinho-ou-trajadura-branco/5604260276158
9374,Vinho verde branco,5604260010295,11652,11615,Garrafa de 0.75 l,Selecção de Enófilos,,"2,25€/L","1,69€",https://cdn.intermarche.pt/pt/Content/images/boitmal/produit/zoom/6D717465F4BFD50F3BB7EBAE8269C43C.jpg,2024-10-02T22:59:59.999Z,/product/vinho-verde-branco/5604260010295
5836,Vinho Verde DOC Alvarinho |Branco,5604260101122,11652,11615,Garrafa de 0.75 l,Selecção de Enófilos,,"4,52€/L","3,39€",https://cdn.intermarche.pt/pt/Content/images/boitmal/produit/zoom/8122777F3686AB86C540BA2319544139.jpg,2024-10-02T22:59:59.999Z,/product/vinho-verde-doc-alvarinho-|branco/5604260101122
8898,Vinho verde branco,5601333051674,11652,11615,Garrafa de 750 ml,O Tal Vinho da Lixa,,"2,92€/L","2,19€",https://cdn.intermarche.pt/pt/Content/images/boitmal/produit/zoom/C9A116AB4541BFD961A9DB25113F2C35.jpg,2024-10-02T22:59:59.999Z,/product/vinho-verde-branco/5601333051674
32091,Vinho Verde Loureiro Branco,5601096260313,11652,11615,Garrafa de 0.75 l,Aveleda,,"5,19€/L","3,89€",https://cdn.intermarche.pt/pt/Content/images/boitmal/produit/zoom/D8585377E14C5E1743EA806244A92335.jpg,2024-10-02T22:59:59.999Z,/product/vinho-verde-loureiro-branco/5601096260313
9011,Vinho Verde Alvarinho Branco,5601531101102,11652,11615,Garrafa de 0.75 l,Deu-la-deu,,"7,85€/L","5,89€",https://cdn.intermarche.pt/pt/Content/images/boitmal/produit/zoom/A59DDCB43A3BD6CCA2CD4215292E0BC5.jpg,2024-10-02T22:59:59.999Z,/product/vinho-verde-alvarinho-branco/5601531101102
11811,Vinho verde branco,5601954000709,11652,11615,"Garrafa de 0,75 l",Miranda,,"3,19€/L","2,39€",https://cdn.intermarche.pt/pt/Content/images/boitmal/produit/zoom/FB65A678A00D2C85CD9AA69983F93D9F.jpg,2024-10-04T22:59:59.999Z,/product/vinho-verde-branco/5601954000709
11989,Vinho verde branco,5604067029100,11652,11615,"Garrafa de 0,75 l",Torre de Menagem,,"4,92€/L","3,69€",https://cdn.intermarche.pt/pt/Content/images/boitmal/produit/zoom/2D1E463F24F79B6C0A0A88422196095E.jpg,2024-10-02T22:59:59.999Z,/product/vinho-verde-branco/5604067029100
12104,"Vinho doc loureiro, verde",5604260266487,11652,11615,Garrafa de 0.75 l,Selecção de Enófilos,,"2,65€/L","1,99€",https://cdn.intermarche.pt/pt/Content/images/boitmal/produit/zoom/19A857732D592B058A0DF61CCCEC7A0D.jpg,2024-10-02T22:59:59.999Z,/product/vinho-doc-loureiro-verde/5604260266487
30640,Casal garcia sweet 750ml/1,5601096200319,11652,11615,Garrafa de 750 ml,Casal Garcia,,"4,39€/L","3,29€",https://cdn.intermarche.pt/pt/Content/images/boitmal/produit/zoom/E6354E41A55876775EB91C9CC772E23E.jpg,2024-10-02T22:59:59.999Z,/product/casal-garcia-sweet-750ml-ou-1/5601096200319
11990,Vinho verde branco alvarinho,5604067039000,11652,11615,Garrafa de 0.75 l,Quintas de Melgaço,,"11,85€/L","8,89€",https://cdn.intermarche.pt/pt/Content/images/boitmal/produit/zoom/9EB8EF785C8704DC6218759EEDC6B93C.jpg,2024-10-02T22:59:59.999Z,/product/vinho-verde-branco-alvarinho/5604067039000
15480,Vinho verde,5601448025089,11652,11615,Garrafa de 750 ml,Via Latina,,"3,19€/L","2,39€",https://cdn.intermarche.pt/pt/Content/images/boitmal/produit/zoom/10E7346EF594C51D2AD9DB349034CC11.jpg,2024-10-02T22:59:59.999Z,/product/vinho-verde/5601448025089
5322,Vinho verde,5601213188216,11652,11615,Garrafa de 750 ml,Casal Mendes,,"5,32€/L","3,99€",https://cdn.intermarche.pt/pt/Content/images/boitmal/produit/zoom/559C0A1F0E95F7CCC7722C6DB6F5E142.jpg,,/product/vinho-verde/5601213188216
21254,Vinho verde branco,5601096213333,11652,11615,Garrafa de 750 ml,Aveleda,,"6,65€/L","4,99€",https://cdn.intermarche.pt/pt/Content/images/boitmal/produit/zoom/094EF2C01AC6AAFB8F3DDCBB432888F4.jpg,,/product/vinho-verde-branco/5601096213333
15481,Vinho verde,5601448105521,11652,11615,Garrafa de 0.75 l,Felgueiras,,"3,59€/L","2,69€",https://cdn.intermarche.pt/pt/Content/images/boitmal/produit/zoom/14776862A9D2A961F4965920072C3746.jpg,,/product/vinho-verde/5601448105521
4985,Vinho verde,5601012045505,11652,11615,Garrafa de 750 ml,Gazela,,"5,32€/L","3,99€",https://cdn.intermarche.pt/pt/Content/images/boitmal/produit/zoom/EF597CF55A23ED9453F03A3DE7FD131F.jpg,,/product/vinho-verde/5601012045505
9054,Vinho verde loureiro,5601731204016,11652,11615,Garrafa de 75 cl,Ponte lima,,"5,72€/L","4,29€",https://cdn.intermarche.pt/pt/Content/images/boitmal/produit/zoom/F26F6374522C630E57F3B60442D4F2AA.jpg,,/product/vinho-verde-loureiro/5601731204016
11727,Vinho verde branco,5601349013673,11652,11615,Garrafa de 1 l,3 marias,,"3,29€/L","3,29€",https://cdn.intermarche.pt/pt/Content/images/boitmal/produit/zoom/A81BCAF54881777811300CE8D032B128.jpg,,/product/vinho-verde-branco/5601349013673
5160,Vinho verde bordaleza,5601110130134,11652,11615,Garrafa de 750 ml,Lagosta,,"5,32€/L","3,99€",https://cdn.intermarche.pt/pt/Content/images/boitmal/produit/zoom/1505AB3FFB4C6D180CD2B7FE32871508.jpg,,/product/vinho-verde-bordaleza/5601110130134
9013,Vinho verde branco,5601531101126,11652,11615,Garrafa de 380 ml,Muralhas,,"8,92€/L","3,39€",https://cdn.intermarche.pt/pt/Content/images/boitmal/produit/zoom/4C0690D07CD9B82D5039BC320D5BB268.jpg,,/product/vinho-verde-branco/5601531101126
11812,Vinho verde branco,5601954000716,11652,11615,Garrafa de 0.75 l,Presidente,,"4,92€/L","3,69€",https://cdn.intermarche.pt/pt/Content/images/boitmal/produit/zoom/49FE76AE8F6E708035A4894F93A01F96.jpg,,/product/vinho-verde-branco/5601954000716
5529,Vinho verde branco,5601731202036,11652,11615,Garrafa de 75 cl,Ponte lima,,"4,92€/L","3,69€",https://cdn.intermarche.pt/pt/Content/images/boitmal/produit/zoom/7337A3DF90A55E12CD87FA7825ABF122.jpg,,/product/vinho-verde-branco/5601731202036
5530,Vinho verde branco,5601731203019,11652,11615,Garrafa de 75 cl,Ponte lima,,"4,92€/L","3,69€",https://cdn.intermarche.pt/pt/Content/images/boitmal/produit/zoom/3F53DDC28341AB20B1F908D2C2302C40.jpg,,/product/vinho-verde-branco/5601731203019
5145,Vinho verde rosé,5601096328303,11653,11615,Garrafa de 0.75 l,Casal Garcia,,"4,39€/L","3,29€",https://cdn.intermarche.pt/pt/Content/images/boitmal/produit/zoom/20A894B5576B761A4D61341AC01C602C.jpg,2024-10-02T22:59:59.999Z,/product/vinho-verde-rose/5601096328303
5892,Vinho verde rosé,5604260227334,11653,11615,Garrafa de 0.75 l,Selecção de Enófilos,,"3,05€/L","2,29€",https://cdn.intermarche.pt/pt/Content/images/boitmal/produit/zoom/08C1CB9A5232879FBE335336AAFBB8C8.jpg,2024-10-02T22:59:59.999Z,/product/vinho-verde-rose/5604260227334
38058,Vinho verde rosé,5601012001525,11653,11615,Garrafa de 0.75 l,Gazela,,"5,32€/L","3,99€",https://cdn.intermarche.pt/pt/Content/images/boitmal/produit/zoom/51D9B5CC2ABAFF556EF6D3727F28CF34.jpg,,/product/vinho-verde-rose/5601012001525
8506,Vinho verde rosé,5601110003995,11653,11615,Garrafa de 750 ml,Lagosta,,"5,32€/L","3,99€",https://cdn.intermarche.pt/pt/Content/images/boitmal/produit/zoom/206AC9092500856B62BB80F3627ACAF1.jpg,,/product/vinho-verde-rose/5601110003995
40528,Vinho tinto,5604260295609,11655,11616,embalagem de 1 litro,PorSi,,"0,89€/L","0,89€",https://cdn.intermarche.pt/pt/Content/images/boitmal/produit/zoom/EED8925C57A575BB165C86EA057B2CFD.jpg,,/product/vinho-tinto/5604260295609
5997,Vinho tinto,5604655235104,11655,11616,Garrafa de 75 cl,Adega grande,,"2,47€/L","1,85€",https://cdn.intermarche.pt/pt/Content/images/boitmal/produit/zoom/0962DCA6C9C979A5ED9BCA8436CF0078.jpg,,/product/vinho-tinto/5604655235104
40655,Vinho tinto,5604260301614,11655,11616,embalagem de 5 litros,PorSi,,"1,04€/L","5,19€",https://cdn.intermarche.pt/pt/Content/images/boitmal/produit/zoom/CE018C57E1806D7693FA207989C0E541.jpg,,/product/vinho-tinto/5604260301614
51564,Vinho tinto,5604260324293,11655,11616,Garrafa de 1 l,PorSi,,"1,79€/L","1,79€",https://cdn.intermarche.pt/pt/Content/images/boitmal/produit/zoom/643D7626FDAA8BC2BAF2036C0235A4B2.jpg,,/product/vinho-tinto/5604260324293
11676,Vinho maduro tinto,5601239510114,11655,11616,Garrafa de 250 ml,Casal da Eira,,"2,76€/L","0,69€",https://cdn.intermarche.pt/pt/Content/images/boitmal/produit/zoom/7333C85020ABA3FC11714B81D5974EBD.jpg,,/product/vinho-maduro-tinto/5601239510114
9115,Vinho tinto,5601989001818,11655,11616,Garrafa de 750 ml,Alandra,,"4,65€/L","3,49€",https://cdn.intermarche.pt/pt/Content/images/boitmal/produit/zoom/52ED3C0F65ED40D6446A053DF08259C8.jpg,,/product/vinho-tinto/5601989001818
11542,Vinho maduto tinto,5601110003162,11655,11616,Embalagem de 1 l,Casal da Eira,,"1,69€/L","1,69€",https://cdn.intermarche.pt/pt/Content/images/boitmal/produit/zoom/BE3BE16DA6A3BBB9FDBCFBEB363F562D.jpg,,/product/vinho-maduto-tinto/5601110003162
21260,"Vinho maduro branco, garrafa de 0.75 l",5601766300141,11656,11616,,Alorna,,"7,99€/L","5,99€",https://cdn.intermarche.pt/pt/Content/images/boitmal/produit/zoom/27C4CDA59587CF51C5C73B217727AFA6.jpg,2024-10-02T22:59:59.999Z,/product/vinho-maduro-branco-garrafa-de-0.75-l/5601766300141
40527,Vinho branco,5604260295593,11656,11616,embalagem de 1 litro,PorSi,,"0,89€/L","0,89€",https://cdn.intermarche.pt/pt/Content/images/boitmal/produit/zoom/6D11A0209FE8DAC6C278C3B7F4443AF6.jpg,,/product/vinho-branco/5604260295593
40526,Vinho branco,5604260295586,11656,11616,embalagem de  3X187 ml,PorSi,,"2,12€/L","1,19€",https://cdn.intermarche.pt/pt/Content/images/boitmal/produit/zoom/81B81B08303B4DEA27E372E232AB7555.jpg,,/product/vinho-branco/5604260295586
5995,Vinho maduro branco meio seco,5604655235005,11656,11616,Garrafa de 750 ml,Adega grande,,"2,47€/L","1,85€",https://cdn.intermarche.pt/pt/Content/images/boitmal/produit/zoom/B8265D195A660DDCF256D27779DB57C3.jpg,,/product/vinho-maduro-branco-meio-seco/5604655235005
40737,Vinho branco,5604260301621,11656,11616,Bag-in-box de 5 litros,PorSi,,"1,08€/L","5,39€",https://cdn.intermarche.pt/pt/Content/images/boitmal/produit/zoom/8AFCBD2E5A4D52A85F10F3D8804BE9A4.jpg,,/product/vinho-branco/5604260301621
11541,Vinho maduro branco,5601110003155,11656,11616,Garrafa de 1 l,Casal da Eira,,"1,69€/L","1,69€",https://cdn.intermarche.pt/pt/Content/images/boitmal/produit/zoom/39459A2DB8194099389EC41AC5447C0C.jpg,,/product/vinho-maduro-branco/5601110003155
9116,Vinho branco,5601989001962,11656,11616,Garrafa de 750 ml,Alandra,,"4,65€/L","3,49€",https://cdn.intermarche.pt/pt/Content/images/boitmal/produit/zoom/C3DEE979630999A9F480D363BD9C9EB2.jpg,,/product/vinho-branco/5601989001962
11677,Vinho maduro branco,5601239520113,11656,11616,Embalagem de 250 ml,Casal da Eira,,"2,76€/L","0,69€",https://cdn.intermarche.pt/pt/Content/images/boitmal/produit/zoom/37A7D3EA9D66495C29B5E1EECF55624A.jpg,,/product/vinho-maduro-branco/5601239520113
51563,Vinho branco,5604260324286,11656,11616,Garrafa de 1 l,PorSi,,"1,79€/L","1,79€",https://cdn.intermarche.pt/pt/Content/images/boitmal/produit/zoom/7DF4F4A90D1BAC9CE3D588D017D4487E.jpg,,/product/vinho-branco/5604260324286
11907,Vinho verde branco loureiro,5600386431020,11656,11616,Garrafa de 0.75 l,Quinta do Regainho,,"6,65€/L","4,99€",https://cdn.intermarche.pt/pt/Content/images/boitmal/produit/zoom/07FA5E5ED9C244587B67D31D150CA1EE.jpg,,/product/vinho-verde-branco-loureiro/5600386431020
36282,Vinho branco frisante,5602016061096,11658,11616,Garrafa de 0.75 l,Cacho Fresco,,"2,19€/L","1,64€",https://cdn.intermarche.pt/pt/Content/images/boitmal/produit/zoom/5A84D9FCFD5D8797917DBD1BC3DA5748.jpg,2024-10-02T22:59:59.999Z,/product/vinho-branco-frisante/5602016061096
37485,Vinho rosé frisante,5602016141033,11658,11616,Garrafa de 0.75 l,Cacho Fresco,,"2,19€/L","1,64€",https://cdn.intermarche.pt/pt/Content/images/boitmal/produit/zoom/FF86331B5FA926BAAE69E1C280139991.jpg,2024-10-02T22:59:59.999Z,/product/vinho-rose-frisante/5602016141033
4984,Vinho rosé,5601012011500,11658,11616,Garrafa de 750 ml,Mateus,,"4,33€/L","3,25€",https://cdn.intermarche.pt/pt/Content/images/boitmal/produit/zoom/7610C8D5121203BD98F5BBCA0E5D26B2.jpg,,/product/vinho-rose/5601012011500
9108,Vinho rosé regional tejo,5601971791437,11658,11616,Garrafa de 750 ml,Plexus,,"3,32€/L","2,49€",https://cdn.intermarche.pt/pt/Content/images/boitmal/produit/zoom/937E53444A45D8FB277ADFC1FCA16A4F.jpg,,/product/vinho-rose-regional-tejo/5601971791437
9196,Vinho Regional de Lisboa Branco,5602523120101,11658,11616,"Garrafa de 0,75L",Mundus,,"2,65€/L","1,99€",https://cdn.intermarche.pt/pt/Content/images/boitmal/produit/zoom/31E3B22E10310CCAB55DE3B2B7EC5084.jpg,,/product/vinho-regional-de-lisboa-branco/5602523120101
11662,Vinho rosé,5601213184867,11658,11616,Garrafa de 750 ml,Casal Mendes,,"5,32€/L","3,99€",https://cdn.intermarche.pt/pt/Content/images/boitmal/produit/zoom/C37416CE2F596240F137715C3855AA29.jpg,,/product/vinho-rose/5601213184867
22655,Lambrusco rosé,8008820148447,11658,11616,Garrafa de 0.75 l,Sorbello,,"3,99€/L","2,99€",https://cdn.intermarche.pt/pt/Content/images/boitmal/produit/zoom/B8608CD34D613092187F919E49F2FAB5.jpg,,/product/lambrusco-rose/8008820148447
11462,Vinho rosé mateus emotion,5601012000917,11658,11616,Garrafa de 750 ml,Mateus,,"5,99€/L","4,49€",https://cdn.intermarche.pt/pt/Content/images/boitmal/produit/zoom/B3DD4EA5A2B0E46CF2164D3BE430526D.jpg,,/product/vinho-rose-mateus-emotion/5601012000917
11549,Vinho rosé,5601129033105,11658,11616,Garrafa de 0.75 l,Gatão,,"4,65€/L","3,49€",https://cdn.intermarche.pt/pt/Content/images/boitmal/produit/zoom/77ED30BE816411BC85689CCBB961DC3B.jpg,,/product/vinho-rose/5601129033105
9109,Vinho Branco Regional Tejo,5601971795534,11658,11616,Garrafa de 750 ml,Plexus,,"3,32€/L","2,49€",https://cdn.intermarche.pt/pt/Content/images/boitmal/produit/zoom/B887FB2929A26D4F368512C04A53A261.jpg,,/product/vinho-branco-regional-tejo/5601971795534
9134,"Vinho rosé, meio seco",5602016031013,11658,11616,Garrafa de 750 ml,Leziria,,"2,39€/L","1,79€",https://cdn.intermarche.pt/pt/Content/images/boitmal/produit/zoom/51E82E21E368643743A9BCE9E3D965C6.jpg,,/product/vinho-rose-meio-seco/5602016031013
11865,Vinho maduro branco,5602206102073,11658,11616,Garrafa de 75 cl,Ala dos namorados,,"2,65€/L","1,99€",https://cdn.intermarche.pt/pt/Content/images/boitmal/produit/zoom/973F883232B77E58D341E6032BC6D7BB.jpg,,/product/vinho-maduro-branco/5602206102073
8575,Vinho rosé,5601142192636,11658,11616,Garrafa 0.75L,Lancers,,"5,32€/L","3,99€",https://cdn.intermarche.pt/pt/Content/images/boitmal/produit/zoom/0A92124217891685B42B4ABE10F886C8.jpg,,/product/vinho-rose/5601142192636
9197,Vinho Regional de Lisboa Rosé,5602523130025,11658,11616,"Garrafa de 0,75 l",Mundus,,"2,65€/L","1,99€",https://cdn.intermarche.pt/pt/Content/images/boitmal/produit/zoom/0457D1CD43D6FA71CBC67D1EE76CDDF9.jpg,,/product/vinho-regional-de-lisboa-rose/5602523130025
9396,Vinho frisante branco,5604260326747,11658,11616,Garrafa de 750 ml,Selecção de Enófilos,,"2,52€/L","1,89€",https://cdn.intermarche.pt/pt/Content/images/boitmal/produit/zoom/6837E7B210CC4DFAB79FF3A5496AEE0D.jpg,,/product/vinho-frisante-branco/5604260326747
9397,Vinho frisante rosé,5604260326754,11658,11616,Garrafa de 750 ml,Selecção de Enófilos,,"2,52€/L","1,89€",https://cdn.intermarche.pt/pt/Content/images/boitmal/produit/zoom/7ABCBCE10930000796FD800AC1227615.jpg,,/product/vinho-frisante-rose/5604260326754
46477,Sangria tinta,5604260317080,11659,11616,Garrafa de 1.5 litros,PorSi,,"1,13€/L","1,69€",https://cdn.intermarche.pt/pt/Content/images/boitmal/produit/zoom/E66F94AA9CE9F7961A29ECAD0CA5F188.jpg,,/product/sangria-tinta/5604260317080
12377,Sangria pet,8410261151625,11659,11616,"Garrafa de 1,5 l",Don Simon,,"1,53€/L","2,29€",https://cdn.intermarche.pt/pt/Content/images/boitmal/produit/zoom/6885116A6B92C779DDA30B3B2C8650AB.jpg,,/product/sangria-pet/8410261151625
20410,Sangria branca,8410261151311,11659,11616,"Garrafa de 1,5 l",Don Simon,,"1,53€/L","2,29€",https://cdn.intermarche.pt/pt/Content/images/boitmal/produit/zoom/99CFAD31D24EE1F86904D8787045CEF3.jpg,,/product/sangria-branca/8410261151311
20515,Sangria,5601096360303,11659,11616,Garrafa de 750 ml,Casal Garcia,,"5,85€/L","4,39€",https://cdn.intermarche.pt/pt/Content/images/boitmal/produit/zoom/B2A419587BC37CD68479B6EF2C3DB381.jpg,,/product/sangria/5601096360303
46476,Sangria branca,5604260317073,11659,11616,Garrafa de 1.5 litros,PorSi,,"1,19€/L","1,79€",https://cdn.intermarche.pt/pt/Content/images/boitmal/produit/zoom/141ADB1FEB02D4E6554F38BCDE194A70.jpg,,/product/sangria-branca/5604260317073
32255,Sangria frutos vermelhos,5601096011205,11659,11616,Garrafa de 0.75 l,Casal Garcia,,"6,65€/L","4,99€",https://cdn.intermarche.pt/pt/Content/images/boitmal/produit/zoom/364348C463F355254BDE31E86B75329E.jpg,,/product/sangria-frutos-vermelhos/5601096011205
11445,"Bebida açucarada  tinto de verão, clássico",5600318520013,11659,11616,"Garrafa de 1,5 l",Sandevid,,"1,33€/L","1,99€",https://cdn.intermarche.pt/pt/Content/images/boitmal/produit/zoom/92A9D3AE7125620FF31ACFE4A8B47EDD.jpg,,/product/bebida-acucarada-tinto-de-verao-classico/5600318520013
11446,"Bebida açucarada  tinto de verão, limão",5600318520020,11659,11616,"Garrafa de 1,5 l",Sandevid,,"1,33€/L","1,99€",https://cdn.intermarche.pt/pt/Content/images/boitmal/produit/zoom/A5CB0DF1D89C5A97B4317620E25B71A9.jpg,,/product/bebida-acucarada-tinto-de-verao-limao/5600318520020
25077,Sangria branca,5601096360310,11659,11616,Garrafa de 750 ml,Casal Garcia,,"5,85€/L","4,39€",https://cdn.intermarche.pt/pt/Content/images/boitmal/produit/zoom/F0F23BB680C6422AA99B26452FCE1389.jpg,,/product/sangria-branca/5601096360310
53926,"Tinto de Verano Limão, 1.5L",8410283346504,11659,11616,,La Casera,,"1,53€/L","2,29€",https://cdn.intermarche.pt/pt/Content/images/boitmal/produit/zoom/7FF9051166714BDD98FB949D3E047038.jpg,,/product/tinto-de-verano-limao-1.5l/8410283346504
11830,"Sangria tinta, bag in the box",5602016125019,11659,11616,Garrafa de 5 l,Leziria,,"1,60€/L","7,99€",https://cdn.intermarche.pt/pt/Content/images/boitmal/produit/zoom/A4FBAC2B655C9A3073596432CB32DC92.jpg,,/product/sangria-tinta-bag-in-the-box/5602016125019
53927,"Tinto de Verano Limão, 330ml",8410283303750,11659,11616,,La Casera,,"2,88€/L","0,95€",https://cdn.intermarche.pt/pt/Content/images/boitmal/produit/zoom/5F91E1537637BD59B912B5C15AC6B328.jpg,,/product/tinto-de-verano-limao-330ml/8410283303750
9059,Moscatel favaios,5601752080026,11660,11617,Garrafa de 750 ml,Favaios,,"6,65€/L","4,99€",https://cdn.intermarche.pt/pt/Content/images/boitmal/produit/zoom/DF39336F6EA3566B2D576B52A17EFAB5.jpg,2024-10-02T22:59:59.999Z,/product/moscatel-favaios/5601752080026
20648,Moscatel Roxo Setúbal,5601174305004,11660,11617,Garrafa de 750 ml,Alambre,,"15,99€/L","11,99€",https://cdn.intermarche.pt/pt/Content/images/boitmal/produit/zoom/0F031D29405B80D49FF22BA171BE944B.jpg,2024-10-02T22:59:59.999Z,/product/moscatel-roxo-setubal/5601174305004
29234,Moscatel de setúbal,5608527000494,11660,11617,Garrafa de 750 ml,Dom Campos,,"5,85€/L","4,39€",https://cdn.intermarche.pt/pt/Content/images/boitmal/produit/zoom/A85665CBA474506EE45240B1972A7C9E.jpg,2024-10-02T22:59:59.999Z,/product/moscatel-de-setubal/5608527000494
5298,Moscatel de setúbal,5601174301006,11660,11617,"Garrafa de 0,75L",Alambre,,"6,65€/L","4,99€",https://cdn.intermarche.pt/pt/Content/images/boitmal/produit/zoom/81D385C430532672DD6A0698676ADB78.jpg,2024-10-02T22:59:59.999Z,/product/moscatel-de-setubal/5601174301006
9380,Moscatel de setúbal,5604260031184,11660,11617,"Garrafa de 0,75 l",Selecção de Enófilos,,"5,32€/L","3,99€",https://cdn.intermarche.pt/pt/Content/images/boitmal/produit/zoom/E7C7E2B10913486B61EBF6CB6827C3CC.jpg,,/product/moscatel-de-setubal/5604260031184
8793,Moscatel de Setúbal,5601237219224,11660,11617,Garrafa de 750 ml,Quinta da Bacalhôa,,"8,92€/L","6,69€",https://cdn.intermarche.pt/pt/Content/images/boitmal/produit/zoom/5A865B36724F498458E09F7BC38A1FA8.jpg,,/product/moscatel-de-setubal/5601237219224
9417,Moscatel do Douro,5604260047826,11660,11617,"Garrafa de 0,75 l",Selecção de Enófilos,,"6,65€/L","4,99€",https://cdn.intermarche.pt/pt/Content/images/boitmal/produit/zoom/FE72BAE2373A089A65DC8FFD3808DC33.jpg,,/product/moscatel-do-douro/5604260047826
20647,Moscatel de setúbal,5602282156045,11660,11617,Garrafa de 750 ml,Adega de Palmela,,"7,99€/L","5,99€",https://cdn.intermarche.pt/pt/Content/images/boitmal/produit/zoom/C7AC081FB138A67E6544E5DB949237F8.jpg,,/product/moscatel-de-setubal/5602282156045
22785,Moscatel de Setúbal 20 anos,5601174330013,11660,11617,Garrafa de 0.50 l,Alambre,,"59,78€/L","29,89€",https://cdn.intermarche.pt/pt/Content/images/boitmal/produit/zoom/034A996FA5C3AAB83174790AEC860730.jpg,,/product/moscatel-de-setubal-20-anos/5601174330013
22888,Moscatel de setúbal,5604701208045,11660,11617,Garrafa de 750 ml,Pioneiro,,"7,45€/L","5,59€",https://cdn.intermarche.pt/pt/Content/images/boitmal/produit/zoom/037684F9843B60292C84D6EE14246453.jpg,,/product/moscatel-de-setubal/5604701208045
26940,Moscatel de Douro Reserva,5601752088886,11660,11617,Garrafa de 0.75 l,Favaios,,"17,32€/L","12,99€",https://cdn.intermarche.pt/pt/Content/images/boitmal/produit/zoom/2B217C64C1C411EB2DE647E2AD1E80C3.jpg,,/product/moscatel-de-douro-reserva/5601752088886
31216,"Moscatel do douro aperitivo, pack: 10 x 55 ml",5601752061056,11660,11617,,Favaito,,"14,35€/L","7,89€",https://cdn.intermarche.pt/pt/Content/images/boitmal/produit/zoom/68AFCDB0224D5CE7BBAEF4BB1E059A95.jpg,,/product/moscatel-do-douro-aperitivo-pack:-10-x-55-ml/5601752061056
36363,Moscatel de Setúbal Reserva,5604260292929,11660,11617,Garrafa de 0.75 l,Selecção de Enófilos,,"13,32€/L","9,99€",https://cdn.intermarche.pt/pt/Content/images/boitmal/produit/zoom/6C21443B05D74F655085214ACD4483C3.jpg,,/product/moscatel-de-setubal-reserva/5604260292929
25445,"Moscatel roxo, garrafa de 750 ml",5604701208052,11660,11617,,Pioneiro,,"17,32€/L","12,99€",https://cdn.intermarche.pt/pt/Content/images/boitmal/produit/zoom/BE72FE282DBE2624C436072BBA03D44C.jpg,,/product/moscatel-roxo-garrafa-de-750-ml/5604701208052
5135,Vinho do Porto Tawny,5601077111023,11661,11617," garrafa de 0,75 l",Velhotes,,"7,32€/L","5,49€",https://cdn.intermarche.pt/pt/Content/images/boitmal/produit/zoom/448B6FA4CAEF254F2AA659E7E93DABCB.jpg,2024-09-25T22:59:59.999Z,/product/vinho-do-porto-tawny/5601077111023
5136,Vinho do Porto Branco,5601077122012,11661,11617,"Garrafa de 0,75 l",Velhotes,,"7,32€/L","5,49€",https://cdn.intermarche.pt/pt/Content/images/boitmal/produit/zoom/23DA3BAF150EE6D429DA3F988DF859EC.jpg,2024-09-25T22:59:59.999Z,/product/vinho-do-porto-branco/5601077122012
5134,vinho do Porto Ruby,5601077101048,11661,11617," garrafa de 0,75 l",Velhotes,,"7,32€/L","5,49€",https://cdn.intermarche.pt/pt/Content/images/boitmal/produit/zoom/3489DFB48D7AB1C8D2C104875A79BE65.jpg,2024-09-25T22:59:59.999Z,/product/vinho-do-porto-ruby/5601077101048
11532,"Vinho Porto 10 anos, garrafa de 0.75 l",5601077171140,11661,11617,,Velhotes,,"13,32€/L","9,99€",https://cdn.intermarche.pt/pt/Content/images/boitmal/produit/zoom/F4F8986D9DF6477A6B433BC0526269E4.jpg,2024-10-02T22:59:59.999Z,/product/vinho-porto-10-anos-garrafa-de-0.75-l/5601077171140
7295,Vinho do porto tawny,3147690089704,11661,11617,"Garrafa de 0,75 l",Cruz,,"7,32€/L","5,49€",https://cdn.intermarche.pt/pt/Content/images/boitmal/produit/zoom/15A76339A08A1C7F2E2FA8AD2BB8E4BE.jpg,2024-10-02T22:59:59.999Z,/product/vinho-do-porto-tawny/3147690089704
18007,Vinho do porto lbv 2004,3147699109601,11661,11617,Garrafa de 0.75 l,Cruz,,"15,99€/L","11,99€",https://cdn.intermarche.pt/pt/Content/images/boitmal/produit/zoom/103B4618F855A372676B8CF577497FD6.jpg,2024-10-02T22:59:59.999Z,/product/vinho-do-porto-lbv-2004/3147699109601
18261,Vinh do porto ruby,3147690016304,11661,11617,Garrafa de 750 ml,Cruz,,"7,32€/L","5,49€",https://cdn.intermarche.pt/pt/Content/images/boitmal/produit/zoom/E4AAD8D82BD58FEDC8637FEC2C456459.jpg,2024-10-02T22:59:59.999Z,/product/vinh-do-porto-ruby/3147690016304
18262,Vinho do porto white,3147690089803,11661,11617,Garrafa de 750 ml,Cruz,,"7,32€/L","5,49€",https://cdn.intermarche.pt/pt/Content/images/boitmal/produit/zoom/4580AF8AF3B70BB1EEDC931BF2E78AA6.jpg,2024-10-02T22:59:59.999Z,/product/vinho-do-porto-white/3147690089803
5445,Vinho do porto lágrima branco,5601332000406,11661,11617,Garrafa de 750 ml,Ramos Pinto,,"13,72€/L","10,29€",https://cdn.intermarche.pt/pt/Content/images/boitmal/produit/zoom/AE471411F7400B058041E2A0440A299C.jpg,2024-10-02T22:59:59.999Z,/product/vinho-do-porto-lagrima-branco/5601332000406
8895,Vinho do porto lágrima tinto,5601332000475,11661,11617,"Garrafa de 0,75L",Ramos Pinto,,"13,72€/L","10,29€",https://cdn.intermarche.pt/pt/Content/images/boitmal/produit/zoom/FD997662E161BCBF3DBC5BF2C2733E08.jpg,2024-10-02T22:59:59.999Z,/product/vinho-do-porto-lagrima-tinto/5601332000475
4973,Porto tawny,5601007001011,11661,11617,Garrafa de 750 ml,Ferreira,,"9,32€/L","6,99€",https://cdn.intermarche.pt/pt/Content/images/boitmal/produit/zoom/073CC2904CBE9C6A7978164732C3E42C.jpg,,/product/porto-tawny/5601007001011
4976,Porto white,5601007001516,11661,11617,Garrafa de 750 ml,Ferreira,,"9,32€/L","6,99€",https://cdn.intermarche.pt/pt/Content/images/boitmal/produit/zoom/B29E0CEFA2E282DF72703FB02255CDD7.jpg,,/product/porto-white/5601007001516
9371,Porto branco,5604260010202,11661,11617,Garrafa de 750 ml,Valadão,,"6,39€/L","4,79€",https://cdn.intermarche.pt/pt/Content/images/boitmal/produit/zoom/4BBC4211C40FE14ABCDCEB658BDD7994.jpg,,/product/porto-branco/5604260010202
9372,Porto tawny valadão,5604260010219,11661,11617,Garrafa de 750 ml,Valadão,,"6,39€/L","4,79€",https://cdn.intermarche.pt/pt/Content/images/boitmal/produit/zoom/D4A66B6168BE68C8DE330200CC7C0D72.jpg,,/product/porto-tawny-valadao/5604260010219
9395,Porto ruby,5604260035915,11661,11617,Garrafa de 750 ml,Valadão,,"6,39€/L","4,79€",https://cdn.intermarche.pt/pt/Content/images/boitmal/produit/zoom/0B5ED964E97B008FD2AC72D1BC722060.jpg,,/product/porto-ruby/5604260035915
11531,Vinho do porto special reserve,5601077161097,11661,11617," garrafa de 0,75 l",Velhotes,,"13,32€/L","9,99€",https://cdn.intermarche.pt/pt/Content/images/boitmal/produit/zoom/F2318B61D6931E4A6AADC37AEA607F5D.jpg,,/product/vinho-do-porto-special-reserve/5601077161097
14407,Vinho do porto dona antónia reserva branco,5601007000762,11661,11617,Garrafa de 0.75 l,Ferreira,,"17,32€/L","12,99€",https://cdn.intermarche.pt/pt/Content/images/boitmal/produit/zoom/882744032EB43B3423D3879CDDBD6E9F.jpg,,/product/vinho-do-porto-dona-antonia-reserva-branco/5601007000762
20997,Porto lágrima,5601007001349,11661,11617,Garrafa 0.75L,Ferreira,,"10,65€/L","7,99€",https://cdn.intermarche.pt/pt/Content/images/boitmal/produit/zoom/4DDE1A4944E2DE103E405B030CBAE92E.jpg,,/product/porto-lagrima/5601007001349
25929,Vinho do porto special reserve,5602660004777,11661,11617,Garrafa de 750 ml,Vista Alegre,,"23,99€/L","17,99€",https://cdn.intermarche.pt/pt/Content/images/boitmal/produit/zoom/C15B694865C748F608D6B675CC63CF61.jpg,,/product/vinho-do-porto-special-reserve/5602660004777
27593,Vinho do porto 10 anos,5601194404848,11661,11617,Garrafa de 750 ml,Souza,,"5,32€/L","3,99€",https://cdn.intermarche.pt/pt/Content/images/boitmal/produit/zoom/268A451E69BCD39D66B3E15B3A43DD1A.jpg,,/product/vinho-do-porto-10-anos/5601194404848
4974,Vinho do porto dona antónia reserva tinto,5601007001110,11661,11617,Garrafa de 0.75 l,Ferreira,,"17,32€/L","12,99€",https://cdn.intermarche.pt/pt/Content/images/boitmal/produit/zoom/81B40E34B92FB6CAFE59023DA267772D.jpg,,/product/vinho-do-porto-dona-antonia-reserva-tinto/5601007001110
4977,Porto ruby,5601007001615,11661,11617,Garrafa de 750 ml,Ferreira,,"9,32€/L","6,99€",https://cdn.intermarche.pt/pt/Content/images/boitmal/produit/zoom/9CD36C0AA94CC48AC88BC71730E5F2DA.jpg,,/product/porto-ruby/5601007001615
50069,Vinho do porto lágrima tinto,5601332000482,11661,11617,"Garrafa de 0,75L",Ramos Pinto,,"12,39€/L","9,29€",https://cdn.intermarche.pt/pt/Content/images/boitmal/produit/zoom/2A7C94ADD014BB1C64FB4F5D06EA7F2C.jpg,,/product/vinho-do-porto-lagrima-tinto/5601332000482
7294,Vinho do Porto 10 anos,3147690031505,11661,11617,"Garrafa de 0,75L c/ Caixa de Madeira",Cruz,,"23,99€/L","17,99€",https://cdn.intermarche.pt/pt/Content/images/boitmal/produit/zoom/CD7DF335D331004637774DDAAFE4C7F3.jpg,,/product/vinho-do-porto-10-anos/3147690031505
8469,"Porto, reserva",5601077161035,11661,11617," garrafa de 0,75 l",Calém,,"17,32€/L","12,99€",https://cdn.intermarche.pt/pt/Content/images/boitmal/produit/zoom/0B9A2ED64F2225CEC572B1648FE26A9D.jpg,,/product/porto-reserva/5601077161035
9373,Porto 10 anos,5604260010226,11661,11617,Garrafa de 750 ml,Valadão,,"13,32€/L","9,99€",https://cdn.intermarche.pt/pt/Content/images/boitmal/produit/zoom/F49B7537E91EA137814A60169BAE43F2.jpg,,/product/porto-10-anos/5604260010226
10883,Porto special reserva,3147690024804,11661,11617," garrafa de 0,75 l",Cruz,,"15,99€/L","11,99€",https://cdn.intermarche.pt/pt/Content/images/boitmal/produit/zoom/5412F5BAD71AEECD499C4A815F23A7D8.jpg,,/product/porto-special-reserva/3147690024804
24389,Vinho do porto finest reserve,5010867204881,11661,11617,Garrafa de 0.75 l,Dow's,,"22,65€/L","16,99€",https://cdn.intermarche.pt/pt/Content/images/boitmal/produit/zoom/1D406905E68178B28BC12F8B5B6620FD.jpg,,/product/vinho-do-porto-finest-reserve/5010867204881
4807,"Licor irish cream original, garrafa de 700 ml",5011013100156,11663,11617,,Baileys,,"27,13€/L","18,99€",https://cdn.intermarche.pt/pt/Content/images/boitmal/produit/zoom/D86C4D58A3C15111457588A90C2B618C.jpg,,/product/licor-irish-cream-original-garrafa-de-700-ml/5011013100156
8803,Ginja com frutos,5601245000159,11663,11617,Garrafa de 1 l,Albergaria,,"9,99€/L","9,99€",https://cdn.intermarche.pt/pt/Content/images/boitmal/produit/zoom/5543CF0E381EC6B096E062AB2DB6499B.jpg,,/product/ginja-com-frutos/5601245000159
12215,Licor triple seco 16%,5609131339000,11663,11617,Garrafa de 1 l,Olaias,,"8,99€/L","8,99€",https://cdn.intermarche.pt/pt/Content/images/boitmal/produit/zoom/1A2F75C92D4851D6DC37593ACAF06450.jpg,,/product/licor-triple-seco-16%25/5609131339000
3756,Licor de whisky,3250390211716,11663,11617,"Garrafa de 0,70 l",On/Off,,"9,27€/L","6,49€",https://cdn.intermarche.pt/pt/Content/images/boitmal/produit/zoom/C421CAE610F9DC7C9BD5D62626C79C74.jpg,,/product/licor-de-whisky/3250390211716
41232,Amêndoa amarga,5600702555409,11663,11617,"Garrafa de 0,70 l",Amarguinha,,"17,13€/L","11,99€",https://cdn.intermarche.pt/pt/Content/images/boitmal/produit/zoom/B4F7C1B85DEF132B8D1F311F66EB0AC6.jpg,,/product/amendoa-amarga/5600702555409
4808,Licor de café/chocolate e creme baunilha,5011013500703,11663,11617,Garrafa de 500 ml,Sheridan's,,"47,98€/L","23,99€",https://cdn.intermarche.pt/pt/Content/images/boitmal/produit/zoom/ACD2C81081316A54374457ACA1397BA7.jpg,,/product/licor-de-cafe-ou-chocolate-e-creme-baunilha/5011013500703
10561,Licor frutos tropicais,8711300776244,11663,11617,Garrafa de 700 ml,Safari,,"25,70€/L","17,99€",https://cdn.intermarche.pt/pt/Content/images/boitmal/produit/zoom/7F8BDB066EFB4940EB91F235A3327917.jpg,,/product/licor-frutos-tropicais/8711300776244
14712,Licor beirão,5602042201701,11663,11617,Garrafa de 700 ml,Licor Beirão,,"35,70€/L","24,99€",https://cdn.intermarche.pt/pt/Content/images/boitmal/produit/zoom/E66DD60ABDAE3B9DA9022628FC95D17F.jpg,,/product/licor-beirao/5602042201701
20649,Amêndoa amarga,5609131333015,11663,11617,"Garrafa de 0,70 l",Milbar,,"7,84€/L","5,49€",https://cdn.intermarche.pt/pt/Content/images/boitmal/produit/zoom/1FD2E3B8E0D7B45C4DFEC7DBF0A18941.jpg,,/product/amendoa-amarga/5609131333015
31586,Casal d'emilia limoncello 30º 70 cl,8414771861265,11663,11617,Garrafa de 700 ml,Casal D'Emilia,,"25,70€/L","17,99€",https://cdn.intermarche.pt/pt/Content/images/boitmal/produit/zoom/EBE0505AB04A81CD67674227A46A289A.jpg,,/product/casal-d'emilia-limoncello-30º-70-cl/8414771861265
33773,Bols goldstrike 500ml/1,8716000969484,11663,11617,Garrafa de 500 ml,Goldstrike,,"31,98€/L","15,99€",https://cdn.intermarche.pt/pt/Content/images/boitmal/produit/zoom/D0C8A5F73942C3B601D7C58CF510FB91.jpg,,/product/bols-goldstrike-500ml-ou-1/8716000969484
38130,"Licor de pastel de nata, garrafa de 700 ml",5600208583005,11663,11617,,Licor 35,,"19,99€/L","13,99€",https://cdn.intermarche.pt/pt/Content/images/boitmal/produit/zoom/89EF3891C9A54F6981D6DFCB57C28FEA.jpg,,/product/licor-de-pastel-de-nata-garrafa-de-700-ml/5600208583005
41288,Cointreau 40º /1,3035542004206,11663,11617,Garrafa de 700 ml,Cointreau,,"34,27€/L","23,99€",https://cdn.intermarche.pt/pt/Content/images/boitmal/produit/zoom/218DEA40218CEC66B2704CD1A0353735.jpg,,/product/cointreau-40º-ou-1/3035542004206
46659,Licor,6001495062577,11663,11617,Garrafa de 700 ml,Amarula,,"22,84€/L","15,99€",https://cdn.intermarche.pt/pt/Content/images/boitmal/produit/zoom/AC786F96826A4079B62450708D7763CA.jpg,,/product/licor/6001495062577
4809,"Licor irish cream, garrafa de 700 ml",5011026105223,11663,11617,,Carolans,,"21,41€/L","14,99€",https://cdn.intermarche.pt/pt/Content/images/boitmal/produit/zoom/8901B1E8807E7673FA65903608E36E0F.jpg,,/product/licor-irish-cream-garrafa-de-700-ml/5011026105223
51950,"Licor L Héritier Guyot Cassis De Dijon, garrafa de 700 ml",3104760003855,11663,11617,,L'Héritier Guyot,,"17,84€/L","12,49€",https://cdn.intermarche.pt/pt/Content/images/boitmal/produit/zoom/90BA8C92998410E0D659A53DBA500164.jpg,,/product/licor-l-heritier-guyot-cassis-de-dijon-garrafa-de-700-ml/3104760003855
8804,Ponche,5601245160013,11663,11617,Garrafa de 1 l,Albergaria,,"9,99€/L","9,99€",https://cdn.intermarche.pt/pt/Content/images/boitmal/produit/zoom/EB8F757DE4F24FD48B20605D51B3D62F.jpg,,/product/ponche/5601245160013
9749,Ginja serra estrela,5604597000808,11663,11617,Garrafa de 700 ml,Zimbro,,"12,84€/L","8,99€",https://cdn.intermarche.pt/pt/Content/images/boitmal/produit/zoom/AF288964F1C5443C7F3DAB98413F7E65.jpg,,/product/ginja-serra-estrela/5604597000808
9790,Ginja extra com frutos de obidos,5606314012347,11663,11617,Garrafa de 700 ml,Vila das Rainhas,,"25,70€/L","17,99€",https://cdn.intermarche.pt/pt/Content/images/boitmal/produit/zoom/67CF81E5E2DE9B10D6303E13941EAF9D.jpg,,/product/ginja-extra-com-frutos-de-obidos/5606314012347
11034,Licor de coco,3250391878697,11663,11617,"Garrafa de 0,70 l",On/Off,,"12,84€/L","8,99€",https://cdn.intermarche.pt/pt/Content/images/boitmal/produit/zoom/7D37048FBE0018293A1C07C6BABCC16E.jpg,,/product/licor-de-coco/3250391878697
22657,"Licor de ginja ""mariquinhas"" 0,70l sem fruto",5606530220243,11663,11617,Garrafa de 700 ml,Mariquinha,,"21,41€/L","14,99€",https://cdn.intermarche.pt/pt/Content/images/boitmal/produit/zoom/BD9BD32FE7F5C3FE32947C3905A2B206.jpg,,"/product/licor-de-ginja-""mariquinhas""-070l-sem-fruto/5606530220243"
34791,Licor,8716000968869,11663,11617,Garrafa de 700 ml,Pisang Ambon,,"22,84€/L","15,99€",https://cdn.intermarche.pt/pt/Content/images/boitmal/produit/zoom/58B2EE97190DACA68F5715B2FFBD8AF2.jpg,,/product/licor/8716000968869
35805,Licor get 27 original,3020881641106,11663,11617,Garrafa de 0.70 l,Get 27,,"24,99€/L","17,49€",https://cdn.intermarche.pt/pt/Content/images/boitmal/produit/zoom/0C08D79A34344DFB75DA2CBD7F5B0385.jpg,,/product/licor-get-27-original/3020881641106
49793,Macieira cream 70cl,5604422183249,11664,11617,Garrafa de 700 ml,Macieira,,"20,70€/L","14,49€",https://cdn.intermarche.pt/pt/Content/images/boitmal/produit/zoom/A1DED700514E3DBB5450F3CA76197AAA.jpg,2024-09-25T22:59:59.999Z,/product/macieira-cream-70cl/5604422183249
44684,"Aperol, garrafa de 700 ml",8002230000302,11664,11617,,Aperol,,"24,27€/L","16,99€",https://cdn.intermarche.pt/pt/Content/images/boitmal/produit/zoom/15FD0B1F6435638ED67E41E843B15949.jpg,,/product/aperol-garrafa-de-700-ml/8002230000302
35937,Vermute rosso,7630040400015,11664,11617,Garrafa de 0.75 l,Martini,,"14,25€/L","10,69€",https://cdn.intermarche.pt/pt/Content/images/boitmal/produit/zoom/19065FE3CEC05530CA61F030D50DDBD5.jpg,,/product/vermute-rosso/7630040400015
7287,Pastis,3250390457596,11664,11617,Garrafa de 700 ml,Pastouret,,"19,99€/L","13,99€",https://cdn.intermarche.pt/pt/Content/images/boitmal/produit/zoom/E23A229D6FF5097916A9624B969DB9D0.jpg,,/product/pastis/3250390457596
32330,Martini Riserva Rubino,5010677633581,11664,11617,Garrafa de 750 ml,Martini,,"23,99€/L","17,99€",https://cdn.intermarche.pt/pt/Content/images/boitmal/produit/zoom/04548E22B864CE1EE3F93136EDE53E1C.jpg,,/product/martini-riserva-rubino/5010677633581
7311,Aperitivo de anis,3163937011000,11664,11617,Garrafa de 700 ml,Ricard,,"25,70€/L","17,99€",https://cdn.intermarche.pt/pt/Content/images/boitmal/produit/zoom/C1448AACF8FF0F0D0CE67B8412C66C87.jpg,,/product/aperitivo-de-anis/3163937011000
30747,Creme de cassis,3250392496395,11664,11617,Garrafa de 700 ml,Perrault Dabot,,"11,41€/L","7,99€",https://cdn.intermarche.pt/pt/Content/images/boitmal/produit/zoom/05CD38039BB8DFBD53A62AF69265662B.jpg,,/product/creme-de-cassis/3250392496395
5279,Vodka preta,5601168777787,11665,11618,Garrafa de 700 ml,Dinasty,,"8,56€/L","5,99€",https://cdn.intermarche.pt/pt/Content/images/boitmal/produit/zoom/A1214CCEA998C0CB41AA633AF1C76C16.jpg,2024-09-25T22:59:59.999Z,/product/vodka-preta/5601168777787
11628,Vodka red,5601168556955,11665,11618,"Garrafa de 0,70 l",Dinasty,,"8,56€/L","5,99€",https://cdn.intermarche.pt/pt/Content/images/boitmal/produit/zoom/5EC493C8C143A8E5F6042422002BDF4D.jpg,2024-09-25T22:59:59.999Z,/product/vodka-red/5601168556955
8201,Vodka red,5410316671118,11665,11618,Garrafa de 700 ml,Smirnoff,,"22,13€/L","15,49€",https://cdn.intermarche.pt/pt/Content/images/boitmal/produit/zoom/59262146BC147F7F7C3FBD58179F6F3B.jpg,,/product/vodka-red/5410316671118
6413,Vodka  (37. 5º),8410414000466,11665,11618,Garrafa de 700 ml,Eristoff,,"21,41€/L","14,99€",https://cdn.intermarche.pt/pt/Content/images/boitmal/produit/zoom/EACFE06B6E28FF48CF5A7F38CA25EAB9.jpg,,/product/vodka-(37.-5º)/8410414000466
5277,Vodka,5601168773307,11665,11618,Garrafa de 700 ml,Dinasty,,"11,41€/L","7,99€",https://cdn.intermarche.pt/pt/Content/images/boitmal/produit/zoom/3D50D15C4DD5F1513A694473EE5616CA.jpg,,/product/vodka/5601168773307
9867,Vodka,7312040017683,11665,11618,Garrafa de 700 ml,Absolut Blue,,"27,13€/L","18,99€",https://cdn.intermarche.pt/pt/Content/images/boitmal/produit/zoom/70C19969B732E4CBA3FD5FEAA7AEF224.jpg,,/product/vodka/7312040017683
16793,Vodka,3250390706380,11665,11618,Garrafa 0.70L,On/Off,,"17,13€/L","11,99€",https://cdn.intermarche.pt/pt/Content/images/boitmal/produit/zoom/AB177C715370EA2C04FA54F1ABC040DD.jpg,,/product/vodka/3250390706380
22309,Vodka black,5010677801553,11665,11618,Garrafa de 700 ml,Eristoff,,"21,99€/L","15,39€",https://cdn.intermarche.pt/pt/Content/images/boitmal/produit/zoom/368E73E793EBD5A390EB755AEAE666C6.jpg,,/product/vodka-black/5010677801553
22535,Vodka,4750021001109,11665,11618,Garrafa de 700 ml,Moskovskay,,"17,13€/L","11,99€",https://cdn.intermarche.pt/pt/Content/images/boitmal/produit/zoom/BBA0FB3483D8BB04E7C752D9FA52AAC1.jpg,,/product/vodka/4750021001109
47077,Vodka Pink,7610113014448,11665,11618,Garrafa de 700 ml,Eristoff,,"21,99€/L","15,39€",https://cdn.intermarche.pt/pt/Content/images/boitmal/produit/zoom/48239E584E957978D25FCB47B710B949.jpg,,/product/vodka-pink/7610113014448
8202,Vodka ice,5410316983693,11665,11618,"Garrafa de 27,5 cl",Smirnoff,,"7,24€/L","1,99€",https://cdn.intermarche.pt/pt/Content/images/boitmal/produit/zoom/BAE28545DF698CFEED8B8E61E1040F93.jpg,,/product/vodka-ice/5410316983693
14165,Whiskey bourbon,5099873090473,11666,11618,Garrafa de 700 ml,Jack Daniel's,,"36,56€/L","25,59€",https://cdn.intermarche.pt/pt/Content/images/boitmal/produit/zoom/1C68A9CA0085F370C66B536F41B373C8.jpg,,/product/whiskey-bourbon/5099873090473
17826,Whisky,5010103800259,11666,11618,Garrafa de 700 ml,J&B,,"24,27€/L","16,99€",https://cdn.intermarche.pt/pt/Content/images/boitmal/produit/zoom/C5D8E4CAE5206D7D41BE32BE097C2398.jpg,,/product/whisky/5010103800259
14083,Whisky 12 anos,0080432402931,11666,11618,Garrafa de 700 ml,Chivas,,"53,56€/L","37,49€",https://cdn.intermarche.pt/pt/Content/images/boitmal/produit/zoom/06901DC18F3C0CC745A5C345CEFC045F.jpg,,/product/whisky-12-anos/0080432402931
4805,Whisky,5010752000307,11666,11618,Garrafa de 700 ml,William Lawson's,,"23,84€/L","16,69€",https://cdn.intermarche.pt/pt/Content/images/boitmal/produit/zoom/0479E1D2D757B75364EAB8B8F222652A.jpg,,/product/whisky/5010752000307
34115,Whisky,5010504100095,11666,11618,Garrafa de 700 ml,Cutty Sark,,"21,41€/L","14,99€",https://cdn.intermarche.pt/pt/Content/images/boitmal/produit/zoom/9B85EBCB983A904EEA1880D89219CCDE.jpg,,/product/whisky/5010504100095
4766,Whisky red label,5000267014203,11666,11618,Garrafa de 700 ml,Johnnie Walker,,"28,56€/L","19,99€",https://cdn.intermarche.pt/pt/Content/images/boitmal/produit/zoom/E7B7ACB8EDA513F70CC008282AE3BA07.jpg,,/product/whisky-red-label/5000267014203
4791,Whisky 15 anos c/caixa,5010103803403,11666,11618,Garrafa de 700 ml,J&B,,"42,56€/L","29,79€",https://cdn.intermarche.pt/pt/Content/images/boitmal/produit/zoom/D58AB28D44F2BE50CF940E905EE29975.jpg,,/product/whisky-15-anos-c-ou-caixa/5010103803403
4795,Whisky,5010327000404,11666,11618,Garrafa de 700 ml,Grant's,,"24,27€/L","16,99€",https://cdn.intermarche.pt/pt/Content/images/boitmal/produit/zoom/95EB819153F3A100F26D280DB7C7237D.jpg,,/product/whisky/5010327000404
4849,Whisky Bourbon Honey,5099873001370,11666,11618,"Garrafa de 0,70 l",Jack Daniel's,,"36,56€/L","25,59€",https://cdn.intermarche.pt/pt/Content/images/boitmal/produit/zoom/F366126535D53535BA758F18F1BD5667.jpg,,/product/whisky-bourbon-honey/5099873001370
49434,Whisky,5011007020620,11666,11618,Garrafa de 700 ml,Jameson,,"32,13€/L","22,49€",https://cdn.intermarche.pt/pt/Content/images/boitmal/produit/zoom/BCB4625D1D19D00F81B1280D9FDB06C0.jpg,,/product/whisky/5011007020620
7394,Whisky,3250390426134,11666,11618,Garrafa de 700 ml,Highland Cross,,"11,84€/L","8,29€",https://cdn.intermarche.pt/pt/Content/images/boitmal/produit/zoom/CFF106DCE5209A913D2D5518B46A2715.jpg,,/product/whisky/3250390426134
11327,Whisky,5010327000497,11666,11618,Garrafa de 1 l,Grant's,,"21,99€/L","21,99€",https://cdn.intermarche.pt/pt/Content/images/boitmal/produit/zoom/AF6C315A91374CA3CB5EFF38A358BB04.jpg,,/product/whisky/5010327000497
22003,Whisky Golden Selection,5000281037479,11666,11618,"Garrafa de 0,70L",Dimple,,"57,13€/L","39,99€",https://cdn.intermarche.pt/pt/Content/images/boitmal/produit/zoom/B52F326CCBDC7D9FF29A2E655B043111.jpg,,/product/whisky-golden-selection/5000281037479
26952,Whisky Swing,5000267054063,11666,11618,"Garrafa de 0,70 l",Johnnie Walker,,"75,70€/L","52,99€",https://cdn.intermarche.pt/pt/Content/images/boitmal/produit/zoom/6E65386A526C2F4FD526F0FE62D13F8B.jpg,,/product/whisky-swing/5000267054063
27317,Whisky black bush,5055966810069,11666,11618,Garrafa de 700 ml,Bushmills,,"35,70€/L","24,99€",https://cdn.intermarche.pt/pt/Content/images/boitmal/produit/zoom/8B930573CF0DD837C8C2110EB5612F02.jpg,,/product/whisky-black-bush/5055966810069
27318,Whisky 10 anos,5055966820037,11666,11618,Garrafa de 700 ml,Bushmills,,"59,99€/L","41,99€",https://cdn.intermarche.pt/pt/Content/images/boitmal/produit/zoom/1CEE186077E43E43AF0AE67DEFFEB0D8.jpg,,/product/whisky-10-anos/5055966820037
27680,Whisky caskmates,5011007025410,11666,11618,Garrafa de 700 ml,Jameson,,"39,99€/L","27,99€",https://cdn.intermarche.pt/pt/Content/images/boitmal/produit/zoom/78EBFE3CA50DD6EE6AB9F3D5AA083BE8.jpg,,/product/whisky-caskmates/5011007025410
27873,Whisky Malt c/ Tubo,3250392272654,11666,11618,Garrafa de 0.70 l,Glen Crinan,,"27,13€/L","18,99€",https://cdn.intermarche.pt/pt/Content/images/boitmal/produit/zoom/727CE86E3DE16DA970FEB64B21DB28A4.jpg,,/product/whisky-malt-c-ou-tubo/3250392272654
31945,Whisky Gold,5000267125480,11666,11618,0.70 l,Cardhu,,"61,41€/L","42,99€",https://cdn.intermarche.pt/pt/Content/images/boitmal/produit/zoom/F4F2F08FFC099A72A439EA144AE33CE5.jpg,,/product/whisky-gold/5000267125480
32957,Jameson caskmates ipa 70cl,5011007025960,11666,11618,Garrafa de 700 ml,Jameson,,"39,99€/L","27,99€",https://cdn.intermarche.pt/pt/Content/images/boitmal/produit/zoom/B5F1FA2BBC957F369B2844F85BD0B5C2.jpg,,/product/jameson-caskmates-ipa-70cl/5011007025960
34280,Whisky,3250392258634,11666,11618,Garrafa de 700 ml,Glen Crinan,,"17,13€/L","11,99€",https://cdn.intermarche.pt/pt/Content/images/boitmal/produit/zoom/DE2B615ACC64FC178785C5AC60BB62C1.jpg,,/product/whisky/3250392258634
34283,Whisky 12 anos black label,5000267024202,11666,11618,Garrafa de 700 ml,Johnnie Walker,,"52,84€/L","36,99€",https://cdn.intermarche.pt/pt/Content/images/boitmal/produit/zoom/4EB0074B6DAECC39D1BA97D86B222EBE.jpg,,/product/whisky-12-anos-black-label/5000267024202
35298,Whisky,5010314101015,11666,11618,Garrafa de 1 litro,The Famous Grouse,,"23,99€/L","23,99€",https://cdn.intermarche.pt/pt/Content/images/boitmal/produit/zoom/CDA22189190DA2898A4957A44469770B.jpg,,/product/whisky/5010314101015
36868,Whisky gold heritage,5060116321906,11666,11618,"Garrafa de 0,70 l",Label 5,,"32,13€/L","22,49€",https://cdn.intermarche.pt/pt/Content/images/boitmal/produit/zoom/CDDD9CF7A854F174AEF3517A8F63E47D.jpg,,/product/whisky-gold-heritage/5060116321906
45134,"Whisky Tennessee Apple, garrafa de 0,70 l",5099873017623,11666,11618,,Jack Daniel's,,"36,56€/L","25,59€",https://cdn.intermarche.pt/pt/Content/images/boitmal/produit/zoom/1643C9AA17D63663B3E7805C671177BB.jpg,,/product/whisky-tennessee-apple-garrafa-de-070-l/5099873017623
45731,Whisky 12 anos,5010327135007,11666,11618,Garrafa de 0.70 l,Grant's,,"44,27€/L","30,99€",https://cdn.intermarche.pt/pt/Content/images/boitmal/produit/zoom/088002183539AD2CF5770E97369D386F.jpg,,/product/whisky-12-anos/5010327135007
46191,Whisky Caribbean Smooth,7640171033730,11666,11618,Garrafa de 700 ml,Dewar's,,"32,84€/L","22,99€",https://cdn.intermarche.pt/pt/Content/images/boitmal/produit/zoom/9B5A2E14F2E8DFB67B49FACFBE74FD01.jpg,,/product/whisky-caribbean-smooth/7640171033730
4765,Whisky heritage blend,5000265090209,11666,11618,Garrafa de 700 ml,Logan,,"34,27€/L","23,99€",https://cdn.intermarche.pt/pt/Content/images/boitmal/produit/zoom/B145A5BE54CD439A7B827F3AD2F6A0FE.jpg,,/product/whisky-heritage-blend/5000265090209
4768,Whisky vat 69,5000292261115,11666,11618,Garrafa de 700 ml,VAT 69,,"20,99€/L","14,69€",https://cdn.intermarche.pt/pt/Content/images/boitmal/produit/zoom/297EAE58952B22F8D15942155E79434A.jpg,,/product/whisky-vat-69/5000292261115
8014,Whisky 12 anos,5000281004020,11666,11618,Embalagem de 1 l,Old Parr,,"59,99€/L","59,99€",https://cdn.intermarche.pt/pt/Content/images/boitmal/produit/zoom/8332463531C403E6DC59EF153EF529B9.jpg,,/product/whisky-12-anos/5000281004020
8015,Whisky,5000299210048,11666,11618,Garrafa de 700 ml,Passport,,"19,99€/L","13,99€",https://cdn.intermarche.pt/pt/Content/images/boitmal/produit/zoom/ADF8A44A4B2B023D48329504375E5AD7.jpg,,/product/whisky/5000299210048
8053,"Irish whiskey select reserva 12 anos, garrafa de 700 ml",5011007024000,11666,11618,,Jameson,,"49,99€/L","34,99€",https://cdn.intermarche.pt/pt/Content/images/boitmal/produit/zoom/184517DDF11EB09DA9CC329B5E4132DF.jpg,,/product/irish-whiskey-select-reserva-12-anos-garrafa-de-700-ml/5011007024000
31114,Whisky malte 12 anos,5010327000176,11666,11618,Garrafa de 700 ml,Glenfiddich,,"71,41€/L","49,99€",https://cdn.intermarche.pt/pt/Content/images/boitmal/produit/zoom/A14B0AC6F4BDF088D60E81B5551E556C.jpg,,/product/whisky-malte-12-anos/5010327000176
45135,Whisky Tennessee Fire,5099873006504,11666,11618,"Garrafa de 0,70 l",Jack Daniel's,,"36,56€/L","25,59€",https://cdn.intermarche.pt/pt/Content/images/boitmal/produit/zoom/7979E693A048256C3F43BBA7C2B5F4BD.jpg,,/product/whisky-tennessee-fire/5099873006504
20242,Espumante cava bruto,8410036039295,11667,11618,pack 3 x 200 ml,Freixenet,,"16,65€/L","9,99€",https://cdn.intermarche.pt/pt/Content/images/boitmal/produit/zoom/4974140A68AFB6FFC1BC5BE4BCFD46F7.jpg,2024-10-02T22:59:59.999Z,/product/espumante-cava-bruto/8410036039295
3819,Tequila,3250390727002,11667,11618,Garrafa de 70 cl,On/Off,,"22,84€/L","15,99€",https://cdn.intermarche.pt/pt/Content/images/boitmal/produit/zoom/997FF584E2D23FD608B64329027568B1.jpg,,/product/tequila/3250390727002
21349,Vermute rosso,3011932000805,11667,11618,Garrafa de 1 l,Martini,,"12,99€/L","12,99€",https://cdn.intermarche.pt/pt/Content/images/boitmal/produit/zoom/FC8A59FA07229CD8C8A2D995DE31196C.jpg,,/product/vermute-rosso/3011932000805
16329,Rum Spiced,5000299223017,11667,11618,"Garrafa de 0,70L",Captain Morgan,,"25,70€/L","17,99€",https://cdn.intermarche.pt/pt/Content/images/boitmal/produit/zoom/E4C5AA879DD286612B9B0EA538FAE2E1.jpg,,/product/rum-spiced/5000299223017
18379,Rum carta blanca,5010677012973,11667,11618,Garrafa de 700 ml,Bacardi,,"27,13€/L","18,99€",https://cdn.intermarche.pt/pt/Content/images/boitmal/produit/zoom/FBBDE3F686734499C0D7844899ED1A5C.jpg,,/product/rum-carta-blanca/5010677012973
38274,Rum spiced,7610113007518,11667,11618,Garrafa de 700 ml,Bacardi,,"27,13€/L","18,99€",https://cdn.intermarche.pt/pt/Content/images/boitmal/produit/zoom/270EEE3D99330E90A15814A60473EAA9.jpg,,/product/rum-spiced/7610113007518
6301,Rhum com coco,8410024700015,11667,11618,Garrafa de 700 ml,Malibu,,"25,41€/L","17,79€",https://cdn.intermarche.pt/pt/Content/images/boitmal/produit/zoom/679306170757FBDDED74E4D7EF4E60D9.jpg,,/product/rhum-com-coco/8410024700015
21350,Vermute bianco,3011932000829,11667,11618,Garrafa de 1 l,Martini,,"12,99€/L","12,99€",https://cdn.intermarche.pt/pt/Content/images/boitmal/produit/zoom/B412951C8A9A85673751CE7B1D2CB1AF.jpg,,/product/vermute-bianco/3011932000829
26785,Cocktail melão,4001744045810,11667,11618,Garrafa de 750 ml,Bar Royal,,"5,72€/L","4,29€",https://cdn.intermarche.pt/pt/Content/images/boitmal/produit/zoom/ABABE350E885C884AFC52C26A057B6DF.jpg,,/product/cocktail-melao/4001744045810
26786,Cocktail pessego,4001744067416,11667,11618,Garrafa de 750 ml,Bar Royal,,"5,72€/L","4,29€",https://cdn.intermarche.pt/pt/Content/images/boitmal/produit/zoom/E40DD81337ADA58BD0F67B8784E6D7D8.jpg,,/product/cocktail-pessego/4001744067416
49940,Cachaça,5604260314614,11667,11618,700 ml,Alma pura,,"14,27€/L","9,99€",https://cdn.intermarche.pt/pt/Content/images/boitmal/produit/zoom/D4AFD3356E986C65D4946B93FD3DF69A.jpg,,/product/cachaca/5604260314614
9980,Pirassununga (38º),7896002100441,11667,11618,Garrafa de 700 ml,Cachaca 51,,"17,99€/L","12,59€",https://cdn.intermarche.pt/pt/Content/images/boitmal/produit/zoom/8CDFBE2C1FE2E674DD41BDD47F8DA104.jpg,,/product/pirassununga-(38º)/7896002100441
22300,Rum limon,5010677048071,11667,11618,Garrafa de 700 ml,Bacardi,,"27,13€/L","18,99€",https://cdn.intermarche.pt/pt/Content/images/boitmal/produit/zoom/95105CF41FA1F154A1DDE1D34D5359A5.jpg,,/product/rum-limon/5010677048071
33755,Mojito,7610113000175,11667,11618,Garrafa de 0.70 l,Bacardi,,"21,84€/L","15,29€",https://cdn.intermarche.pt/pt/Content/images/boitmal/produit/zoom/91CC3A22F2DE15BBB153E07FD1ECD601.jpg,,/product/mojito/7610113000175
38242,Vermute bianco,7630040401012,11667,11618,Garrafa de 0.75 l,Martini,,"14,12€/L","10,59€",https://cdn.intermarche.pt/pt/Content/images/boitmal/produit/zoom/4849DD9AD9D537402EAA69B7FDD597EF.jpg,,/product/vermute-bianco/7630040401012
40088,"Martini fiero, garrafa de 750 ml",7630040400268,11667,11618,,Martini,,"16,79€/L","12,59€",https://cdn.intermarche.pt/pt/Content/images/boitmal/produit/zoom/07EFCED141F919BA556F2F378B153E07.jpg,,/product/martini-fiero-garrafa-de-750-ml/7630040400268
9983,Cachaça,7896050200377,11667,11618,Garrafa de 70 cl,Velho do Barreiro,,"17,13€/L","11,99€",https://cdn.intermarche.pt/pt/Content/images/boitmal/produit/zoom/25D67538CCF54BF34A5E5AE83E8B722D.jpg,,/product/cachaca/7896050200377
10547,Rum 3 anos havan club (40º),8501110080231,11667,11618,Garrafa de 700 ml,Havana,,"26,84€/L","18,79€",https://cdn.intermarche.pt/pt/Content/images/boitmal/produit/zoom/E76B869426E486C7A16F8F59FEB843A8.jpg,,/product/rum-3-anos-havan-club-(40º)/8501110080231
12491,Rum anejo especial,8501110080927,11667,11618,Garrafa de 700 ml,Havana,,"32,13€/L","22,49€",https://cdn.intermarche.pt/pt/Content/images/boitmal/produit/zoom/F2D6DA98F1CBDCDA5688671ED6AFFA5B.jpg,,/product/rum-anejo-especial/8501110080927
51860,"Cocktail Caipirão, lata de 250 ml",5602042100257,11667,11618,,Licor Beirão,,"9,96€/L","2,49€",https://cdn.intermarche.pt/pt/Content/images/boitmal/produit/zoom/45B2B86EDB2CCF84982198A8761F4772.jpg,,/product/cocktail-caipirao-lata-de-250-ml/5602042100257
34284,Gin,5000281015248,11668,11618,Garrafa de 700 ml,Tanqueray,,"35,70€/L","24,99€",https://cdn.intermarche.pt/pt/Content/images/boitmal/produit/zoom/A372B705B0FA25C22890986F5742850A.jpg,,/product/gin/5000281015248
14470,Gin dry,5000289925440,11668,11618,Garrafa de 700 ml,Gordons,,"24,84€/L","17,39€",https://cdn.intermarche.pt/pt/Content/images/boitmal/produit/zoom/FA33DEB6B75883A87B0823AC27BED0EE.jpg,,/product/gin-dry/5000289925440
8047,Gin sapphire,5010677714006,11668,11618,"Garrafa de 0,70L",Bombay,,"36,70€/L","25,69€",https://cdn.intermarche.pt/pt/Content/images/boitmal/produit/zoom/921865B5EC010D1B9671AEBD4E6F3212.jpg,,/product/gin-sapphire/5010677714006
25317,Gin pink,5000289929417,11668,11618,Garrafa de 700 ml,Gordons,,"28,41€/L","19,89€",https://cdn.intermarche.pt/pt/Content/images/boitmal/produit/zoom/0F56757DBC906CD8543AA1D2C69BBA86.jpg,,/product/gin-pink/5000289929417
14964,Gin london dry 40,0897076002010,11668,11618,Embalagem de 0.70L,Bulldog,,"42,84€/L","29,99€",https://cdn.intermarche.pt/pt/Content/images/boitmal/produit/zoom/A8745F6685EF75C3E5A0E785428D0157.jpg,,/product/gin-london-dry-40/0897076002010
15612,Gin dry beefeater,5000329002209,11668,11618,Garrafa de 700 ml,Beefeater,,"27,84€/L","19,49€",https://cdn.intermarche.pt/pt/Content/images/boitmal/produit/zoom/647450EEA605FE861EC11DD69E3131FD.jpg,,/product/gin-dry-beefeater/5000329002209
18860,Gin dry,3147690060703,11668,11618,Garrafa de 700 ml,Gibson's,,"18,27€/L","12,79€",https://cdn.intermarche.pt/pt/Content/images/boitmal/produit/zoom/356BCF7639C2931C45526A98D695FA83.jpg,,/product/gin-dry/3147690060703
49966,Gin pressé,7640175744168,11668,11618,Garrafa de 700 ml,Bombay,,"39,99€/L","27,99€",https://cdn.intermarche.pt/pt/Content/images/boitmal/produit/zoom/BCDBC53DC6948E6C3C1935BA2A4EBF85.jpg,,/product/gin-presse/7640175744168
52829,"Gin Black, garrafa de 700 ml",5000299634493,11668,11618,,Beefeater,,"36,41€/L","25,49€",https://cdn.intermarche.pt/pt/Content/images/boitmal/produit/zoom/8882B7BE4919640EC13F7CF28D867A8E.jpg,,/product/gin-black-garrafa-de-700-ml/5000299634493
14702,Gin premium hendricks 0.70l,5010327755014,11668,11618,Garrafa de 700 ml,Hendricks,,"55,56€/L","38,89€",https://cdn.intermarche.pt/pt/Content/images/boitmal/produit/zoom/D22E7B547237FE15A90109E1A226E00E.jpg,,/product/gin-premium-hendricks-0.70l/5010327755014
16328,Gin Ten Premium,5000281020761,11668,11618,Garrafa de 0.70L,Tanqueray,,"62,84€/L","43,99€",https://cdn.intermarche.pt/pt/Content/images/boitmal/produit/zoom/992706F26FCC88159FBF9F301D33DA2E.jpg,,/product/gin-ten-premium/5000281020761
18188,Gin Beefeater Light,5000299618981,11668,11618,"Garrafa de 0,70 l",Beefeater,,"27,13€/L","18,99€",https://cdn.intermarche.pt/pt/Content/images/boitmal/produit/zoom/0B49B9F35488B6D888DD84876781930C.jpg,,/product/gin-beefeater-light/5000299618981
21661,Irish whiskey original,5055966800022,11668,11618,Garrafa de 700 ml,Bushmills,,"28,56€/L","19,99€",https://cdn.intermarche.pt/pt/Content/images/boitmal/produit/zoom/74582FB0E0761B0FD5EEC3EE00FF6FF6.jpg,,/product/irish-whiskey-original/5055966800022
21977,Gin Premium |Blue Magic,5600267173063,11668,11618,"Embalagem de 0,50L + Oferta 1 Copo",Sharish,,"42,84€/L","29,99€",https://cdn.intermarche.pt/pt/Content/images/boitmal/produit/zoom/717CD6E7FFA3536AA1034A1357832C22.jpg,,/product/gin-premium-|blue-magic/5600267173063
30529,Beefeater «pink»  70cl,5000299605950,11668,11618,Garrafa de 700 ml,Beefeater,,"31,99€/L","22,39€",https://cdn.intermarche.pt/pt/Content/images/boitmal/produit/zoom/A72F0C236A65DAD9C4F7F18E818AECE1.jpg,,/product/beefeater-«pink»-70cl/5000299605950
30530,Beefeater 24              70cl,5000299605004,11668,11618,Garrafa de 700 ml,Beefeater,,"49,99€/L","34,99€",https://cdn.intermarche.pt/pt/Content/images/boitmal/produit/zoom/CCA3B8D8F71616EF5D9388B1450FE76E.jpg,,/product/beefeater-24-70cl/5000299605004
32958,Gin Sevilha,5000291023462,11668,11618,Garrafa de 0.70 l,Tanqueray,,"13,32€/L","9,99€",https://cdn.intermarche.pt/pt/Content/images/boitmal/produit/zoom/967CC4773464747022ADFDA478A92DE3.jpg,,/product/gin-sevilha/5000291023462
41824,Gin dry bombay bramble,7640175742522,11668,11618,Garrafa de 700 ml,Bombay,,"35,70€/L","24,99€",https://cdn.intermarche.pt/pt/Content/images/boitmal/produit/zoom/31BD9A23259880728BC3B896DF1B2BAF.jpg,,/product/gin-dry-bombay-bramble/7640175742522
49403,Gin zesty lemon,5000299634295,11668,11618,Garrafa de 700 ml,Beefeater,,"31,27€/L","21,89€",https://cdn.intermarche.pt/pt/Content/images/boitmal/produit/zoom/9C059C3741A9C1CCD8068EE3AA3F741E.jpg,,/product/gin-zesty-lemon/5000299634295
49734,Beefeater pink & tonic,5000299618448,11668,11618,Garrafa de 250 ml,Beefeater,,"11,96€/L","2,99€",https://cdn.intermarche.pt/pt/Content/images/boitmal/produit/zoom/A8601D72AF5E922B340D018F99D6E389.jpg,,/product/beefeater-pink-&-tonic/5000299618448
50070,Gin Sicilian Lemon,5000289932479,11668,11618,Garrafa de 1 l,Gordons,,"19,89€/L","19,89€",https://cdn.intermarche.pt/pt/Content/images/boitmal/produit/zoom/736ABFEECE19F3BA3C50ED741EDF56DF.jpg,,/product/gin-sicilian-lemon/5000289932479
8039,Whisky original,5010314700003,11668,11618,Garrafa de 700 ml,The Famous Grouse,,"28,56€/L","19,99€",https://cdn.intermarche.pt/pt/Content/images/boitmal/produit/zoom/F261A6493FB3F529D11343DF0C5C25C4.jpg,,/product/whisky-original/5010314700003
7354,Gin London Dry,3250390031918,11668,11618,Garrafa 0.70L,On/Off,,"14,27€/L","9,99€",https://cdn.intermarche.pt/pt/Content/images/boitmal/produit/zoom/5ED474A8F60BD5C315AEFA20A6CEFAE7.jpg,,/product/gin-london-dry/3250390031918
31905,Gin blue magic c/ oferta de copo,5600267173032,11668,11618,500 ml,Sharish,,"59,98€/L","29,99€",https://cdn.intermarche.pt/pt/Content/images/boitmal/produit/zoom/4DC79A6FC5C3AA043D662DACB493F167.jpg,,/product/gin-blue-magic-c-ou-oferta-de-copo/5600267173032
5985,Brandy,5604422145209,11669,11618,Garrafa de 1 l,Macieira,,"15,39€/L","15,39€",https://cdn.intermarche.pt/pt/Content/images/boitmal/produit/zoom/B32E3266FD6067B7F44159A4FC61A7F0.jpg,2024-09-25T22:59:59.999Z,/product/brandy/5604422145209
5320,Aguardente vínica velha,5601213170693,11669,11618,Garrafa de 700 ml,Aliança Velha,,"17,99€/L","12,59€",https://cdn.intermarche.pt/pt/Content/images/boitmal/produit/zoom/45D58F2BF4AFD79B5E14ED23C162BB4B.jpg,2024-10-02T22:59:59.999Z,/product/aguardente-vinica-velha/5601213170693
5395,Aguardente velha reserva,5601262301253,11669,11618,Garrafa de 700 ml,CRF,,"26,27€/L","18,39€",https://cdn.intermarche.pt/pt/Content/images/boitmal/produit/zoom/43A6A701477E710678922AE091C44D1C.jpg,2024-10-02T22:59:59.999Z,/product/aguardente-velha-reserva/5601262301253
12161,Brandy  (36º),5604422144202,11669,11618,Garrafa de 700 ml,Macieira,,"19,27€/L","13,49€",https://cdn.intermarche.pt/pt/Content/images/boitmal/produit/zoom/A2933D67CF9BBB746F87A9B950A40D21.jpg,,/product/brandy-(36º)/5604422144202
9041,Aguardente bagaceira,5601664110002,11669,11618,Garrafa de 1 l,São Domingos,,"17,89€/L","17,89€",https://cdn.intermarche.pt/pt/Content/images/boitmal/produit/zoom/FE40D571D8D81FEB48E12DF4A7655E0A.jpg,,/product/aguardente-bagaceira/5601664110002
50312,Aguardente,5604260312504,11669,11618,Garrafa de 0.70 l,Alma pura,,"20,27€/L","14,19€",https://cdn.intermarche.pt/pt/Content/images/boitmal/produit/zoom/433D1213A673557339F5407BC687BFE6.jpg,,/product/aguardente/5604260312504
8685,Aguardente bagaceira,5601168330012,11669,11618,"Garrafa de 0,70 l",Dinastia,,"13,84€/L","9,69€",https://cdn.intermarche.pt/pt/Content/images/boitmal/produit/zoom/87FD15359AEF327E2CDC20AD5BD17781.jpg,,/product/aguardente-bagaceira/5601168330012
8822,Brandy,5604260314591,11669,11618,"Garrafa de 0,70 l",Alma pura,,"17,13€/L","11,99€",https://cdn.intermarche.pt/pt/Content/images/boitmal/produit/zoom/DEBB75F516EF836146926602963C7EDF.jpg,,/product/brandy/5604260314591
11772,Aguardente velha,5601664130024,11669,11618,Garrafa de 700 ml,São Domingos,,"20,70€/L","14,49€",https://cdn.intermarche.pt/pt/Content/images/boitmal/produit/zoom/216D55870943DFF85264CBCA00CE2441.jpg,,/product/aguardente-velha/5601664130024
16972,Aguardente,5010278100482,11669,11618,Garrafa de 700 ml,1920,,"18,56€/L","12,99€",https://cdn.intermarche.pt/pt/Content/images/boitmal/produit/zoom/DD7E21B001B9AA1E8108BC7D35EA4E3E.jpg,,/product/aguardente/5010278100482
21986,Aguardente Vínica Velha,5600328290777,11669,11618,"Garrafa 0,70L c/ Caixa de Madeira",Martha's,,"29,70€/L","20,79€",https://cdn.intermarche.pt/pt/Content/images/boitmal/produit/zoom/F5503C0D1807BF09A97CC9A5081E13F0.jpg,,/product/aguardente-vinica-velha/5600328290777
22334,Aguardente velha,5601239000844,11669,11618,Garrafa de 700 ml,Fim de Século,,"28,56€/L","19,99€",https://cdn.intermarche.pt/pt/Content/images/boitmal/produit/zoom/2E8F21AC97974D17F85F2CFEBE1B1CE6.jpg,,/product/aguardente-velha/5601239000844
33901,Aguardente velhíssima,5602208000049,11669,11618,Garrafa de 0.70 l,Caves Bonifácio,,"38,56€/L","26,99€",https://cdn.intermarche.pt/pt/Content/images/boitmal/produit/zoom/F108F85E27F0312D06B05B38FC8C2932.jpg,,/product/aguardente-velhissima/5602208000049
5319,Aguardente velha vsop,5601213170648,11669,11618,Garrafa de 700 ml,Antiqua,,"28,56€/L","19,99€",https://cdn.intermarche.pt/pt/Content/images/boitmal/produit/zoom/B1841E23E4F68D3AE62314EB72758DCF.jpg,,/product/aguardente-velha-vsop/5601213170648
5506,Brandy,5601583081063,11669,11618,Garrafa de 700 ml,Constantin,,"15,13€/L","10,59€",https://cdn.intermarche.pt/pt/Content/images/boitmal/produit/zoom/2CF54FE2B6382DA1C5B750D4BB0B610E.jpg,,/product/brandy/5601583081063
9042,Aguardente velhíssima,5601664130123,11669,11618,Garrafa de 0.70 l,São Domingos,,"29,41€/L","20,59€",https://cdn.intermarche.pt/pt/Content/images/boitmal/produit/zoom/64EB8D34BB3E46996EA3750FD5B93CE7.jpg,,/product/aguardente-velhissima/5601664130123
3735,Champanhe meio seco,3250390033707,11670,11619,"Garrafa de 0,75 l",Delagne & Fils,,"30,65€/L","22,99€",https://cdn.intermarche.pt/pt/Content/images/boitmal/produit/zoom/CBFDB0F78F4E77A29DE9C2714CF07243.jpg,,/product/champanhe-meio-seco/3250390033707
7356,Champanhe rose bruto,3250390033677,11670,11619,"Garrafa de 0,75 l",Delagne & Fils,,"30,65€/L","22,99€",https://cdn.intermarche.pt/pt/Content/images/boitmal/produit/zoom/C67F8C7F5B830F4B7403ECD98A12FE61.jpg,,/product/champanhe-rose-bruto/3250390033677
3736,Champanhe bruto,3250390033714,11670,11619,"Garrafa de 0,75 l",Delagne & Fils,,"30,65€/L","22,99€",https://cdn.intermarche.pt/pt/Content/images/boitmal/produit/zoom/C275BA8D23FB250B07BE81D4D981EC5C.jpg,,/product/champanhe-bruto/3250390033714
7470,Champanhe tradicional bruto,3250391033218,11670,11619,Garrafa de 750 ml,Delagne & Fils,,"33,32€/L","24,99€",https://cdn.intermarche.pt/pt/Content/images/boitmal/produit/zoom/A639BC69D18BB568487B43B8E2F20632.jpg,,/product/champanhe-tradicional-bruto/3250391033218
10056,"Espumante cava bruto, reserva",8410036800468,11671,11619,Garrafa de 750 ml,Freixenet,,"10,65€/L","7,99€",https://cdn.intermarche.pt/pt/Content/images/boitmal/produit/zoom/71005F461E53AA0E268F973931CDE2DB.jpg,2024-10-02T22:59:59.999Z,/product/espumante-cava-bruto-reserva/8410036800468
19009,Lambrusco branco,8001900628051,11671,11619,Garrafa de 750 ml,Cavicchiol,,"4,65€/L","3,49€",https://cdn.intermarche.pt/pt/Content/images/boitmal/produit/zoom/8C39CCB09DDB664C487EBA826981DD79.jpg,2024-10-02T22:59:59.999Z,/product/lambrusco-branco/8001900628051
37723,Espumante Bruto Branco,5601578111010,11671,11619,"Garrafa de 0,75L",Terras do Demo,,"11,99€/L","8,99€",https://cdn.intermarche.pt/pt/Content/images/boitmal/produit/zoom/A3D67897F2B14BCB0CB9E3CEF482EED7.jpg,2024-10-02T22:59:59.999Z,/product/espumante-bruto-branco/5601578111010
46436,Espumante Rosé Bruto,5601578131018,11671,11619,Garrafa de 0.75 l,Terras do Demo,,"11,99€/L","8,99€",https://cdn.intermarche.pt/pt/Content/images/boitmal/produit/zoom/6BBA87FB029315E2B70EDC87A45D199D.jpg,2024-10-02T22:59:59.999Z,/product/espumante-rose-bruto/5601578131018
46814,Blanc de blancs,8410036807887,11671,11619,Garrafa de 750 ml,Freixenet,,"8,65€/L","6,49€",https://cdn.intermarche.pt/pt/Content/images/boitmal/produit/zoom/8443921EA647B3A561B8E54CBA9F0C34.jpg,2024-10-02T22:59:59.999Z,/product/blanc-de-blancs/8410036807887
10057,Espumante cava meio seco reserva,8410036800512,11671,11619,Garrafa de 750 ml,Freixenet,,"9,32€/L","6,99€",https://cdn.intermarche.pt/pt/Content/images/boitmal/produit/zoom/595A72B091587557F63E6DF8F5C0E8F8.jpg,2024-10-02T22:59:59.999Z,/product/espumante-cava-meio-seco-reserva/8410036800512
9141,Espumante doce reserva,5602068000081,11671,11619,Garrafa de 750 ml,Murganheira,,"14,65€/L","10,99€",https://cdn.intermarche.pt/pt/Content/images/boitmal/produit/zoom/04A0D24E8E481E5B508A2858B70C0E87.jpg,2024-10-02T22:59:59.999Z,/product/espumante-doce-reserva/5602068000081
5572,Espumante bruto reserva,5602068000272,11671,11619,Garrafa de 750 ml,Murganheira,,"14,65€/L","10,99€",https://cdn.intermarche.pt/pt/Content/images/boitmal/produit/zoom/59A61DD34B0C7F28DB00874D8168C5C5.jpg,2024-10-02T22:59:59.999Z,/product/espumante-bruto-reserva/5602068000272
9140,"Espumante meio seco, reserva",5602068000074,11671,11619,Garrafa de 750 ml,Murganheira,,"14,65€/L","10,99€",https://cdn.intermarche.pt/pt/Content/images/boitmal/produit/zoom/80A76E2943114C831A6E9FC142530A89.jpg,2024-10-02T22:59:59.999Z,/product/espumante-meio-seco-reserva/5602068000074
19010,Lambrusco tinto,8001900527057,11671,11619,Garrafa de 750 ml,Cavicchiol,,"4,65€/L","3,49€",https://cdn.intermarche.pt/pt/Content/images/boitmal/produit/zoom/D43E42D00772544305C459EA7D54BA16.jpg,2024-10-02T22:59:59.999Z,/product/lambrusco-tinto/8001900527057
19011,Lambrusco rosé,8001900234054,11671,11619,Garrafa de 750 ml,Cavicchiol,,"4,65€/L","3,49€",https://cdn.intermarche.pt/pt/Content/images/boitmal/produit/zoom/F84F579AE970ECE1A9C48F9C91C462BA.jpg,2024-10-02T22:59:59.999Z,/product/lambrusco-rose/8001900234054
5571,"Espumante meio seco, super reserva",5602068000067,11671,11619,Garrafa de 750 ml,Murganheira,,"17,32€/L","12,99€",https://cdn.intermarche.pt/pt/Content/images/boitmal/produit/zoom/330D9E3392E9E76A3C5A1018941312EF.jpg,2024-10-02T22:59:59.999Z,/product/espumante-meio-seco-super-reserva/5602068000067
12279,Esoumante prosecco branco,8000420742193,11671,11619,Garrafa de 750 ml,Gancia,,"15,99€/L","11,99€",https://cdn.intermarche.pt/pt/Content/images/boitmal/produit/zoom/F1F0FBC86F2D5945B4B6136F3984F62A.jpg,,/product/esoumante-prosecco-branco/8000420742193
8552,"Espumante doce celebration, garrafa de 750 ml",5601129035024,11671,11619,,Fita azul,,"8,25€/L","6,19€",https://cdn.intermarche.pt/pt/Content/images/boitmal/produit/zoom/66AA7B37E8175E3658377BC471F3EA7C.jpg,,/product/espumante-doce-celebration-garrafa-de-750-ml/5601129035024
40403,Espumante branco bruto,5604260298303,11671,11619,Garrafa de 0.75 l,Selecção de Enófilos,,"4,65€/L","3,49€",https://cdn.intermarche.pt/pt/Content/images/boitmal/produit/zoom/398E3D84BFC1E08E9F2B8B8F63CF437F.jpg,,/product/espumante-branco-bruto/5604260298303
42864,Espumante meio seco,5604260298280,11671,11619,Garrafa de 750 ml,Selecção de Enófilos,,"4,65€/L","3,49€",https://cdn.intermarche.pt/pt/Content/images/boitmal/produit/zoom/B7EDB9EB81AFB359E7FC8BA2D26301E7.jpg,,/product/espumante-meio-seco/5604260298280
8286,Espumante rosé bruto,5601012001310,11671,11619,Garrafa de 750 ml,Mateus,,"9,32€/L","6,99€",https://cdn.intermarche.pt/pt/Content/images/boitmal/produit/zoom/C4D8A14EE2E1841C04C49E6174952E01.jpg,,/product/espumante-rose-bruto/5601012001310
8550,"Espumante seco celebration, garrafa de 750 ml",5601129035000,11671,11619,,Fita azul,,"8,25€/L","6,19€",https://cdn.intermarche.pt/pt/Content/images/boitmal/produit/zoom/BE540DA9E0FC6CC577A94BB5B2F5E963.jpg,,/product/espumante-seco-celebration-garrafa-de-750-ml/5601129035000
9023,Espumante branco meio seco,5601626100195,11671,11619,Garrafa de 75 cl,Corte real,,"4,65€/L","3,49€",https://cdn.intermarche.pt/pt/Content/images/boitmal/produit/zoom/8D627E413F6CC28AC47E5DE54373A88F.jpg,,/product/espumante-branco-meio-seco/5601626100195
12307,Lambrusco bianco,8004300029053,11671,11619,Garrafa de 750 ml,Maestri Cantinieri,,"2,65€/L","1,99€",https://cdn.intermarche.pt/pt/Content/images/boitmal/produit/zoom/1D7434B347C301248CA250A7190031BB.jpg,,/product/lambrusco-bianco/8004300029053
51559,Espumante Branco Bruto Reserva,5604260321919,11671,11619,Garrafa de 750 ml,Selecção de Enófilos,,"6,65€/L","4,99€",https://cdn.intermarche.pt/pt/Content/images/boitmal/produit/zoom/283C0D6D62D50986CCB05A96494395BF.jpg,,/product/espumante-branco-bruto-reserva/5604260321919
5519,Espumante Doce,5601664111221,11671,11619,"Garrafa de 0,75 l",São Domingos,,"7,32€/L","5,49€",https://cdn.intermarche.pt/pt/Content/images/boitmal/produit/zoom/77C66A293456A710CF2C42C0016E9FC3.jpg,,/product/espumante-doce/5601664111221
5518,Espumante Meio Seco,5601664111214,11671,11619,"Garrafa de 0,75 l",São Domingos,,"8,39€/L","6,29€",https://cdn.intermarche.pt/pt/Content/images/boitmal/produit/zoom/70F9B992246B50940897E3A15517879D.jpg,,/product/espumante-meio-seco/5601664111214
2660,Lambrusco tinto,8004300653234,11671,11619,Garrafa de 750 ml,Maestri Cantinieri,,"2,65€/L","1,99€",https://cdn.intermarche.pt/pt/Content/images/boitmal/produit/zoom/FA9BAB26A9A263E43AC935EA84F225B0.jpg,,/product/lambrusco-tinto/8004300653234
6038,Espumante doce reserva,5606215060010,11671,11619,Garrafa de 0.75 l,Raposeira,,"11,72€/L","8,79€",https://cdn.intermarche.pt/pt/Content/images/boitmal/produit/zoom/349816E321A6A499647BB30A2315CD3B.jpg,,/product/espumante-doce-reserva/5606215060010
6039,Espumante bruto reserva,5606215090017,11671,11619,Garrafa de 0.75 l,Raposeira,,"11,72€/L","8,79€",https://cdn.intermarche.pt/pt/Content/images/boitmal/produit/zoom/D1246C608EB3BA32E60D61BDE2573490.jpg,,/product/espumante-bruto-reserva/5606215090017
29375,Cocktail mango,4001744068307,11671,11619,Garrafa de 750 ml,Bar Royal,,"5,72€/L","4,29€",https://cdn.intermarche.pt/pt/Content/images/boitmal/produit/zoom/18F18A0CF986CA08A3B62C052F84D744.jpg,,/product/cocktail-mango/4001744068307
29376,Cocktail limão,4001744045773,11671,11619,Garrafa de 750 ml,Bar Royal,,"5,72€/L","4,29€",https://cdn.intermarche.pt/pt/Content/images/boitmal/produit/zoom/87F27215C9EAD67DC826C878DCC9B29F.jpg,,/product/cocktail-limao/4001744045773
43454,Espumante Bairrada Bruto,5601271090049,11671,11619,Garrafa de 0.75 litros,Marquês de Marialva,,"9,32€/L","6,99€",https://cdn.intermarche.pt/pt/Content/images/boitmal/produit/zoom/80E7571FDED08F4A55882E37320D6A03.jpg,,/product/espumante-bairrada-bruto/5601271090049
47097,Asti martini,8000570435402,11671,11619,Garrafa de 750 ml,Martini,,"13,32€/L","9,99€",https://cdn.intermarche.pt/pt/Content/images/boitmal/produit/zoom/AE76CEF39ED4362D4E617F77CEE0DD70.jpg,,/product/asti-martini/8000570435402
12166,"Espumante bruto, garrafa de 750 ml",5604575000103,11671,11619,,Cabriz,,"10,65€/L","7,99€",https://cdn.intermarche.pt/pt/Content/images/boitmal/produit/zoom/C982BD08AB0A9B83C86D2F0740A298DF.jpg,,/product/espumante-bruto-garrafa-de-750-ml/5604575000103
18732,Lambrusco branco,8008820148485,11671,11619,Garrafa de 0.75 l,Sorbello,,"3,99€/L","2,99€",https://cdn.intermarche.pt/pt/Content/images/boitmal/produit/zoom/AA86C7CAE1ED4481A60ED25D1BEF42CA.jpg,,/product/lambrusco-branco/8008820148485
20864,"Espumante Danúbio, Meio Seco",5601213169390,11671,11619,Garrafa de 75 cl,Danúbio,,"8,79€/L","6,59€",https://cdn.intermarche.pt/pt/Content/images/boitmal/produit/zoom/F32049E3CFD3115EBC716F8D770082FC.jpg,,/product/espumante-danubio-meio-seco/5601213169390
20865,"Espumante Danúbio, Bruto",5601213169260,11671,11619,Garrafa de 75 cl,Danúbio,,"8,79€/L","6,59€",https://cdn.intermarche.pt/pt/Content/images/boitmal/produit/zoom/19C3704B1F7022EAFB56FE061C217794.jpg,,/product/espumante-danubio-bruto/5601213169260
36350,Espumante Super Reserva Meio Seco,5606215030013,11671,11619,Garrafa de 0.75 l,Raposeira,,"15,99€/L","11,99€",https://cdn.intermarche.pt/pt/Content/images/boitmal/produit/zoom/C4088311E8764371D6C1C4D20378C7D6.jpg,,/product/espumante-super-reserva-meio-seco/5606215030013
36351,Espumante Super Reserva Bruto,5606215020014,11671,11619,Garrafa de 0.75 l,Raposeira,,"15,99€/L","11,99€",https://cdn.intermarche.pt/pt/Content/images/boitmal/produit/zoom/87CC5EC81D5EAD67CD67A9E47931DCCA.jpg,,/product/espumante-super-reserva-bruto/5606215020014
42866,Espumante tinto bruto,5604260298266,11671,11619,Garrafa de 750 ml,Selecção de Enófilos,,"4,65€/L","3,49€",https://cdn.intermarche.pt/pt/Content/images/boitmal/produit/zoom/44DA08F3E0640D74E620A278088310D4.jpg,,/product/espumante-tinto-bruto/5604260298266
43455,Espumante Bairrada Meio Seco,5601271090032,11671,11619,Garrafa de 0.75 litros,Marquês de Marialva,,"9,32€/L","6,99€",https://cdn.intermarche.pt/pt/Content/images/boitmal/produit/zoom/C74E55E872162AE75129AD7B7C952306.jpg,,/product/espumante-bairrada-meio-seco/5601271090032
43456,Espumante Bairrada Doce,5601271090209,11671,11619,Garrafa de 0.75 litros,Marquês de Marialva,,"9,32€/L","6,99€",https://cdn.intermarche.pt/pt/Content/images/boitmal/produit/zoom/19FE75D5402BD88AE0ACBEB9D568EFAF.jpg,,/product/espumante-bairrada-doce/5601271090209
50397,Bar royal strawberry - spring limited edition,4001744069380,11671,11619,Garrafa de 750 ml,Bar Royal,,"5,72€/L","4,29€",https://cdn.intermarche.pt/pt/Content/images/boitmal/produit/zoom/29A4985081718D71ECA89F5FD8F0867D.jpg,,/product/bar-royal-strawberry-spring-limited-edition/4001744069380
52938,"Detergente Loiça Máquina Power Regular, 60 unidades",5601217137746,11404,11403,,Finish,,"11,99€/Unidade","11,99€",https://cdn.intermarche.pt/pt/Content/images/boitmal/produit/zoom/E450243CCF850E82EF5ADC69AB281BA1.jpg,2024-10-04T22:59:59.999Z,/product/detergente-loica-maquina-power-regular-60-unidades/5601217137746
54361,"Detergente Loiça Máquina Quantum Limão, 28 Pastilhas",8410104915186,11404,11403,,Finish,,"5,99€/Unidade","5,99€",https://cdn.intermarche.pt/pt/Content/images/boitmal/produit/zoom/1475A3F2DD398EC394FA4FC5F2649CB1.jpg,2024-10-04T22:59:59.999Z,/product/detergente-loica-maquina-quantum-limao-28-pastilhas/8410104915186
52518,Detergente Máquina Loiça Power Limão,5601217137753,11404,11403,60 pastilhas,Finish,,"11,99€/Unidade","11,99€",https://cdn.intermarche.pt/pt/Content/images/boitmal/produit/zoom/526D668404590B5225313BA14BAC66F5.jpg,2024-10-04T22:59:59.999Z,/product/detergente-maquina-loica-power-limao/5601217137753
51538,Detergente Loiça Máquina Platinum Plus Limão,8006540752333,11404,11403,Pack XXL de 48 pastilhas,Fairy,,"12,99€/Unidade","12,99€",https://cdn.intermarche.pt/pt/Content/images/boitmal/produit/zoom/BF9EA7B5A162D4EDE7649782C5368BA2.jpg,2024-10-04T22:59:59.999Z,/product/detergente-loica-maquina-platinum-plus-limao/8006540752333
54536,"Detergente Máquina Loiça Pastilhas Original Tudo em 1, 21D",8006540521830,11404,11403,,Fairy,,"5,98€/Unidade","5,98€",https://cdn.intermarche.pt/pt/Content/images/boitmal/produit/zoom/A8D6CE6871157DC51CCF082588F9CCD8.jpg,2024-10-04T22:59:59.999Z,/product/detergente-maquina-loica-pastilhas-original-tudo-em-1-21d/8006540521830
54537,"Detergente Máquina Loiça Pastilhas Original Tudo em 1 Limão, 41D",8700216323154,11404,11403,,Fairy,,"9,98€/Unidade","9,98€",https://cdn.intermarche.pt/pt/Content/images/boitmal/produit/zoom/F55CFBCFAFE35D0DCE9947575C357F88.jpg,2024-10-04T22:59:59.999Z,/product/detergente-maquina-loica-pastilhas-original-tudo-em-1-limao-41d/8700216323154
54538,"Detergente Máquina Loiça Pastilhas Original Tudo em 1 Limão, 71D",8006540763582,11404,11403,,Fairy,,"12,99€/Unidade","12,99€",https://cdn.intermarche.pt/pt/Content/images/boitmal/produit/zoom/69ADBEA2B32242A06164A6C2A87DA5AE.jpg,2024-10-04T22:59:59.999Z,/product/detergente-maquina-loica-pastilhas-original-tudo-em-1-limao-71d/8006540763582
54539,"Detergente Máquina Loiça Pastilhas Platinum Plus Tudo em 1 Limão, 19D",8700216236669,11404,11403,,Fairy,,"6,69€/Unidade","6,69€",https://cdn.intermarche.pt/pt/Content/images/boitmal/produit/zoom/8E71671E7563BD0742047C910AACC733.jpg,2024-10-04T22:59:59.999Z,/product/detergente-maquina-loica-pastilhas-platinum-plus-tudo-em-1-limao-19d/8700216236669
54615,"Detergente Loiça Máquina Pastilhas Ultra Original, 35D",8006540767603,11404,11403,,Fairy,,"9,99€/Unidade","9,99€",https://cdn.intermarche.pt/pt/Content/images/boitmal/produit/zoom/55070C516FF5F99782128F82B165B32E.jpg,2024-09-25T22:59:59.999Z,/product/detergente-loica-maquina-pastilhas-ultra-original-35d/8006540767603
54616,"Detergente Máquina Loiça Pastilhas Platinum Plus Tudo em 1 Limão, 30D",8700216322089,11404,11403,,Fairy,,"9,98€/Unidade","9,98€",https://cdn.intermarche.pt/pt/Content/images/boitmal/produit/zoom/91E8D8DB42DFD6C261F33FC7F7E99841.jpg,2024-09-25T22:59:59.999Z,/product/detergente-maquina-loica-pastilhas-platinum-plus-tudo-em-1-limao-30d/8700216322089
43429,"Detergente para máquina de loiça, gel",5604260310982,11404,11403,Embalagem de 1.5 litros,PorSi,,"2,66€/L","3,99€",https://cdn.intermarche.pt/pt/Content/images/boitmal/produit/zoom/773C3784B298DBA3371CCF709250CF63.jpg,,/product/detergente-para-maquina-de-loica-gel/5604260310982
45700,Detergente maquina loiça tudo em 1 limão,5604260314249,11404,11403,Embalagem de 40 cápsulas,PorSi,,"3,99€/Unidade","3,99€",https://cdn.intermarche.pt/pt/Content/images/boitmal/produit/zoom/D95DA51A76D8A36C365F56FE9785B8FE.jpg,,/product/detergente-maquina-loica-tudo-em-1-limao/5604260314249
5127,Sal para máquina de loiça,5601068015347,11404,11403,Embalagem de 1 kg,Sun,,"1,49€/Kg","1,49€",https://cdn.intermarche.pt/pt/Content/images/boitmal/produit/zoom/525B9A3DF59B77ABB2076A5D4B0DCD09.jpg,,/product/sal-para-maquina-de-loica/5601068015347
52156,Detergente Máquina Loica Gel Tudo em 1,5604260326303,11404,11403,Embalagem de 22 unidades,PorSi,,"3,65€/Unidade","3,65€",https://cdn.intermarche.pt/pt/Content/images/boitmal/produit/zoom/902CF8801DC9FC21D2CD1A7594017766.jpg,,/product/detergente-maquina-loica-gel-tudo-em-1/5604260326303
8068,Abrilhantador p/ máquina de lavar loiça,5011417544679,11404,11403,Garrafa de 400 ml,Finish,,"9,98€/L","3,99€",https://cdn.intermarche.pt/pt/Content/images/boitmal/produit/zoom/5D045CC65EE222532216DB5B0BF2A582.jpg,,/product/abrilhantador-p-ou-maquina-de-lavar-loica/5011417544679
43847,Sal para maquina loica 2k,5604260303601,11404,11403,Embalagem de 2 kg,PorSi,,"0,40€/Kg","0,79€",https://cdn.intermarche.pt/pt/Content/images/boitmal/produit/zoom/5DA32EBB5EA8272A5E80DDC74DED409A.jpg,,/product/sal-para-maquina-loica-2k/5604260303601
8752,Sal p/ máquina de lavar loiça,5601217102065,11404,11403,Embalagem de 1 kg,Finish,,"1,99€/Kg","1,99€",https://cdn.intermarche.pt/pt/Content/images/boitmal/produit/zoom/8EBDC7AE1197593D3539E53F449D6E79.jpg,,/product/sal-p-ou-maquina-de-lavar-loica/5601217102065
43848,Abrilhantador maquina loiça,5604260309986,11404,11403,Garrafa de 1 l,PorSi,,"1,39€/L","1,39€",https://cdn.intermarche.pt/pt/Content/images/boitmal/produit/zoom/4005B7634DC9DA8E01A981AE9A25467E.jpg,,/product/abrilhantador-maquina-loica/5604260309986
33482,Limpa máquinas de loiça tripla ação,5604260285105,11404,11403,Embalagem de 250 ml,PorSi,,"5,96€/L","1,49€",https://cdn.intermarche.pt/pt/Content/images/boitmal/produit/zoom/380427D665F582F7DD6CFE19369F93F5.jpg,,/product/limpa-maquinas-de-loica-tripla-acao/5604260285105
43428,Limpa máquinas de loiça limão,5604260304738,11404,11403,Embalagem de 250 ml,PorSi,,"5,96€/L","1,49€",https://cdn.intermarche.pt/pt/Content/images/boitmal/produit/zoom/D3D3C8E9CC2232B06DE27F0A6F1A935B.jpg,,/product/limpa-maquinas-de-loica-limao/5604260304738
47979,Detergentes máquina lavar loiça ecológico,5604260312740,11404,11403,26 pastilhas,PorSi,,"2,99€/Unidade","2,99€",https://cdn.intermarche.pt/pt/Content/images/boitmal/produit/zoom/78BEBFE1DB31B8C2D02C89E6CE3251D4.jpg,,/product/detergentes-maquina-lavar-loica-ecologico/5604260312740
45326,Detergentes máquina lavar loiça next generation,5604260314256,11404,11403,30 pastilhas,PorSi,,"5,49€/Unidade","5,49€",https://cdn.intermarche.pt/pt/Content/images/boitmal/produit/zoom/38CC85368EB129BF99523E9B1DE27129.jpg,,/product/detergentes-maquina-lavar-loica-next-generation/5604260314256
51779,Detergentes máquina lavar loiça,5604260327089,11404,11403,60 pastilhas,PorSi,,"3,89€/Unidade","3,89€",https://cdn.intermarche.pt/pt/Content/images/boitmal/produit/zoom/5D0E62FF3D9A0C755640BCC5F7832DD7.jpg,,/product/detergentes-maquina-lavar-loica/5604260327089
38312,Limpa máquinas de loiça limão,8410104702663,11404,11403,Embalagem com 250 ml,Finish,,"15,96€/L","3,99€",https://cdn.intermarche.pt/pt/Content/images/boitmal/produit/zoom/9D00E5B8A4B2948FDB414A41D501B929.jpg,,/product/limpa-maquinas-de-loica-limao/8410104702663
45046,"Detergente para máquina de loiça, gel",5604260310999,11404,11403,Embalagem de 720 ml,PorSi,,"4,99€/L","3,59€",https://cdn.intermarche.pt/pt/Content/images/boitmal/produit/zoom/03E6CFD8472C75C398B80D239A2A0CEF.jpg,,/product/detergente-para-maquina-de-loica-gel/5604260310999
10116,Limpa Máquina Loiça Regular,8410104702601,11404,11403,,Finish,,"3,99€/Unidade","3,99€",https://cdn.intermarche.pt/pt/Content/images/boitmal/produit/zoom/48C07A9F37A8CDCBE24415AE46D3B576.jpg,,/product/limpa-maquina-loica-regular/8410104702601
42047,Detergente pastilhas p/ Máquina Loiça Oxyplus Carvão Ativado + Vinagre de Maçã,5600356070167,11404,11403,Embalagem de 56 cápsulas,Super Pop,,"8,99€/Unidade","8,99€",https://cdn.intermarche.pt/pt/Content/images/boitmal/produit/zoom/BBB25D262A87680F47B592FFDF4498C2.jpg,,/product/detergente-pastilhas-p-ou-maquina-loica-oxyplus-carvao-ativado-+-vinagre-de-maca/5600356070167
45684,Detergente Máquina de Roupa Sabão de Marselha,5604260312856,11404,11403,Embalagem de 30 cápsulas,PorSi,,"6,49€/Unidade","6,49€",https://cdn.intermarche.pt/pt/Content/images/boitmal/produit/zoom/A3D36807D62FC9B92FF6665C9667AA9C.jpg,,/product/detergente-maquina-de-roupa-sabao-de-marselha/5604260312856
51391,Detergente Máquina Loiça Ultimate Plus Regular,8410104913977,11404,11403,51 pastilhas,Finish,,"12,99€/Unidade","12,99€",https://cdn.intermarche.pt/pt/Content/images/boitmal/produit/zoom/7EC4096B0B17737E5C96D8FEFD162FA8.jpg,,/product/detergente-maquina-loica-ultimate-plus-regular/8410104913977
28511,Pastilhas Limpa Máquinas,8410104889111,11404,11403,Embalagem c/ 3 un.,Finish,,"5,49€/Unidade","5,49€",https://cdn.intermarche.pt/pt/Content/images/boitmal/produit/zoom/84516A7D944B567D9C082DC899C1605F.jpg,,/product/pastilhas-limpa-maquinas/8410104889111
38313,Abrilhantador máquinas de loiça,8410104489090,11404,11403,800 ml,Finish,,"9,99€/L","7,99€",https://cdn.intermarche.pt/pt/Content/images/boitmal/produit/zoom/8B79CB925236D2DED71F7EF88F673037.jpg,,/product/abrilhantador-maquinas-de-loica/8410104489090
24748,Detergente líquido p/ máquina lavar loiça gel tudo em 1 limão,8410104124649,11404,11403,Garrafa de 1 l,Finish,,"9,49€/L","9,49€",https://cdn.intermarche.pt/pt/Content/images/boitmal/produit/zoom/F0EB1F6F4462DD8BDEA5E59E53F7C1E1.jpg,,/product/detergente-liquido-p-ou-maquina-lavar-loica-gel-tudo-em-1-limao/8410104124649
40882,Abrilhantador 0% máquina loiça,8410104894887,11404,11403,Embalagem de 400 ml,Finish,,"19,98€/L","7,99€",https://cdn.intermarche.pt/pt/Content/images/boitmal/produit/zoom/052F61E89B6E2DBD5D801D4413F73A3C.jpg,,/product/abrilhantador-0%25-maquina-loica/8410104894887
51389,Detergente Máquina Loiça Ultimate Plus Regular,8410104913908,11404,11403,28 pastilhas,Finish,,"9,29€/Unidade","9,29€",https://cdn.intermarche.pt/pt/Content/images/boitmal/produit/zoom/199F87BE26D176A214C98530B06CFC53.jpg,,/product/detergente-maquina-loica-ultimate-plus-regular/8410104913908
51390,Detergente Máquina Loiça Ultimate Plus Regular,8410104913885,11404,11403,39 pastilhas,Finish,,"10,99€/Unidade","10,99€",https://cdn.intermarche.pt/pt/Content/images/boitmal/produit/zoom/C9FC06C979C9CC0E9AF87AF0FD0E2D62.jpg,,/product/detergente-maquina-loica-ultimate-plus-regular/8410104913885
51941,"Detergente Loiça Máquina Optimum Limão, 52 Cápsulas",8720182599377,11404,11403,,Sun,,"9,99€/Unidade","9,99€",https://cdn.intermarche.pt/pt/Content/images/boitmal/produit/zoom/46EDD22C9188BD17E0F4DDC446EAA514.jpg,,/product/detergente-loica-maquina-optimum-limao-52-capsulas/8720182599377
52341,Detergente Máquina Loiça Pastilhas Ultra,8006540767849,11404,11403,21 Pastilhas,Fairy,,"5,98€/Unidade","5,98€",https://cdn.intermarche.pt/pt/Content/images/boitmal/produit/zoom/46BCA721C33310C4A1E37F7412916CD3.jpg,,/product/detergente-maquina-loica-pastilhas-ultra/8006540767849
54362,"Detergente Loiça Máquina Ultimate Limão, 32 Pastilhas",8410104914127,11404,11403,,Finish,,"8,99€/Unidade","8,99€",https://cdn.intermarche.pt/pt/Content/images/boitmal/produit/zoom/6B5BA0C829FDB677171C69D6803B3E34.jpg,,/product/detergente-loica-maquina-ultimate-limao-32-pastilhas/8410104914127
24747,Detergente líquido p/ máquina lavar loiça gel tudo em 1 regular,8410104124632,11404,11403,Garrafa de 1 l,Finish,,"9,99€/L","9,99€",https://cdn.intermarche.pt/pt/Content/images/boitmal/produit/zoom/5B8CF1AC322BE00746ABB129341D4241.jpg,,/product/detergente-liquido-p-ou-maquina-lavar-loica-gel-tudo-em-1-regular/8410104124632
40123,Detergente em pó maquina loiça limão,8710847872310,11404,11403,Embalagem de 2.5 kg,Sun,,"4,00€/Kg","9,99€",https://cdn.intermarche.pt/pt/Content/images/boitmal/produit/zoom/08BA0254CC920F29E857A923947AC7F7.jpg,,/product/detergente-em-po-maquina-loica-limao/8710847872310
