Product ID,Title,EAN,Family ID,Department ID,Packaging,Brand,Category,Price,Price Per Unit,Image URL,Promo End,Product URL
52938,"Detergente Loiça Máquina Power Regular, 60 unidades",5601217137746,11404,11403,,Finish,,"11,99€/Unidade","11,99€",https://cdn.intermarche.pt/pt/Content/images/boitmal/produit/zoom/E450243CCF850E82EF5ADC69AB281BA1.jpg,2024-10-04T22:59:59.999Z,/product/detergente-loica-maquina-power-regular-60-unidades/5601217137746
54361,"Detergente Loiça Máquina Quantum Limão, 28 Pastilhas",8410104915186,11404,11403,,Finish,,"5,99€/Unidade","5,99€",https://cdn.intermarche.pt/pt/Content/images/boitmal/produit/zoom/1475A3F2DD398EC394FA4FC5F2649CB1.jpg,2024-10-04T22:59:59.999Z,/product/detergente-loica-maquina-quantum-limao-28-pastilhas/8410104915186
52518,Detergente Máquina Loiça Power Limão,5601217137753,11404,11403,60 pastilhas,Finish,,"11,99€/Unidade","11,99€",https://cdn.intermarche.pt/pt/Content/images/boitmal/produit/zoom/526D668404590B5225313BA14BAC66F5.jpg,2024-10-04T22:59:59.999Z,/product/detergente-maquina-loica-power-limao/5601217137753
51538,Detergente Loiça Máquina Platinum Plus Limão,8006540752333,11404,11403,Pack XXL de 48 pastilhas,Fairy,,"12,99€/Unidade","12,99€",https://cdn.intermarche.pt/pt/Content/images/boitmal/produit/zoom/BF9EA7B5A162D4EDE7649782C5368BA2.jpg,2024-10-04T22:59:59.999Z,/product/detergente-loica-maquina-platinum-plus-limao/8006540752333
54536,"Detergente Máquina Loiça Pastilhas Original Tudo em 1, 21D",8006540521830,11404,11403,,Fairy,,"5,98€/Unidade","5,98€",https://cdn.intermarche.pt/pt/Content/images/boitmal/produit/zoom/A8D6CE6871157DC51CCF082588F9CCD8.jpg,2024-10-04T22:59:59.999Z,/product/detergente-maquina-loica-pastilhas-original-tudo-em-1-21d/8006540521830
54537,"Detergente Máquina Loiça Pastilhas Original Tudo em 1 Limão, 41D",8700216323154,11404,11403,,Fairy,,"9,98€/Unidade","9,98€",https://cdn.intermarche.pt/pt/Content/images/boitmal/produit/zoom/F55CFBCFAFE35D0DCE9947575C357F88.jpg,2024-10-04T22:59:59.999Z,/product/detergente-maquina-loica-pastilhas-original-tudo-em-1-limao-41d/8700216323154
54538,"Detergente Máquina Loiça Pastilhas Original Tudo em 1 Limão, 71D",8006540763582,11404,11403,,Fairy,,"12,99€/Unidade","12,99€",https://cdn.intermarche.pt/pt/Content/images/boitmal/produit/zoom/69ADBEA2B32242A06164A6C2A87DA5AE.jpg,2024-10-04T22:59:59.999Z,/product/detergente-maquina-loica-pastilhas-original-tudo-em-1-limao-71d/8006540763582
54539,"Detergente Máquina Loiça Pastilhas Platinum Plus Tudo em 1 Limão, 19D",8700216236669,11404,11403,,Fairy,,"6,69€/Unidade","6,69€",https://cdn.intermarche.pt/pt/Content/images/boitmal/produit/zoom/8E71671E7563BD0742047C910AACC733.jpg,2024-10-04T22:59:59.999Z,/product/detergente-maquina-loica-pastilhas-platinum-plus-tudo-em-1-limao-19d/8700216236669
54615,"Detergente Loiça Máquina Pastilhas Ultra Original, 35D",8006540767603,11404,11403,,Fairy,,"9,99€/Unidade","9,99€",https://cdn.intermarche.pt/pt/Content/images/boitmal/produit/zoom/55070C516FF5F99782128F82B165B32E.jpg,2024-09-25T22:59:59.999Z,/product/detergente-loica-maquina-pastilhas-ultra-original-35d/8006540767603
54616,"Detergente Máquina Loiça Pastilhas Platinum Plus Tudo em 1 Limão, 30D",8700216322089,11404,11403,,Fairy,,"9,98€/Unidade","9,98€",https://cdn.intermarche.pt/pt/Content/images/boitmal/produit/zoom/91E8D8DB42DFD6C261F33FC7F7E99841.jpg,2024-09-25T22:59:59.999Z,/product/detergente-maquina-loica-pastilhas-platinum-plus-tudo-em-1-limao-30d/8700216322089
43429,"Detergente para máquina de loiça, gel",5604260310982,11404,11403,Embalagem de 1.5 litros,PorSi,,"2,66€/L","3,99€",https://cdn.intermarche.pt/pt/Content/images/boitmal/produit/zoom/773C3784B298DBA3371CCF709250CF63.jpg,,/product/detergente-para-maquina-de-loica-gel/5604260310982
45700,Detergente maquina loiça tudo em 1 limão,5604260314249,11404,11403,Embalagem de 40 cápsulas,PorSi,,"3,99€/Unidade","3,99€",https://cdn.intermarche.pt/pt/Content/images/boitmal/produit/zoom/D95DA51A76D8A36C365F56FE9785B8FE.jpg,,/product/detergente-maquina-loica-tudo-em-1-limao/5604260314249
5127,Sal para máquina de loiça,5601068015347,11404,11403,Embalagem de 1 kg,Sun,,"1,49€/Kg","1,49€",https://cdn.intermarche.pt/pt/Content/images/boitmal/produit/zoom/525B9A3DF59B77ABB2076A5D4B0DCD09.jpg,,/product/sal-para-maquina-de-loica/5601068015347
52156,Detergente Máquina Loica Gel Tudo em 1,5604260326303,11404,11403,Embalagem de 22 unidades,PorSi,,"3,65€/Unidade","3,65€",https://cdn.intermarche.pt/pt/Content/images/boitmal/produit/zoom/902CF8801DC9FC21D2CD1A7594017766.jpg,,/product/detergente-maquina-loica-gel-tudo-em-1/5604260326303
8068,Abrilhantador p/ máquina de lavar loiça,5011417544679,11404,11403,Garrafa de 400 ml,Finish,,"9,98€/L","3,99€",https://cdn.intermarche.pt/pt/Content/images/boitmal/produit/zoom/5D045CC65EE222532216DB5B0BF2A582.jpg,,/product/abrilhantador-p-ou-maquina-de-lavar-loica/5011417544679
43847,Sal para maquina loica 2k,5604260303601,11404,11403,Embalagem de 2 kg,PorSi,,"0,40€/Kg","0,79€",https://cdn.intermarche.pt/pt/Content/images/boitmal/produit/zoom/5DA32EBB5EA8272A5E80DDC74DED409A.jpg,,/product/sal-para-maquina-loica-2k/5604260303601
8752,Sal p/ máquina de lavar loiça,5601217102065,11404,11403,Embalagem de 1 kg,Finish,,"1,99€/Kg","1,99€",https://cdn.intermarche.pt/pt/Content/images/boitmal/produit/zoom/8EBDC7AE1197593D3539E53F449D6E79.jpg,,/product/sal-p-ou-maquina-de-lavar-loica/5601217102065
43848,Abrilhantador maquina loiça,5604260309986,11404,11403,Garrafa de 1 l,PorSi,,"1,39€/L","1,39€",https://cdn.intermarche.pt/pt/Content/images/boitmal/produit/zoom/4005B7634DC9DA8E01A981AE9A25467E.jpg,,/product/abrilhantador-maquina-loica/5604260309986
33482,Limpa máquinas de loiça tripla ação,5604260285105,11404,11403,Embalagem de 250 ml,PorSi,,"5,96€/L","1,49€",https://cdn.intermarche.pt/pt/Content/images/boitmal/produit/zoom/380427D665F582F7DD6CFE19369F93F5.jpg,,/product/limpa-maquinas-de-loica-tripla-acao/5604260285105
43428,Limpa máquinas de loiça limão,5604260304738,11404,11403,Embalagem de 250 ml,PorSi,,"5,96€/L","1,49€",https://cdn.intermarche.pt/pt/Content/images/boitmal/produit/zoom/D3D3C8E9CC2232B06DE27F0A6F1A935B.jpg,,/product/limpa-maquinas-de-loica-limao/5604260304738
47979,Detergentes máquina lavar loiça ecológico,5604260312740,11404,11403,26 pastilhas,PorSi,,"2,99€/Unidade","2,99€",https://cdn.intermarche.pt/pt/Content/images/boitmal/produit/zoom/78BEBFE1DB31B8C2D02C89E6CE3251D4.jpg,,/product/detergentes-maquina-lavar-loica-ecologico/5604260312740
45326,Detergentes máquina lavar loiça next generation,5604260314256,11404,11403,30 pastilhas,PorSi,,"5,49€/Unidade","5,49€",https://cdn.intermarche.pt/pt/Content/images/boitmal/produit/zoom/38CC85368EB129BF99523E9B1DE27129.jpg,,/product/detergentes-maquina-lavar-loica-next-generation/5604260314256
51779,Detergentes máquina lavar loiça,5604260327089,11404,11403,60 pastilhas,PorSi,,"3,89€/Unidade","3,89€",https://cdn.intermarche.pt/pt/Content/images/boitmal/produit/zoom/5D0E62FF3D9A0C755640BCC5F7832DD7.jpg,,/product/detergentes-maquina-lavar-loica/5604260327089
38312,Limpa máquinas de loiça limão,8410104702663,11404,11403,Embalagem com 250 ml,Finish,,"15,96€/L","3,99€",https://cdn.intermarche.pt/pt/Content/images/boitmal/produit/zoom/9D00E5B8A4B2948FDB414A41D501B929.jpg,,/product/limpa-maquinas-de-loica-limao/8410104702663
45046,"Detergente para máquina de loiça, gel",5604260310999,11404,11403,Embalagem de 720 ml,PorSi,,"4,99€/L","3,59€",https://cdn.intermarche.pt/pt/Content/images/boitmal/produit/zoom/03E6CFD8472C75C398B80D239A2A0CEF.jpg,,/product/detergente-para-maquina-de-loica-gel/5604260310999
10116,Limpa Máquina Loiça Regular,8410104702601,11404,11403,,Finish,,"3,99€/Unidade","3,99€",https://cdn.intermarche.pt/pt/Content/images/boitmal/produit/zoom/48C07A9F37A8CDCBE24415AE46D3B576.jpg,,/product/limpa-maquina-loica-regular/8410104702601
42047,Detergente pastilhas p/ Máquina Loiça Oxyplus Carvão Ativado + Vinagre de Maçã,5600356070167,11404,11403,Embalagem de 56 cápsulas,Super Pop,,"8,99€/Unidade","8,99€",https://cdn.intermarche.pt/pt/Content/images/boitmal/produit/zoom/BBB25D262A87680F47B592FFDF4498C2.jpg,,/product/detergente-pastilhas-p-ou-maquina-loica-oxyplus-carvao-ativado-+-vinagre-de-maca/5600356070167
45684,Detergente Máquina de Roupa Sabão de Marselha,5604260312856,11404,11403,Embalagem de 30 cápsulas,PorSi,,"6,49€/Unidade","6,49€",https://cdn.intermarche.pt/pt/Content/images/boitmal/produit/zoom/A3D36807D62FC9B92FF6665C9667AA9C.jpg,,/product/detergente-maquina-de-roupa-sabao-de-marselha/5604260312856
51391,Detergente Máquina Loiça Ultimate Plus Regular,8410104913977,11404,11403,51 pastilhas,Finish,,"12,99€/Unidade","12,99€",https://cdn.intermarche.pt/pt/Content/images/boitmal/produit/zoom/7EC4096B0B17737E5C96D8FEFD162FA8.jpg,,/product/detergente-maquina-loica-ultimate-plus-regular/8410104913977
28511,Pastilhas Limpa Máquinas,8410104889111,11404,11403,Embalagem c/ 3 un.,Finish,,"5,49€/Unidade","5,49€",https://cdn.intermarche.pt/pt/Content/images/boitmal/produit/zoom/84516A7D944B567D9C082DC899C1605F.jpg,,/product/pastilhas-limpa-maquinas/8410104889111
38313,Abrilhantador máquinas de loiça,8410104489090,11404,11403,800 ml,Finish,,"9,99€/L","7,99€",https://cdn.intermarche.pt/pt/Content/images/boitmal/produit/zoom/8B79CB925236D2DED71F7EF88F673037.jpg,,/product/abrilhantador-maquinas-de-loica/8410104489090
24748,Detergente líquido p/ máquina lavar loiça gel tudo em 1 limão,8410104124649,11404,11403,Garrafa de 1 l,Finish,,"9,49€/L","9,49€",https://cdn.intermarche.pt/pt/Content/images/boitmal/produit/zoom/F0EB1F6F4462DD8BDEA5E59E53F7C1E1.jpg,,/product/detergente-liquido-p-ou-maquina-lavar-loica-gel-tudo-em-1-limao/8410104124649
40882,Abrilhantador 0% máquina loiça,8410104894887,11404,11403,Embalagem de 400 ml,Finish,,"19,98€/L","7,99€",https://cdn.intermarche.pt/pt/Content/images/boitmal/produit/zoom/052F61E89B6E2DBD5D801D4413F73A3C.jpg,,/product/abrilhantador-0%25-maquina-loica/8410104894887
51389,Detergente Máquina Loiça Ultimate Plus Regular,8410104913908,11404,11403,28 pastilhas,Finish,,"9,29€/Unidade","9,29€",https://cdn.intermarche.pt/pt/Content/images/boitmal/produit/zoom/199F87BE26D176A214C98530B06CFC53.jpg,,/product/detergente-maquina-loica-ultimate-plus-regular/8410104913908
51390,Detergente Máquina Loiça Ultimate Plus Regular,8410104913885,11404,11403,39 pastilhas,Finish,,"10,99€/Unidade","10,99€",https://cdn.intermarche.pt/pt/Content/images/boitmal/produit/zoom/C9FC06C979C9CC0E9AF87AF0FD0E2D62.jpg,,/product/detergente-maquina-loica-ultimate-plus-regular/8410104913885
51941,"Detergente Loiça Máquina Optimum Limão, 52 Cápsulas",8720182599377,11404,11403,,Sun,,"9,99€/Unidade","9,99€",https://cdn.intermarche.pt/pt/Content/images/boitmal/produit/zoom/46EDD22C9188BD17E0F4DDC446EAA514.jpg,,/product/detergente-loica-maquina-optimum-limao-52-capsulas/8720182599377
52341,Detergente Máquina Loiça Pastilhas Ultra,8006540767849,11404,11403,21 Pastilhas,Fairy,,"5,98€/Unidade","5,98€",https://cdn.intermarche.pt/pt/Content/images/boitmal/produit/zoom/46BCA721C33310C4A1E37F7412916CD3.jpg,,/product/detergente-maquina-loica-pastilhas-ultra/8006540767849
54362,"Detergente Loiça Máquina Ultimate Limão, 32 Pastilhas",8410104914127,11404,11403,,Finish,,"8,99€/Unidade","8,99€",https://cdn.intermarche.pt/pt/Content/images/boitmal/produit/zoom/6B5BA0C829FDB677171C69D6803B3E34.jpg,,/product/detergente-loica-maquina-ultimate-limao-32-pastilhas/8410104914127
24747,Detergente líquido p/ máquina lavar loiça gel tudo em 1 regular,8410104124632,11404,11403,Garrafa de 1 l,Finish,,"9,99€/L","9,99€",https://cdn.intermarche.pt/pt/Content/images/boitmal/produit/zoom/5B8CF1AC322BE00746ABB129341D4241.jpg,,/product/detergente-liquido-p-ou-maquina-lavar-loica-gel-tudo-em-1-regular/8410104124632
40123,Detergente em pó maquina loiça limão,8710847872310,11404,11403,Embalagem de 2.5 kg,Sun,,"4,00€/Kg","9,99€",https://cdn.intermarche.pt/pt/Content/images/boitmal/produit/zoom/08BA0254CC920F29E857A923947AC7F7.jpg,,/product/detergente-em-po-maquina-loica-limao/8710847872310
32158,"Detergente Liquido da Loiça Limão, 480 ml",4015400917328,11405,11403,,Fairy,,"5,29€/L","2,54€",https://cdn.intermarche.pt/pt/Content/images/boitmal/produit/zoom/06821894A698BA7624B6C2AA9B108A8D.jpg,2024-09-25T22:59:59.999Z,/product/detergente-liquido-da-loica-limao-480-ml/4015400917328
26455,Detergente Líquido p/ Lavar Loiça Platinum Original,8006540830840,11405,11403,"Embalagem de 1,25 l",Fairy,,"3,99€/L","4,99€",https://cdn.intermarche.pt/pt/Content/images/boitmal/produit/zoom/C63787F1B77168388325CE46E60A774E.jpg,2024-09-25T22:59:59.999Z,/product/detergente-liquido-p-ou-lavar-loica-platinum-original/8006540830840
30414,Detergente Liquido Loiça Original,4015400917304,11405,11403,480 ml,Fairy,,"5,29€/L","2,54€",https://cdn.intermarche.pt/pt/Content/images/boitmal/produit/zoom/9E32CE6EDBAF8F26722865569A3DD5EE.jpg,2024-09-25T22:59:59.999Z,/product/detergente-liquido-loica-original/4015400917304
5844,"Detergente manual de loiça, ultra limão",5604260129010,11405,11403,Embalagem de 500 ml,PorSi,,"2,58€/L","1,29€",https://cdn.intermarche.pt/pt/Content/images/boitmal/produit/zoom/F5812DB73A356DF41E76F00AC1B3D632.jpg,2024-10-04T22:59:59.999Z,/product/detergente-manual-de-loica-ultra-limao/5604260129010
17207,Detergente manual de loiça limão,8006540943687,11405,11403,Embalagem de 2 x 900 ml,Fairy,,"3,83€/L","6,89€",https://cdn.intermarche.pt/pt/Content/images/boitmal/produit/zoom/B2EE328B1B3FB1BA0162E77ED87C40E9.jpg,2024-09-25T22:59:59.999Z,/product/detergente-manual-de-loica-limao/8006540943687
5845,"Detergente manual de loiça, maçã",5604260129027,11405,11403,Embalagem de 500 ml,PorSi,,"3,18€/L","1,59€",https://cdn.intermarche.pt/pt/Content/images/boitmal/produit/zoom/FA3C8FC31B47D9DC966718AF0B1180EB.jpg,2024-10-04T22:59:59.999Z,/product/detergente-manual-de-loica-maca/5604260129027
40749,Detergente liquido loiça clássico,5604260304158,11405,11403,Garrafa de 1 litro,PorSi,,"0,89€/L","0,89€",https://cdn.intermarche.pt/pt/Content/images/boitmal/produit/zoom/AF2F1189F25F58E20EE8C7BA2141119A.jpg,,/product/detergente-liquido-loica-classico/5604260304158
17269,"Detergente Líquido Lavar Loiça Original, 820 ml",4084500617421,11405,11403,,Fairy,,"5,96€/L","4,89€",https://cdn.intermarche.pt/pt/Content/images/boitmal/produit/zoom/F41228BB17B819013001DC2E65356D37.jpg,,/product/detergente-liquido-lavar-loica-original-820-ml/4084500617421
29243,Detergente Liquido P/ Lavar Loiça Aloé Vera,8001090479617,11405,11403,Embalagem de 1015 ml,Fairy,,"4,92€/L","4,99€",https://cdn.intermarche.pt/pt/Content/images/boitmal/produit/zoom/8CEBE605326AA7B1E200AEE9853F6C8E.jpg,,/product/detergente-liquido-p-ou-lavar-loica-aloe-vera/8001090479617
34810,Detergente liquido da loiça limão,5604260290611,11405,11403,Embalagem de 5 l,PorSi,,"0,76€/L","3,79€",https://cdn.intermarche.pt/pt/Content/images/boitmal/produit/zoom/A55F179560415011065C22BDC90DF8E6.jpg,,/product/detergente-liquido-da-loica-limao/5604260290611
38049,Detergente liquido para loiça limão,8001841361079,11405,11403,Embalagem de 340 ml,Fairy,,"5,85€/L","1,99€",https://cdn.intermarche.pt/pt/Content/images/boitmal/produit/zoom/BED1AA3039C8B605B08FD8155BD78E2E.jpg,,/product/detergente-liquido-para-loica-limao/8001841361079
40750,Detergente liquido loiça limão,5604260304165,11405,11403,Garrafa de 1 litro,PorSi,,"0,89€/L","0,89€",https://cdn.intermarche.pt/pt/Content/images/boitmal/produit/zoom/133A79C299237D7021118245D0D00D2E.jpg,,/product/detergente-liquido-loica-limao/5604260304165
40847,Detergente líquido Ultra Concentrado Loiça Platinium Limão,5604260304042,11405,11403,Embalagem de 500 ml,PorSi,,"3,38€/L","1,69€",https://cdn.intermarche.pt/pt/Content/images/boitmal/produit/zoom/EA2D9AE2C32B2D5C6E4615B5C2702432.jpg,,/product/detergente-liquido-ultra-concentrado-loica-platinium-limao/5604260304042
46931,Detergente Liquido P/ Lavar Loiça Ultra Poder Limão,8006540026588,11405,11403,Embalagem de 1015 ml,Fairy,,"6,30€/L","6,39€",https://cdn.intermarche.pt/pt/Content/images/boitmal/produit/zoom/F643615D2522C79BBB74E49417EB20CC.jpg,,/product/detergente-liquido-p-ou-lavar-loica-ultra-poder-limao/8006540026588
51056,Detergente líquido manual loiça ultra power,8006540614259,11405,11403,Embalagem de 650 ml,Fairy,,"6,91€/L","4,49€",https://cdn.intermarche.pt/pt/Content/images/boitmal/produit/zoom/CACB9D5403EEB234E1D0E6E86BEBB0A7.jpg,,/product/detergente-liquido-manual-loica-ultra-power/8006540614259
51608,Detergente Líquido p/ Lavar Loiça Limão,8006540830918,11405,11403,Embalagem de 820 ml,Fairy,,"5,96€/L","4,89€",https://cdn.intermarche.pt/pt/Content/images/boitmal/produit/zoom/EDD75E1F920483183B5B596FDD6DA991.jpg,,/product/detergente-liquido-p-ou-lavar-loica-limao/8006540830918
9737,"Detergente manual de loiça, espuma activa",5604260274192,11405,11403,Garrafa de 500 ml,PorSi,,"5,98€/L","2,99€",https://cdn.intermarche.pt/pt/Content/images/boitmal/produit/zoom/620FC463BBD273EF90D8F449231D5547.jpg,,/product/detergente-manual-de-loica-espuma-activa/5604260274192
32560,Detergente Manual Loiça Maxi Poder Limão,8006540808610,11405,11403,440 ml,Fairy,,"8,61€/L","3,79€",https://cdn.intermarche.pt/pt/Content/images/boitmal/produit/zoom/76939BBBBC7A9CB088990F95841C1714.jpg,,/product/detergente-manual-loica-maxi-poder-limao/8006540808610
19094,"Detergente líquido, manual loiça, original, 1,5 l",4084500330955,11405,11403,,Fairy,,"4,99€/L","7,49€",https://cdn.intermarche.pt/pt/Content/images/boitmal/produit/zoom/239DD1C8A0266CF207624C4D2BE653E1.jpg,,/product/detergente-liquido-manual-loica-original-15-l/4084500330955
9647,"Detergente manual de loiça, ultra aloe vera",5604260267149,11405,11403,Embalagem de 500 ml,PorSi,,"3,18€/L","1,59€",https://cdn.intermarche.pt/pt/Content/images/boitmal/produit/zoom/E479EE37263470D183D6D610A0A6E1CC.jpg,,/product/detergente-manual-de-loica-ultra-aloe-vera/5604260267149
47656,Detergente loiça tripla ação limão,5600258596994,11405,11403,700 ml,Super Pop,,"3,56€/L","2,49€",https://cdn.intermarche.pt/pt/Content/images/boitmal/produit/zoom/9B6C1826DA2FD7A5C114D3E60B5F7249.jpg,,/product/detergente-loica-tripla-acao-limao/5600258596994
43661,"Detergente líquido Ultra Concentrado Loiça Platinium Aloé Vera, 500 ml",5604260309269,11405,11403,,PorSi,,"3,38€/L","1,69€",https://cdn.intermarche.pt/pt/Content/images/boitmal/produit/zoom/FAF505B06E63DCF6F100C0918FA42976.jpg,,/product/detergente-liquido-ultra-concentrado-loica-platinium-aloe-vera-500-ml/5604260309269
9525,"Detergente líquido, manual loiça, ultra limão",5604260129034,11405,11403,Embalagem de 1 l,PorSi,,"2,39€/L","2,39€",https://cdn.intermarche.pt/pt/Content/images/boitmal/produit/zoom/839D34ABA84239D332C7D932A3D0AD47.jpg,,/product/detergente-liquido-manual-loica-ultra-limao/5604260129034
46364,Detergente Líquido p/ Lavar Loiça Jasmim Rosa,8006540213933,11405,11403,"1 Embalagem 1,5L",Fairy,,"4,26€/L","6,39€",https://cdn.intermarche.pt/pt/Content/images/boitmal/produit/zoom/0847767D3C9A53BBA32C87BDBA59889A.jpg,,/product/detergente-liquido-p-ou-lavar-loica-jasmim-rosa/8006540213933
51183,Detergente Manual Loiça Maxi Poder Original,8006540421499,11405,11403,440 ml,Fairy,,"8,61€/L","3,79€",https://cdn.intermarche.pt/pt/Content/images/boitmal/produit/zoom/E73DD151774203585D69C5C47F32F6FA.jpg,,/product/detergente-manual-loica-maxi-poder-original/8006540421499
53727,Detergente Manual Loiça Jasmim Rosa,8006540213872,11405,11403,Embalagem de 340ml,Fairy,,"5,85€/L","1,99€",https://cdn.intermarche.pt/pt/Content/images/boitmal/produit/zoom/5CCCE87F658551BD9363E76DA9F89670.jpg,,/product/detergente-manual-loica-jasmim-rosa/8006540213872
9526,Detergente manual de loiça,5604260129041,11405,11403,Embalagem de 1 l,PorSi,,"2,39€/L","2,39€",https://cdn.intermarche.pt/pt/Content/images/boitmal/produit/zoom/61A1F0D413389D70230B801FF9A5419D.jpg,,/product/detergente-manual-de-loica/5604260129041
40846,"Detergente líquido Ultra Concentrado Loiça Platinium Rosa, 500 ml",5604260304059,11405,11403,,PorSi,,"3,38€/L","1,69€",https://cdn.intermarche.pt/pt/Content/images/boitmal/produit/zoom/D5D20E12A3F2D998E824800A481AAECE.jpg,,/product/detergente-liquido-ultra-concentrado-loica-platinium-rosa-500-ml/5604260304059
45527,Detergente Líquido Loiça Ecológico,5604260312719,11405,11403,Garrafa de 1 l,PorSi,,"2,99€/L","2,99€",https://cdn.intermarche.pt/pt/Content/images/boitmal/produit/zoom/85D4C39774AEC4A27F7868E82CB1538D.jpg,,/product/detergente-liquido-loica-ecologico/5604260312719
46875,"Detergente líquido Ultra Concentrado Loiça Platinium Clássico, 500 ml",5604260309276,11405,11403,,PorSi,,"3,38€/L","1,69€",https://cdn.intermarche.pt/pt/Content/images/boitmal/produit/zoom/442AB2578E1782BC7747B15BCAD17035.jpg,,/product/detergente-liquido-ultra-concentrado-loica-platinium-classico-500-ml/5604260309276
46907,Detergente líquido manual loiça anti bactérias,8006540236222,11405,11403,Embalagem de 650 ml,Fairy,,"6,91€/L","4,49€",https://cdn.intermarche.pt/pt/Content/images/boitmal/produit/zoom/3E19A00CE6DB24E6BAC3DE395FADED18.jpg,,/product/detergente-liquido-manual-loica-anti-bacterias/8006540236222
47657,Detergente loiça tripla ação maçã,5600356070006,11405,11403,700 ml,Super Pop,,"3,56€/L","2,49€",https://cdn.intermarche.pt/pt/Content/images/boitmal/produit/zoom/9DEA58F6F454AF0966E46763EC25F0B7.jpg,,/product/detergente-loica-tripla-acao-maca/5600356070006
48815,Detergente Manual para Loiça Original Ultra,8006540614280,11405,11403,Embalagem de 1015 ml,Fairy,,"6,30€/L","6,39€",https://cdn.intermarche.pt/pt/Content/images/boitmal/produit/zoom/59EECC35160526844A63D0203F8D248A.jpg,,/product/detergente-manual-para-loica-original-ultra/8006540614280
47950,Detergente para loiça limão,5600356070723,11405,11403,1.2 litros + 150 ml,Super Pop,,"2,96€/L","3,99€",https://cdn.intermarche.pt/pt/Content/images/boitmal/produit/zoom/4E73E397B95256B00691488110F58527.jpg,,/product/detergente-para-loica-limao/5600356070723
51057,Detergente líquido manual loiça ultra power limão,8006540833230,11405,11403,Embalagem de 650 ml,Fairy,,"6,91€/L","4,49€",https://cdn.intermarche.pt/pt/Content/images/boitmal/produit/zoom/97D4EB42FEC9582C9D7ED90D0CDA2427.jpg,,/product/detergente-liquido-manual-loica-ultra-power-limao/8006540833230
9646,"Detergente manual loiça, ultra orquídea",5604260267132,11405,11403,Embalagem de 500 ml,PorSi,,"2,98€/L","1,49€",https://cdn.intermarche.pt/pt/Content/images/boitmal/produit/zoom/09179E432B30B4EF4A6745AF927B8AD6.jpg,,/product/detergente-manual-loica-ultra-orquidea/5604260267132
29244,Detergente Liquido P/ Lavar Loiça Rosa/Cetim,8001090479679,11405,11403,Embalagem de 1015 ml,Fairy,,"4,92€/L","4,99€",https://cdn.intermarche.pt/pt/Content/images/boitmal/produit/zoom/3C138C5EE0699D491B32714C86C10657.jpg,,/product/detergente-liquido-p-ou-lavar-loica-rosa-ou-cetim/8001090479679
52838,"Detergente Loiça Manual Frutos Vermelhos +Poder, 1l",8720182598899,11405,11403,,Cif,,"2,29€/L","2,29€",https://cdn.intermarche.pt/pt/Content/images/boitmal/produit/zoom/784A59ED0AC78C19C7FF36B0B0E91397.jpg,,/product/detergente-loica-manual-frutos-vermelhos-+poder-1l/8720182598899
51114,Spray ultra desengordurante,8001480718050,11407,11403,750 ml,Neoblanc,,"3,32€/L","2,49€",https://cdn.intermarche.pt/pt/Content/images/boitmal/produit/zoom/78BFECECA7CA9285E2480F117840B1B0.jpg,2024-09-25T22:59:59.999Z,/product/spray-ultra-desengordurante/8001480718050
43820,Spray tira gorduras,5604260312559,11407,11403,Embalagem de 750 ml,PorSi,,"1,99€/L","1,49€",https://cdn.intermarche.pt/pt/Content/images/boitmal/produit/zoom/DE670E44622387D6E40522F63777E98C.jpg,,/product/spray-tira-gorduras/5604260312559
24458,Tira gorduras dia a dia,5600258596451,11407,11403,Garrafa de 750 ml,Mistolin,,"5,32€/L","3,99€",https://cdn.intermarche.pt/pt/Content/images/boitmal/produit/zoom/EAE9E4D94F061579738E6F2196A3CAF9.jpg,,/product/tira-gorduras-dia-a-dia/5600258596451
46478,Spray limpeza fornos e grelhas,5604260314782,11407,11403,500 ml,PorSi,,"3,98€/L","1,99€",https://cdn.intermarche.pt/pt/Content/images/boitmal/produit/zoom/71E49E9F8E4B75C47D338D8F17F0C08F.jpg,,/product/spray-limpeza-fornos-e-grelhas/5604260314782
41598,Limpa fornos,5604260302673,11407,11403,500 ml,PorSi,,"3,98€/L","1,99€",https://cdn.intermarche.pt/pt/Content/images/boitmal/produit/zoom/4D68D5BF9C9BF28EEB9954A191A2DB40.jpg,,/product/limpa-fornos/5604260302673
25913,Desengordurante de Vitrocerâmica/Indução 3 em 1 |Creme,8410104802202,11407,11403,Embalagem de 450 ml,Vitroclen,,"24,42€/L","10,99€",https://cdn.intermarche.pt/pt/Content/images/boitmal/produit/zoom/747980E3A7EBF1A54CB3E7A463652CCB.jpg,,/product/desengordurante-de-vitroceramica-ou-inducao-3-em-1-|creme/8410104802202
30412,Spray Limpa Placa Indução,8410104888428,11407,11403,450 ml,Induclean,,"24,42€/L","10,99€",https://cdn.intermarche.pt/pt/Content/images/boitmal/produit/zoom/F24A37DD31BDCF76C2D7E6A95D7DACD6.jpg,,/product/spray-limpa-placa-inducao/8410104888428
49139,Limpa barbecue,5601214393305,11407,11403,500 ml,Pluricor,,"5,58€/L","2,79€",https://cdn.intermarche.pt/pt/Content/images/boitmal/produit/zoom/637D15A70CAF87253019848647C00053.jpg,,/product/limpa-barbecue/5601214393305
49822,Limpeza Cozinha Vitro e Placas Spray,5600356070204,11407,11403,500 ml,Mistolin,,"5,98€/L","2,99€",https://cdn.intermarche.pt/pt/Content/images/boitmal/produit/zoom/12F5460F559A95CDE143906552939C81.jpg,,/product/limpeza-cozinha-vitro-e-placas-spray/5600356070204
4999,Limpa fornos normal,5601021186039,11407,11403,Embalagem de 300 ml,Mr. Muscle,,"13,30€/L","3,99€",https://cdn.intermarche.pt/pt/Content/images/boitmal/produit/zoom/3201F721D89B2B351EF3CF7D45475796.jpg,,/product/limpa-fornos-normal/5601021186039
24410,Spray power&shine multiusos c/ lixívia,8710908859502,11408,11403,Garrafa de 750 ml,Cif,,"3,59€/L","2,69€",https://cdn.intermarche.pt/pt/Content/images/boitmal/produit/zoom/BC1FC8E39B43E72D32F4657C6D001534.jpg,2024-10-04T22:59:59.999Z,/product/spray-power&shine-multiusos-c-ou-lixivia/8710908859502
11935,Tira gorduras pistola,5603124023273,11408,11403,Garrafa de 550 ml,Mistolin,,"4,53€/L","2,49€",https://cdn.intermarche.pt/pt/Content/images/boitmal/produit/zoom/28669AD1C6D39A84EAC8A5B22B9F840C.jpg,2024-09-25T22:59:59.999Z,/product/tira-gorduras-pistola/5603124023273
9255,Tira gorduras recarga,5603124024140,11408,11403,Garrafa de 550 ml,Mistolin,,"4,89€/L","2,69€",https://cdn.intermarche.pt/pt/Content/images/boitmal/produit/zoom/31FDA54CC7088DA8DC03FDBEA4FCDE3B.jpg,,/product/tira-gorduras-recarga/5603124024140
45523,Spray tira gorduras eco,5604260312696,11408,11403,Garrafa de 750 ml,PorSi,,"1,99€/L","1,49€",https://cdn.intermarche.pt/pt/Content/images/boitmal/produit/zoom/90C1C0E0B9C9AC946CC0B67FCBEA8B5B.jpg,,/product/spray-tira-gorduras-eco/5604260312696
22953,Desinfetante Multiusos,8411660670236,11408,11403,Embalagem de 750 ml,Sanytol,,"6,65€/L","4,99€",https://cdn.intermarche.pt/pt/Content/images/boitmal/produit/zoom/4F59BDA8C1BC8BFF3ED00CA4247713EC.jpg,,/product/desinfetante-multiusos/8411660670236
22952,Desinfetante p/ Cozinha,8411660670212,11408,11403,Embalagem de 750 ml,Sanytol,,"6,65€/L","4,99€",https://cdn.intermarche.pt/pt/Content/images/boitmal/produit/zoom/CE7BBD8143A9B157574CD47FA1699DDC.jpg,,/product/desinfetante-p-ou-cozinha/8411660670212
45914,Toalhitas de limpeza cozinha,8717163837900,11408,11403,36 unidades,Cif,,"4,49€/Unidade","4,49€",https://cdn.intermarche.pt/pt/Content/images/boitmal/produit/zoom/67A5EB0002C813984D33691A759C090A.jpg,,/product/toalhitas-de-limpeza-cozinha/8717163837900
43435,Spray desinfetante cozinha,5601217134424,11408,11403,Embalagem de 500 ml,Lysol,,"4,98€/L","2,49€",https://cdn.intermarche.pt/pt/Content/images/boitmal/produit/zoom/A74C0B897D76BA05220D577E52349D16.jpg,,/product/spray-desinfetante-cozinha/5601217134424
16607,Creme abrasivo original,8712561521529,10602,10088,Garrafa de 700 ml,Cif,,"3,84€/L","2,69€",https://cdn.intermarche.pt/pt/Content/images/boitmal/produit/zoom/30CCCA0B503F489882A8FCB31275E9C6.jpg,2024-09-25T22:59:59.999Z,/product/creme-abrasivo-original/8712561521529
16608,Creme abrasivo limão,8712561521437,10602,10088,Garrafa de 700 ml,Cif,,"3,84€/L","2,69€",https://cdn.intermarche.pt/pt/Content/images/boitmal/produit/zoom/AAC0B7E363655E0C01FE7436C88E60D8.jpg,2024-09-25T22:59:59.999Z,/product/creme-abrasivo-limao/8712561521437
16609,Creme abrasivo pink flowers,8712561846530,10602,10088,Garrafa de 700 ml,Cif,,"3,84€/L","2,69€",https://cdn.intermarche.pt/pt/Content/images/boitmal/produit/zoom/A66D04919D9B1C876B416F694E7A635A.jpg,2024-09-25T22:59:59.999Z,/product/creme-abrasivo-pink-flowers/8712561846530
16610,Creme abrasivo ativo c/ lixívia,8712561521703,10602,10088,Garrafa de 700 ml,Cif,,"3,84€/L","2,69€",https://cdn.intermarche.pt/pt/Content/images/boitmal/produit/zoom/2206B9857AF8896496613F9E593DEB99.jpg,2024-09-25T22:59:59.999Z,/product/creme-abrasivo-ativo-c-ou-lixivia/8712561521703
41593,Abrasivo sanitário gel pinho,5604260304004,10602,10088,embalagem de 1 litro,PorSi,,"1,09€/L","1,09€",https://cdn.intermarche.pt/pt/Content/images/boitmal/produit/zoom/1EC30761C64BB9E3AD9D6FBD9F4E3D98.jpg,,/product/abrasivo-sanitario-gel-pinho/5604260304004
5952,Creme abrasivo de limão,5604260266975,10602,10088,Embalagem de 750 ml,PorSi,,"1,59€/L","1,19€",https://cdn.intermarche.pt/pt/Content/images/boitmal/produit/zoom/EC4A7F08F354DCCEB03F62218DFFBE37.jpg,,/product/creme-abrasivo-de-limao/5604260266975
41594,Abrasivo sanitário gel marinho,5604260303991,10602,10088,embalagem de 1 litro,PorSi,,"1,09€/L","1,09€",https://cdn.intermarche.pt/pt/Content/images/boitmal/produit/zoom/9753CF0191153C7E8CD32804C93EE748.jpg,,/product/abrasivo-sanitario-gel-marinho/5604260303991
41597,Abrasivo sanitário anti-calcário,5604260303977,10602,10088,embalagem de 1 litro,PorSi,,"1,09€/L","1,09€",https://cdn.intermarche.pt/pt/Content/images/boitmal/produit/zoom/5BB0B7BADAF74B54E00AC03BC349E381.jpg,,/product/abrasivo-sanitario-anti-calcario/5604260303977
45524,Abrasivo wc gel ecologico,5604260312726,10602,10088,Garrafa de 1 l,PorSi,,"1,49€/L","1,49€",https://cdn.intermarche.pt/pt/Content/images/boitmal/produit/zoom/A898601EC3C5DCBB8BFD019682663DAF.jpg,,/product/abrasivo-wc-gel-ecologico/5604260312726
54544,"Abrasivo Sanitário Líquido Adventure, 750ml",5000204344240,10602,10088,,Pato,,"4,52€/L","3,39€",https://cdn.intermarche.pt/pt/Content/images/boitmal/produit/zoom/98C6B8D8FF1E33EF77D37820FF2B274E.jpg,,/product/abrasivo-sanitario-liquido-adventure-750ml/5000204344240
42511,Bloco wc multitat pinhao,5604260308217,10603,10088,Pack de 2 x 50 g,PorSi,,"16,90€/Kg","1,69€",https://cdn.intermarche.pt/pt/Content/images/boitmal/produit/zoom/0104594C5E5DD55CD86AB140357987C7.jpg,,/product/bloco-wc-multitat-pinhao/5604260308217
42510,Bloco wc multitat oceano,5604260308224,10603,10088,Pack de 2 x 50 g,PorSi,,"16,50€/Kg","1,65€",https://cdn.intermarche.pt/pt/Content/images/boitmal/produit/zoom/85E1267A7A71EE07681E692B21B78DD6.jpg,,/product/bloco-wc-multitat-oceano/5604260308224
45528,Bloco wc eco oceano 2x50g,5604260314263,10603,10088,Embalagem de 100g,PorSi,,"18,90€/Kg","1,89€",https://cdn.intermarche.pt/pt/Content/images/boitmal/produit/zoom/BBE2E4F2B913C9E31FD7F51C723F4477.jpg,,/product/bloco-wc-eco-oceano-2x50g/5604260314263
23524,"Líquido sanitário extra power, marinho, 750 ml",5000204922851,10603,10088,,Pato,,"4,52€/L","3,39€",https://cdn.intermarche.pt/pt/Content/images/boitmal/produit/zoom/FF6B5BA6C8EB35DB501C05C209AD45D0.jpg,,/product/liquido-sanitario-extra-power-marinho-750-ml/5000204922851
42709,Bloco wc marinho,5604260308194,10603,10088,embalagem 3 x 40 g,PorSi,,"10,75€/Kg","1,29€",https://cdn.intermarche.pt/pt/Content/images/boitmal/produit/zoom/A8CEEC26B3B61F4A1894901B4460BA1B.jpg,,/product/bloco-wc-marinho/5604260308194
45792,Bloco Sanitário de Lavanda Purple Activ+,8410436364126,10603,10088,Embalagem de 2x50 g,Sonasol,,"49,90€/Kg","4,99€",https://cdn.intermarche.pt/pt/Content/images/boitmal/produit/zoom/02533975AE8B79ACCD0CDA04FB0726AA.jpg,,/product/bloco-sanitario-de-lavanda-purple-activ+/8410436364126
52820,"Bloco Sanitário Power 5 Pink Magnolia, 3 unidades",8714100004876,10603,10088,,Domestos,,"6,79€/Unidade","6,79€",https://cdn.intermarche.pt/pt/Content/images/boitmal/produit/zoom/419540DDA3A23A3846EB1EB3B0C19FFE.jpg,,/product/bloco-sanitario-power-5-pink-magnolia-3-unidades/8714100004876
46521,Bloco wc bluewater lixívia/pinho,5604260318797,10603,10088,2 x 33 g,PorSi,,"1,99€/Unidade","1,99€",https://cdn.intermarche.pt/pt/Content/images/boitmal/produit/zoom/D14EF7FCAEEFA0AD632E9193B0B3DC38.jpg,,/product/bloco-wc-bluewater-lixivia-ou-pinho/5604260318797
46518,"Líquido sanitário ação total menta, 750 ml",5000204208856,10603,10088,,Pato,,"3,99€/L","2,99€",https://cdn.intermarche.pt/pt/Content/images/boitmal/produit/zoom/0233D129A9EC0388789C44988374A6C5.jpg,,/product/liquido-sanitario-acao-total-menta-750-ml/5000204208856
51516,"Líquido Sanitário Biodegradável, 750 ml",5000204242676,10603,10088,,Pato,,"3,99€/L","2,99€",https://cdn.intermarche.pt/pt/Content/images/boitmal/produit/zoom/A52D20BC4663DAC31D8BC9280D80BD62.jpg,,/product/liquido-sanitario-biodegradavel-750-ml/5000204242676
46522,Bloco wc bluewater floral,5604260318780,10603,10088,2 x 33 g,PorSi,,"1,99€/Unidade","1,99€",https://cdn.intermarche.pt/pt/Content/images/boitmal/produit/zoom/376C28C82373798FF85C6D82B7DD8CB2.jpg,,/product/bloco-wc-bluewater-floral/5604260318780
4716,Discos Sanitários Activos Recarga Lima,5000204593242,10603,10088,Embalagem de 2x36 ml,Pato,,"96,53€/L","6,95€",https://cdn.intermarche.pt/pt/Content/images/boitmal/produit/zoom/63F83864AA3214D8A29D6F7792A8DB6E.jpg,,/product/discos-sanitarios-activos-recarga-lima/5000204593242
35631,Bloco sanitário desinfectante duplo floral,8410436329545,10603,10088,Embalagem de 2 x 50 g,Sonasol,,"49,90€/Kg","4,99€",https://cdn.intermarche.pt/pt/Content/images/boitmal/produit/zoom/4B512DA095664E6F814B383EE3473F2D.jpg,,/product/bloco-sanitario-desinfectante-duplo-floral/8410436329545
35418,Bloco sanitário desinfetante eucalipto,8410436321167,10603,10088,Embalagem de 2 x 50 g,Sonasol,,"49,90€/Kg","4,99€",https://cdn.intermarche.pt/pt/Content/images/boitmal/produit/zoom/A918F313F68359F1E7193674B093B10C.jpg,,/product/bloco-sanitario-desinfetante-eucalipto/8410436321167
10232,Bloco Sanitário Poder Activo Aqua,8410436188609,10603,10088,Embalagem de 50 g,Sonasol,,"53,80€/Kg","2,69€",https://cdn.intermarche.pt/pt/Content/images/boitmal/produit/zoom/50CBADEAE822D7F4A14374FD8B23CC0B.jpg,,/product/bloco-sanitario-poder-activo-aqua/8410436188609
32399,"Gel Activo Lavanda WC Discos, 2 x 36 ml",5000204018059,10603,10088,,Pato,,"194,17€/L","6,99€",https://cdn.intermarche.pt/pt/Content/images/boitmal/produit/zoom/9FDD2B1AEAB1C40FDA4488498539CEC8.jpg,,/product/gel-activo-lavanda-wc-discos-2-x-36-ml/5000204018059
4715,Discos Sanitários Activos Recarga Marinho,5000204593198,10603,10088,Embalagem de 2x36 ml,Pato,,"96,53€/L","6,95€",https://cdn.intermarche.pt/pt/Content/images/boitmal/produit/zoom/F7441989F6C7A270983579F368947C08.jpg,,/product/discos-sanitarios-activos-recarga-marinho/5000204593198
10272,"Bloco sanitário blue activ, eucalio",8410436240109,10603,10088,Embalagem de 50 g,Sonasol,,"53,80€/Kg","2,69€",https://cdn.intermarche.pt/pt/Content/images/boitmal/produit/zoom/B4ABE7C148FE459944FFBC01C5B3A15A.jpg,,/product/bloco-sanitario-blue-activ-eucalio/8410436240109
10273,Bloco sanitário blue activ higiene,8410436240130,10603,10088,Embalagem de 50 g,Sonasol,,"53,80€/Kg","2,69€",https://cdn.intermarche.pt/pt/Content/images/boitmal/produit/zoom/0C9AB1A962000678F650D31375F4E7C4.jpg,,/product/bloco-sanitario-blue-activ-higiene/8410436240130
42710,Bloco wc pinho,5604260308200,10603,10088,embalagem 3 x 40 g,PorSi,,"10,75€/Kg","1,29€",https://cdn.intermarche.pt/pt/Content/images/boitmal/produit/zoom/0FA8B298A4514D8827F6B92F1DA816B5.jpg,,/product/bloco-wc-pinho/5604260308200
46517,"Líquido sanitário ação total pinho, 750 ml",5000204208917,10603,10088,,Pato,,"3,99€/L","2,99€",https://cdn.intermarche.pt/pt/Content/images/boitmal/produit/zoom/C1525539577E5CAF5C0667315D239809.jpg,,/product/liquido-sanitario-acao-total-pinho-750-ml/5000204208917
4734,"Bloco sanitário, automático, água azul",5000204678840,10603,10088,Embalagem de 2x50 g,Pato,,"95,80€/Kg","4,79€",https://cdn.intermarche.pt/pt/Content/images/boitmal/produit/zoom/29B5E9AA7D7F561343C3AC75500FD699.jpg,,/product/bloco-sanitario-automatico-agua-azul/5000204678840
47743,Bloco WC Desinfetante Gel Brilhante Oceano Ártico,8410436394215,10603,10088,1 un.,Sonasol,,"3,39€/Unidade","3,39€",https://cdn.intermarche.pt/pt/Content/images/boitmal/produit/zoom/6C7345E788C11302BC4EA082542F55C8.jpg,,/product/bloco-wc-desinfetante-gel-brilhante-oceano-artico/8410436394215
35451,Bloco sanitário active clean marine,5000204097719,10603,10088,Embalagem de 2 x 38.6 g,Pato,,"85,45€/Kg","6,58€",https://cdn.intermarche.pt/pt/Content/images/boitmal/produit/zoom/51CDBAF0777F9A4171E0957B1DBD6906.jpg,,/product/bloco-sanitario-active-clean-marine/5000204097719
36984,Bloco sanitário active clean pine,5000204097740,10603,10088,Embalagem de 2 x 38.6 g,Pato,,"85,45€/Kg","6,58€",https://cdn.intermarche.pt/pt/Content/images/boitmal/produit/zoom/142704D627D7E0F5C68AA84B915FC3BE.jpg,,/product/bloco-sanitario-active-clean-pine/5000204097740
38308,Bloco WC Poder Activo Eucalipto,8410436341011,10603,10088,Embalagem 3 x 50 g,Sonasol,,"49,93€/Kg","7,49€",https://cdn.intermarche.pt/pt/Content/images/boitmal/produit/zoom/00E2858ABBC78C4D6083377A393C963E.jpg,,/product/bloco-wc-poder-activo-eucalipto/8410436341011
41602,Bloco WC água turquesa Power 6,5601217133151,10603,10088,35 g,Harpic,,"85,43€/Kg","2,99€",https://cdn.intermarche.pt/pt/Content/images/boitmal/produit/zoom/A0453B5959653362B1049A9885557A43.jpg,,/product/bloco-wc-agua-turquesa-power-6/5601217133151
46641,Bloco Sanitário Blue Active Floral,8410436364058,10603,10088,Embalagem de 3 un.,Bref,,"7,49€/Unidade","7,49€",https://cdn.intermarche.pt/pt/Content/images/boitmal/produit/zoom/3B3FF3A0516CE0BCF9D55B1FC9FFEE7D.jpg,,/product/bloco-sanitario-blue-active-floral/8410436364058
46748,Bloco Sanitário Oceano Ártico,8410436395274,10603,10088,Embalagem de 2x42 g,Sonasol,,"27,98€/Kg","2,35€",https://cdn.intermarche.pt/pt/Content/images/boitmal/produit/zoom/585D9E9814C3DC5F424B34787D88E5FE.jpg,,/product/bloco-sanitario-oceano-artico/8410436395274
47642,Bloco Sanitário Power 5 Blue Water Turquoise,8710522690147,10603,10088,Embalagem de 1 unidades,Domestos,,"5,49€/Unidade","5,49€",https://cdn.intermarche.pt/pt/Content/images/boitmal/produit/zoom/BC776FECD639123221D8E0C6275779C7.jpg,,/product/bloco-sanitario-power-5-blue-water-turquoise/8710522690147
49976,Bloco Sanitário Power 5 Pinho,8714100007587,10603,10088,2 x 55 g,Domestos,,"2,99€/Unidade","2,99€",https://cdn.intermarche.pt/pt/Content/images/boitmal/produit/zoom/CD413112916537D951EFEA9A6CB4A6FE.jpg,,/product/bloco-sanitario-power-5-pinho/8714100007587
50421,Bloco Sanitário Power 5 Lime,8710447222614,10603,10088,5 unidades,Domestos,,"5,99€/Unidade","5,99€",https://cdn.intermarche.pt/pt/Content/images/boitmal/produit/zoom/F04BFE56438915BE8D2A0ACD140151EC.jpg,,/product/bloco-sanitario-power-5-lime/8710447222614
51762,Bloco Sanitário Bref Higiene,8410436421928,10603,10088,Embalagem de 2x50 g,Sonasol,,"49,90€/Kg","4,99€",https://cdn.intermarche.pt/pt/Content/images/boitmal/produit/zoom/72CF62EDE3DF5FC82A297ED567A0CC53.jpg,,/product/bloco-sanitario-bref-higiene/8410436421928
51764,Bloco Sanitário Power 5 Ocean,8710447222607,10603,10088,5 unidades,Domestos,,"5,99€/Unidade","5,99€",https://cdn.intermarche.pt/pt/Content/images/boitmal/produit/zoom/2773ADE23F30BE30760E57754F91E60F.jpg,,/product/bloco-sanitario-power-5-ocean/8710447222607
51766,Bloco WC Purple Power 6,5601217133168,10603,10088,35 g,Harpic,,"94,00€/Kg","3,29€",https://cdn.intermarche.pt/pt/Content/images/boitmal/produit/zoom/344615B0CF2E9203942F13F969002B6D.jpg,,/product/bloco-wc-purple-power-6/5601217133168
52821,"Bloco Sanitário Power 5 Lemon Sunshine, 3 unidades",8720182631985,10603,10088,,Domestos,,"6,79€/Unidade","6,79€",https://cdn.intermarche.pt/pt/Content/images/boitmal/produit/zoom/8BF7F3195FB5CE4178DDC6202056F01E.jpg,,/product/bloco-sanitario-power-5-lemon-sunshine-3-unidades/8720182631985
52824,"Bloco Sanitário Power 5 Tropical Breeze, 3 unidades",8720182631978,10603,10088,,Domestos,,"6,79€/Unidade","6,79€",https://cdn.intermarche.pt/pt/Content/images/boitmal/produit/zoom/BDC58EDD485B2945A14153BAB88A9A30.jpg,,/product/bloco-sanitario-power-5-tropical-breeze-3-unidades/8720182631978
54540,"Discos Sanitários Ativos Gel Dispensador + Recargas Água Azul, 1un.",5000204331660,10603,10088,,Pato,,"4,99€/Unidade","4,99€",https://cdn.intermarche.pt/pt/Content/images/boitmal/produit/zoom/5391424522FF47F92DB1D6BC91E0F282.jpg,,/product/discos-sanitarios-ativos-gel-dispensador-+-recargas-agua-azul-1un./5000204331660
54541,"Discos Sanitários Ativos Recargas Água Azul, 2un.",5000204331691,10603,10088,,Pato,,"6,99€/Unidade","6,99€",https://cdn.intermarche.pt/pt/Content/images/boitmal/produit/zoom/868D1F748C9BB69467D9938B1CE9F25A.jpg,,/product/discos-sanitarios-ativos-recargas-agua-azul-2un./5000204331691
54542,"Discos Sanitários Ativos Recargas Adventure, 2un.",5000204344691,10603,10088,,Pato,,"6,99€/Unidade","6,99€",https://cdn.intermarche.pt/pt/Content/images/boitmal/produit/zoom/E7D47079040BE0035CD2666DD27A0072.jpg,,/product/discos-sanitarios-ativos-recargas-adventure-2un./5000204344691
17899,Lixívia WC Gel Higienizante,8001480021464,10604,10088,Embalagem de 700ml,Neoblanc,,"1,99€/L","1,39€",https://cdn.intermarche.pt/pt/Content/images/boitmal/produit/zoom/8B4ACFB619D22D718EFA361071C65937.jpg,2024-09-25T22:59:59.999Z,/product/lixivia-wc-gel-higienizante/8001480021464
37948,Spray limpeza casa de banho,5601217132697,10604,10088,Embalagem de 500 ml,Cillitbang,,"4,98€/L","2,49€",https://cdn.intermarche.pt/pt/Content/images/boitmal/produit/zoom/62E5A8E0A6D5CF81B7A29AA6D1070117.jpg,2024-10-04T22:59:59.999Z,/product/spray-limpeza-casa-de-banho/5601217132697
51113,"Limpa Casa Banho Spray Higiene c/ Lixívia, 500 ml",8720181262784,10604,10088,,Cif,,"3,98€/L","1,99€",https://cdn.intermarche.pt/pt/Content/images/boitmal/produit/zoom/269947C1E7ED82654B4A41635C3A67E7.jpg,2024-10-04T22:59:59.999Z,/product/limpa-casa-banho-spray-higiene-c-ou-lixivia-500-ml/8720181262784
25153,Líquido wc duraguard pinho da montanha,5000146400042,10604,10088,Garrafa de 750 ml,Harpic,,"2,65€/L","1,99€",https://cdn.intermarche.pt/pt/Content/images/boitmal/produit/zoom/4436EFCC1EEADD9FE9996407752961F9.jpg,,/product/liquido-wc-duraguard-pinho-da-montanha/5000146400042
5126,Desinfetante em gel c/ lixívia,5601068014494,10604,10088,Garrafa de 750 ml,Cif,,"3,99€/L","2,99€",https://cdn.intermarche.pt/pt/Content/images/boitmal/produit/zoom/DD01BA25A9A9F730D8ADD335AE8FD21F.jpg,,/product/desinfetante-em-gel-c-ou-lixivia/5601068014494
9644,Gel wc anticalcário sem lixívia,5604260266982,10604,10088,"Garrafa de 1,5 l",PorSi,,"0,93€/L","1,39€",https://cdn.intermarche.pt/pt/Content/images/boitmal/produit/zoom/F54EA362DDA1B5E1B2458FB660819E52.jpg,,/product/gel-wc-anticalcario-sem-lixivia/5604260266982
46484,Spray limpeza casa de banho,5604260314768,10604,10088,750 ml,PorSi,,"2,12€/L","1,59€",https://cdn.intermarche.pt/pt/Content/images/boitmal/produit/zoom/10784C2150AAC13CD1DE10B8535A90B6.jpg,,/product/spray-limpeza-casa-de-banho/5604260314768
25706,Desinfetante p/ WC,8411660670229,10604,10088,Embalagem de 750 ml,Sanytol,,"6,65€/L","4,99€",https://cdn.intermarche.pt/pt/Content/images/boitmal/produit/zoom/4F095CFF62680B19FBA53108E2CB03B7.jpg,,/product/desinfetante-p-ou-wc/8411660670229
6477,Desinfetante em gel p/ wc,8410437531008,10604,10088,Garrafa de 750 ml,Cif,,"3,99€/L","2,99€",https://cdn.intermarche.pt/pt/Content/images/boitmal/produit/zoom/F80AEED5DC0E17CB3B3BE1F09E46AB95.jpg,,/product/desinfetante-em-gel-p-ou-wc/8410437531008
7231,Gel wc tripla ação c/ lixívia,3059941005008,10604,10088,Garrafa de 750 ml,Harpic,,"2,65€/L","1,99€",https://cdn.intermarche.pt/pt/Content/images/boitmal/produit/zoom/4F4DC0D04FEFE2E1C1396B2DF4E1E13C.jpg,,/product/gel-wc-tripla-acao-c-ou-lixivia/3059941005008
43478,"Spray wc anticalcário, 750 ml",5604260312542,10604,10088,,PorSi,,"1,99€/L","1,49€",https://cdn.intermarche.pt/pt/Content/images/boitmal/produit/zoom/6E893290AFBBC3EB85EAE9A32482F537.jpg,,/product/spray-wc-anticalcario-750-ml/5604260312542
41261,Spray limpeza casa de banho optimal 7,8718951282728,10604,10088,Embalagem de 500 ml,Ajax,,"7,98€/L","3,99€",https://cdn.intermarche.pt/pt/Content/images/boitmal/produit/zoom/6D62BA0AEFB59AB3A679796FD3100433.jpg,,/product/spray-limpeza-casa-de-banho-optimal-7/8718951282728
45915,Toalhitas de limpeza casa de banho,8717163837917,10604,10088,36 unidades,Cif,,"4,49€/Unidade","4,49€",https://cdn.intermarche.pt/pt/Content/images/boitmal/produit/zoom/089DB3649D17AE6D963B86EB66F914EB.jpg,,/product/toalhitas-de-limpeza-casa-de-banho/8717163837917
52002,"Power Foam Citrus Blast, garrafa de 450 ml",8720182531056,10604,10088,,Domestos,,"11,09€/L","4,99€",https://cdn.intermarche.pt/pt/Content/images/boitmal/produit/zoom/7402AA3C819FB777DFA4802DE0630B8C.jpg,,/product/power-foam-citrus-blast-garrafa-de-450-ml/8720182531056
43434,Spray desinfetante casa de banho,5601217134400,10604,10088,Embalagem de 500 ml,Lysol,,"7,98€/L","3,99€",https://cdn.intermarche.pt/pt/Content/images/boitmal/produit/zoom/D4CFB1C903E06589F5B5203DAD22B957.jpg,,/product/spray-desinfetante-casa-de-banho/5601217134400
52090,"Power Foam Arctic Fresh, garrafa de 450 ml",8720182531049,10604,10088,,Domestos,,"11,09€/L","4,99€",https://cdn.intermarche.pt/pt/Content/images/boitmal/produit/zoom/D3CA8B7D16A44EA4704FEF9103242149.jpg,,/product/power-foam-arctic-fresh-garrafa-de-450-ml/8720182531049
24411,"Lava tudo rosas e jasmim, 1,3l",8410436297752,10739,10090,,Sonasol,,"1,61€/L","2,09€",https://cdn.intermarche.pt/pt/Content/images/boitmal/produit/zoom/46E3798C4C5509E4EFB8DA2E52D80035.jpg,2024-10-04T22:59:59.999Z,/product/lava-tudo-rosas-e-jasmim-13l/8410436297752
24413,"Lava tudo PH neutro, embalagem de 1,3l",8410436297783,10739,10090,,Sonasol,,"1,61€/L","2,09€",https://cdn.intermarche.pt/pt/Content/images/boitmal/produit/zoom/F7DD11C0EABB6452E24AA720E593B0B5.jpg,2024-10-04T22:59:59.999Z,/product/lava-tudo-ph-neutro-embalagem-de-13l/8410436297783
24415,"Lava tudo lavanda, 1,3l",8410436299961,10739,10090,,Sonasol,,"1,61€/L","2,09€",https://cdn.intermarche.pt/pt/Content/images/boitmal/produit/zoom/4C901B46EE167F7ABAA5D085E91578A1.jpg,2024-10-04T22:59:59.999Z,/product/lava-tudo-lavanda-13l/8410436299961
36654,"Spray limpa vidros brilhante, 500 ml",8410436343497,10739,10090,,Sonasol,,"3,98€/L","1,99€",https://cdn.intermarche.pt/pt/Content/images/boitmal/produit/zoom/6BD482198179BD4338A991D3B750B511.jpg,2024-10-04T22:59:59.999Z,/product/spray-limpa-vidros-brilhante-500-ml/8410436343497
41080,"Detergente líquido lava tudo festa das flores montanha, embalagem de 1.25L",8718951338333,10739,10090,,Ajax,,"1,79€/L","2,24€",https://cdn.intermarche.pt/pt/Content/images/boitmal/produit/zoom/9994C597530D04195747B334AB219D70.jpg,2024-10-04T22:59:59.999Z,/product/detergente-liquido-lava-tudo-festa-das-flores-montanha-embalagem-de-1.25l/8718951338333
5925,"Lava Tudo Perfumado Floral, embalagem de 2 l",5604260256891,10739,10090,,PorSi,,"0,50€/L","0,99€",https://cdn.intermarche.pt/pt/Content/images/boitmal/produit/zoom/65E03894578F8654DEF9BCBDF20EB7D2.jpg,,/product/lava-tudo-perfumado-floral-embalagem-de-2-l/5604260256891
5926,"Lava Tudo Perfumado Lavanda, embalagem de 2 l",5604260256907,10739,10090,,PorSi,,"0,50€/L","0,99€",https://cdn.intermarche.pt/pt/Content/images/boitmal/produit/zoom/178A7D0C5D08F0A129C70A330BD657B3.jpg,,/product/lava-tudo-perfumado-lavanda-embalagem-de-2-l/5604260256907
5928,"Lava Tudo Perfumado Montanha, 2 l",5604260256921,10739,10090,,PorSi,,"0,50€/L","0,99€",https://cdn.intermarche.pt/pt/Content/images/boitmal/produit/zoom/F0ECBCCAC8A5525ED7CCE8AC570498A6.jpg,,/product/lava-tudo-perfumado-montanha-2-l/5604260256921
29738,"Lava Tudo Flores Montanha, 1.3 l",8410436324533,10739,10090,,Sonasol,,"1,61€/L","2,09€",https://cdn.intermarche.pt/pt/Content/images/boitmal/produit/zoom/619CC29EDCFB8BA35BEA4FA4EA1CE5DD.jpg,2024-10-04T22:59:59.999Z,/product/lava-tudo-flores-montanha-1.3-l/8410436324533
40739,"Lava Tudo Perfumado flor de laranjeira, embalagem de 2 l",5604260302666,10739,10090,,PorSi,,"0,50€/L","0,99€",https://cdn.intermarche.pt/pt/Content/images/boitmal/produit/zoom/89DA08091234CE903CB3C3383C7EFE36.jpg,,/product/lava-tudo-perfumado-flor-de-laranjeira-embalagem-de-2-l/5604260302666
24414,"Lava tudo camomila e flor de laranjeira, 1,3l",8410436297691,10739,10090,,Sonasol,,"1,61€/L","2,09€",https://cdn.intermarche.pt/pt/Content/images/boitmal/produit/zoom/3B18B6CCDC35A0C75589B9509520BFD6.jpg,2024-10-04T22:59:59.999Z,/product/lava-tudo-camomila-e-flor-de-laranjeira-13l/8410436297691
51539,"Lava Tudo Amoniacal, 1.25 litros",8410436441971,10739,10090,,Sonasol,,"1,67€/L","2,09€",https://cdn.intermarche.pt/pt/Content/images/boitmal/produit/zoom/966C0647302090E003E4103374439B62.jpg,2024-09-25T22:59:59.999Z,/product/lava-tudo-amoniacal-1.25-litros/8410436441971
24412,"Lava tudo aloe vera e flores brancas, 1,3l",8410436297660,10739,10090,,Sonasol,,"1,61€/L","2,09€",https://cdn.intermarche.pt/pt/Content/images/boitmal/produit/zoom/99177C313800E1C306087975E7A5D1E7.jpg,2024-10-04T22:59:59.999Z,/product/lava-tudo-aloe-vera-e-flores-brancas-13l/8410436297660
36655,Spray casa de banho brilhante,8410436343404,10739,10090,Embalagem de 500 ml,Sonasol,,"3,98€/L","1,99€",https://cdn.intermarche.pt/pt/Content/images/boitmal/produit/zoom/DE1ABE94258D954A0B137F0F858C6881.jpg,2024-10-04T22:59:59.999Z,/product/spray-casa-de-banho-brilhante/8410436343404
40833,"Detergente líquido lava tudo festa das flores, 1.25 litros",8718951333482,10739,10090,,Ajax,,"1,79€/L","2,24€",https://cdn.intermarche.pt/pt/Content/images/boitmal/produit/zoom/4CD3F618711847C08973FB8F753BB8D1.jpg,2024-10-04T22:59:59.999Z,/product/detergente-liquido-lava-tudo-festa-das-flores-1.25-litros/8718951333482
41078,"Detergente líquido lava tudo festa das flores primavera, 1.25 litros",8718951333420,10739,10090,,Ajax,,"1,79€/L","2,24€",https://cdn.intermarche.pt/pt/Content/images/boitmal/produit/zoom/1F65E7E5340A6A14958B2398A00217E9.jpg,2024-10-04T22:59:59.999Z,/product/detergente-liquido-lava-tudo-festa-das-flores-primavera-1.25-litros/8718951333420
41079,"Detergente líquido lava tudo festa das flores lavanda, embalagem de 1.25L",8718951337770,10739,10090,,Ajax,,"1,79€/L","2,24€",https://cdn.intermarche.pt/pt/Content/images/boitmal/produit/zoom/E70AB8ED1CF66F7D12F4232EB9C2C450.jpg,2024-10-04T22:59:59.999Z,/product/detergente-liquido-lava-tudo-festa-das-flores-lavanda-embalagem-de-1.25l/8718951337770
30165,Lava Tudo Brilhante Eucalipto,8410436320573,10739,10090,"embalagem 1,1L",Sonasol,,"2,54€/L","2,79€",https://cdn.intermarche.pt/pt/Content/images/boitmal/produit/zoom/1D59B5FEAE0C00D87C9E61FEE70A9A3D.jpg,,/product/lava-tudo-brilhante-eucalipto/8410436320573
41590,"Lava tudo brilhante madeiras, 1.1 litros",5604260302659,10739,10090,,PorSi,,"1,08€/L","1,19€",https://cdn.intermarche.pt/pt/Content/images/boitmal/produit/zoom/5DC039836DA6D702EACE8BD5C2BF93D0.jpg,,/product/lava-tudo-brilhante-madeiras-1.1-litros/5604260302659
5927,"Lava Tudo Perfumado Herbal, embalagem de 2 l",5604260256914,10739,10090,,PorSi,,"0,50€/L","0,99€",https://cdn.intermarche.pt/pt/Content/images/boitmal/produit/zoom/57C001769BF6AA292D0BD7DFF4016930.jpg,,/product/lava-tudo-perfumado-herbal-embalagem-de-2-l/5604260256914
46792,"Lava tudo amoniacal, 2 litros",5604260319602,10739,10090,,PorSi,,"0,40€/L","0,79€",https://cdn.intermarche.pt/pt/Content/images/boitmal/produit/zoom/F0BAA9DC20EB5A431C3F4A4BFAC7C54F.jpg,,/product/lava-tudo-amoniacal-2-litros/5604260319602
51751,"Spray remove bolores, 435 ml",8720181338502,10739,10090,,Cif,,"11,47€/L","4,99€",https://cdn.intermarche.pt/pt/Content/images/boitmal/produit/zoom/380C503403FDBF9BBCD37132FDE8F56E.jpg,,/product/spray-remove-bolores-435-ml/8720181338502
10274,"Lava Tudo Brilhante Floral, embalagem 1,1l",8410436242172,10739,10090,,Sonasol,,"2,54€/L","2,79€",https://cdn.intermarche.pt/pt/Content/images/boitmal/produit/zoom/45AE65B29796E27661779732657737AC.jpg,,/product/lava-tudo-brilhante-floral-embalagem-11l/8410436242172
35582,"Lava tudo perfumado Flores da Primavera, 1,5 l",5604260291298,10739,10090,,PorSi,,"1,19€/L","1,79€",https://cdn.intermarche.pt/pt/Content/images/boitmal/produit/zoom/45167671FF0CB4C58D519CF8D66E2015.jpg,,/product/lava-tudo-perfumado-flores-da-primavera-15-l/5604260291298
46716,"Lava tudo amoniacal, 5 litros",5604260319626,10739,10090,,PorSi,,"0,32€/L","1,59€",https://cdn.intermarche.pt/pt/Content/images/boitmal/produit/zoom/C4CE0971CD026DA210FD3504648497BB.jpg,,/product/lava-tudo-amoniacal-5-litros/5604260319626
34224,"Lava tudo desifetante de pavimentos e superfícies, 1.2 l",8411135670198,10739,10090,,Sanytol,,"3,33€/L","3,99€",https://cdn.intermarche.pt/pt/Content/images/boitmal/produit/zoom/F43BAB6DBC0B461745F5796ABE0934DC.jpg,,/product/lava-tudo-desifetante-de-pavimentos-e-superficies-1.2-l/8411135670198
35581,"Lava tudo perfumado Orquídea Oriental, 1,5 l",5604260291281,10739,10090,,PorSi,,"1,19€/L","1,79€",https://cdn.intermarche.pt/pt/Content/images/boitmal/produit/zoom/6B5671501DAE8BD14BF8A47FD471BEBF.jpg,,/product/lava-tudo-perfumado-orquidea-oriental-15-l/5604260291281
38291,"Lava Tudo Desinfetante, embalagem 1,1l",8410436343527,10739,10090,,Sonasol,,"2,54€/L","2,79€",https://cdn.intermarche.pt/pt/Content/images/boitmal/produit/zoom/EA4FBAD0F8BEA121132D7964AF9FEF9E.jpg,,/product/lava-tudo-desinfetante-embalagem-11l/8410436343527
40834,"Lava tudo boost vinagre, 1 l",8718951333390,10739,10090,,Ajax,,"3,99€/L","3,99€",https://cdn.intermarche.pt/pt/Content/images/boitmal/produit/zoom/94600D4F59220F08B708C3610E6D5C82.jpg,,/product/lava-tudo-boost-vinagre-1-l/8718951333390
35580,"Lava tudo perfumado Cote D’Azur, 1.5 litros",5604260291274,10739,10090,,PorSi,,"1,19€/L","1,79€",https://cdn.intermarche.pt/pt/Content/images/boitmal/produit/zoom/4632298FDE484429AC32C6F7935B3A3E.jpg,,/product/lava-tudo-perfumado-cote-dazur-1.5-litros/5604260291274
51752,"Spray Anticalcário, 435 ml",8720181338472,10739,10090,,Cif,,"11,47€/L","4,99€",https://cdn.intermarche.pt/pt/Content/images/boitmal/produit/zoom/FF22546706D22C3443E3EA5025E29AD2.jpg,,/product/spray-anticalcario-435-ml/8720181338472
54546,"Lava Tudo Limão, 2L",8718951472068,10739,10090,,Ajax,,"2,50€/L","4,99€",https://cdn.intermarche.pt/pt/Content/images/boitmal/produit/zoom/830A6E2C34EF1338B6E18D5933BE5A86.jpg,,/product/lava-tudo-limao-2l/8718951472068
6476,"Lava Tudo Brilhante Universal, embalagem 1,1l",8410436242295,10739,10090,,Sonasol,,"2,54€/L","2,79€",https://cdn.intermarche.pt/pt/Content/images/boitmal/produit/zoom/D9029A6D2079E1FEC6711F790C7F6C82.jpg,,/product/lava-tudo-brilhante-universal-embalagem-11l/8410436242295
52379,"Lava Tudo Perfumado Limão Verde, embalagem de 1,3l",8720181407147,10739,10090,,Cif,,"1,53€/L","1,99€",https://cdn.intermarche.pt/pt/Content/images/boitmal/produit/zoom/24F3F034C4CF18441E3B37B8A37E135F.jpg,,/product/lava-tudo-perfumado-limao-verde-embalagem-de-13l/8720181407147
52381,"Lava Tudo Perfumado Lavanda, embalagem de 1,3l",8720181407154,10739,10090,,Cif,,"1,53€/L","1,99€",https://cdn.intermarche.pt/pt/Content/images/boitmal/produit/zoom/A81E6DD1EE934840EEF0519DC6E6E364.jpg,,/product/lava-tudo-perfumado-lavanda-embalagem-de-13l/8720181407154
41591,"Lava tudo brilhante floral, 1.1 litros",5604260302642,10739,10090,,PorSi,,"1,08€/L","1,19€",https://cdn.intermarche.pt/pt/Content/images/boitmal/produit/zoom/B2CD09E5F5FA617A6FB4DE2C0942D18B.jpg,,/product/lava-tudo-brilhante-floral-1.1-litros/5604260302642
46791,"Lava tudo multiusos desinfetante, 1,5 l",5604260317004,10739,10090,,PorSi,,"1,33€/L","1,99€",https://cdn.intermarche.pt/pt/Content/images/boitmal/produit/zoom/6038CC433095D860AE05259591D77269.jpg,,/product/lava-tudo-multiusos-desinfetante-15-l/5604260317004
41592,"Lava tudo brilhante universal, 1.1 litros",5604260302635,10739,10090,,PorSi,,"1,08€/L","1,19€",https://cdn.intermarche.pt/pt/Content/images/boitmal/produit/zoom/C84D087617ED0B8EE2D2E4188126B009.jpg,,/product/lava-tudo-brilhante-universal-1.1-litros/5604260302635
52382,"Lava Tudo Poder Desinfetante, embalagem de 1l",8720182631022,10739,10090,,Cif,,"1,99€/L","1,99€",https://cdn.intermarche.pt/pt/Content/images/boitmal/produit/zoom/6F24B54F5662226AD176AC3C60557A94.jpg,,/product/lava-tudo-poder-desinfetante-embalagem-de-1l/8720182631022
48527,Lava tudo amoniacal sabão natural,5604260319619,10739,10090,2 litros,PorSi,,"0,65€/L","1,29€",https://cdn.intermarche.pt/pt/Content/images/boitmal/produit/zoom/2BBE1FA44C07804AD6BE424EA24C3A51.jpg,,/product/lava-tudo-amoniacal-sabao-natural/5604260319619
16492,"Limpa vidros pistola, tripla acção, embalagem de 500 ml",8718951037847,11410,10090,,Ajax,,"7,18€/L","3,59€",https://cdn.intermarche.pt/pt/Content/images/boitmal/produit/zoom/B2E06550937917C2E4B1E74DDD7CCA54.jpg,,/product/limpa-vidros-pistola-tripla-accao-embalagem-de-500-ml/8718951037847
17873,"Limpa vidros recarga tripla ação, 500 ml",8718951037885,11410,10090,,Ajax,,"5,98€/L","2,99€",https://cdn.intermarche.pt/pt/Content/images/boitmal/produit/zoom/42625D659AA36AA56C9B694404679879.jpg,,/product/limpa-vidros-recarga-tripla-acao-500-ml/8718951037885
16493,"Limpa vidros pistola, cristal, embalagem de 500 ml",8718951037939,11410,10090,,Ajax,,"7,18€/L","3,59€",https://cdn.intermarche.pt/pt/Content/images/boitmal/produit/zoom/E563EF990460546D67BF949773E0A516.jpg,,/product/limpa-vidros-pistola-cristal-embalagem-de-500-ml/8718951037939
46482,Spray para vidros,5604260314737,11410,10090,750 ml,PorSi,,"2,39€/L","1,79€",https://cdn.intermarche.pt/pt/Content/images/boitmal/produit/zoom/172528EFE93D8BC0D4AF57ADC9A3DF36.jpg,,/product/spray-para-vidros/5604260314737
16919,"Limpa vidros cristal recarga, 500 ml",8718951037878,11410,10090,,Ajax,,"5,98€/L","2,99€",https://cdn.intermarche.pt/pt/Content/images/boitmal/produit/zoom/1E01F43019F10371A21CF05D1BC242D7.jpg,,/product/limpa-vidros-cristal-recarga-500-ml/8718951037878
50956,"Spray limpa vidros gel, 750 ml",5604260324309,11410,10090,,PorSi,,"1,32€/L","0,99€",https://cdn.intermarche.pt/pt/Content/images/boitmal/produit/zoom/B5ECF854C244EDB074BF2B7476C91EC6.jpg,,/product/spray-limpa-vidros-gel-750-ml/5604260324309
49375,Spray limpa vidros,8718951474680,11410,10090,Embalagem de 500 ml,Ajax,,"7,18€/L","3,59€",https://cdn.intermarche.pt/pt/Content/images/boitmal/produit/zoom/FC56E0AFF70BCC410511F8A921E699A1.jpg,,/product/spray-limpa-vidros/8718951474680
43936,"Limpa vidros de recuperadores de calor, 500 ml",5604260301195,11410,10090,,PorSi,,"6,98€/L","3,49€",https://cdn.intermarche.pt/pt/Content/images/boitmal/produit/zoom/0B485193399E99A297BC9AFB779BCD0D.jpg,,/product/limpa-vidros-de-recuperadores-de-calor-500-ml/5604260301195
17900,"Lixívia Spray Mousse Flor, 700ml",8001480023277,11411,10090,,Neoblanc,,"3,70€/L","2,59€",https://cdn.intermarche.pt/pt/Content/images/boitmal/produit/zoom/FA98D871A88B2DCD779EA51368257E43.jpg,2024-09-25T22:59:59.999Z,/product/lixivia-spray-mousse-flor-700ml/8001480023277
17897,"Lixívia Spray Mousse, 700ml",8001480021440,11411,10090,,Neoblanc,,"3,70€/L","2,59€",https://cdn.intermarche.pt/pt/Content/images/boitmal/produit/zoom/D240E13A9CD399AA6872F4367C1BA10C.jpg,2024-09-25T22:59:59.999Z,/product/lixivia-spray-mousse-700ml/8001480021440
36657,"Spray lixívia e higiene, de 500 ml",5601217132673,11412,10090,,Cillitbang,,"4,98€/L","2,49€",https://cdn.intermarche.pt/pt/Content/images/boitmal/produit/zoom/B883369E3F8FD2106485DC8F041B61F8.jpg,2024-10-04T22:59:59.999Z,/product/spray-lixivia-e-higiene-de-500-ml/5601217132673
37046,"Spray calcário e sujidade, garrafa de 500 ml",5601217132666,11412,10090,,Cillitbang,,"4,98€/L","2,49€",https://cdn.intermarche.pt/pt/Content/images/boitmal/produit/zoom/986A2CBBC3226B9670AD657A52B7E90F.jpg,2024-10-04T22:59:59.999Z,/product/spray-calcario-e-sujidade-garrafa-de-500-ml/5601217132666
37045,"Spray bolor e sujidade, garrafa de 500 ml",5601217132659,11412,10090,,Cillitbang,,"4,98€/L","2,49€",https://cdn.intermarche.pt/pt/Content/images/boitmal/produit/zoom/2A51671BCEA4544BF377B06769DE1169.jpg,2024-10-04T22:59:59.999Z,/product/spray-bolor-e-sujidade-garrafa-de-500-ml/5601217132659
36658,"Spray tira gorduras, garrafa de 500 ml",5601217132680,11412,10090,,Cillitbang,,"4,98€/L","2,49€",https://cdn.intermarche.pt/pt/Content/images/boitmal/produit/zoom/7660AADAF7761EC831B6178C67240B97.jpg,2024-10-04T22:59:59.999Z,/product/spray-tira-gorduras-garrafa-de-500-ml/5601217132680
46481,Spray multisuperfícies,5604260314799,11412,10090,750 ml,PorSi,,"2,12€/L","1,59€",https://cdn.intermarche.pt/pt/Content/images/boitmal/produit/zoom/68B05B54F1F082CB9A5B0620169B53B8.jpg,,/product/spray-multisuperficies/5604260314799
47436,"Toalhitas desinfetantes multiusos, 35 unidades",5604260316984,11412,10090,,PorSi,,"1,99€/Unidade","1,99€",https://cdn.intermarche.pt/pt/Content/images/boitmal/produit/zoom/7E2127C2BD3989379C18E7552475CBC6.jpg,,/product/toalhitas-desinfetantes-multiusos-35-unidades/5604260316984
42257,"Gel ativo com lixívia, embalagem de 1.5 l",5604260308026,11412,10090,,PorSi,,"0,86€/L","1,29€",https://cdn.intermarche.pt/pt/Content/images/boitmal/produit/zoom/6ACB4AB4E23B490F4AF8E3C16C444563.jpg,,/product/gel-ativo-com-lixivia-embalagem-de-1.5-l/5604260308026
47435,"Spray desinfetante multiusos, 750 ml",5604260316991,11412,10090,,PorSi,,"2,52€/L","1,89€",https://cdn.intermarche.pt/pt/Content/images/boitmal/produit/zoom/B0B80D3053C6D76D77A7527F2950F0DC.jpg,,/product/spray-desinfetante-multiusos-750-ml/5604260316991
43081,"Creme de limpeza com lixívia, 750 ml",5604260308989,11412,10090,,PorSi,,"1,59€/L","1,19€",https://cdn.intermarche.pt/pt/Content/images/boitmal/produit/zoom/A707AC8C3350E9532F50D762BBD8F0C8.jpg,,/product/creme-de-limpeza-com-lixivia-750-ml/5604260308989
46871,"Toalhitas desinfetantes, 36 unidades",8411660000224,11412,10090,,Sanytol,,"3,99€/Unidade","3,99€",https://cdn.intermarche.pt/pt/Content/images/boitmal/produit/zoom/691009444FAA3A8250C3A01FC45C4352.jpg,,/product/toalhitas-desinfetantes-36-unidades/8411660000224
9677,"Multiusos perfumado, 1 litro",5604260269860,11412,10090,,PorSi,,"1,29€/L","1,29€",https://cdn.intermarche.pt/pt/Content/images/boitmal/produit/zoom/258C48CDD842A06AAB2DAB702A83C781.jpg,,/product/multiusos-perfumado-1-litro/5604260269860
7228,"Desentupidor gel turbo com lixívia, de 1L",3059940006433,11413,10090,,Destop,,"5,89€/L","5,89€",https://cdn.intermarche.pt/pt/Content/images/boitmal/produit/zoom/8C14AE453887D1E807DA8F84ACE754F1.jpg,,/product/desentupidor-gel-turbo-com-lixivia-de-1l/3059940006433
42598,Desentupidor em gel canos com soda,5604260308903,11413,10090,Embalagem de 1 litro,PorSi,,"1,79€/L","1,79€",https://cdn.intermarche.pt/pt/Content/images/boitmal/produit/zoom/AE04D59E862D3C448CC3480092FF8316.jpg,,/product/desentupidor-em-gel-canos-com-soda/5604260308903
45809,Desentupidor de canos,5604260316090,11413,10090,Embalagem de 1 litro,PorSi,,"3,29€/L","3,29€",https://cdn.intermarche.pt/pt/Content/images/boitmal/produit/zoom/32B22AB29E616DF0CC22CD485B825E02.jpg,,/product/desentupidor-de-canos/5604260316090
6580,"Desentupidor canos, 1 l",8412400193015,11413,10090,,Mr. Muscle,,"7,99€/L","7,99€",https://cdn.intermarche.pt/pt/Content/images/boitmal/produit/zoom/533C19EF1CE101916198B272361DCC83.jpg,,/product/desentupidor-canos-1-l/8412400193015
40557,Desentupidor de fole com cabo,5604260295845,11413,10090,1 unidade,PorSi,,"1,99€/Unidade","1,99€",https://cdn.intermarche.pt/pt/Content/images/boitmal/produit/zoom/1DF115C99657164A9A0AD8999295539F.jpg,,/product/desentupidor-de-fole-com-cabo/5604260295845
27695,"Limpa Móveis, 300ml",5604260278060,11414,10090,,PorSi,,"4,97€/L","1,49€",https://cdn.intermarche.pt/pt/Content/images/boitmal/produit/zoom/8B013C3FCB2F8EBF6EDA9930E9F88D33.jpg,,/product/limpa-moveis-300ml/5604260278060
37872,"Limpa móveis cera abelhas, frasco de 300ml",5604260296552,11414,10090,,PorSi,,"6,63€/L","1,99€",https://cdn.intermarche.pt/pt/Content/images/boitmal/produit/zoom/E6C7A546A5BC5951C003680B76F7E7B8.jpg,,/product/limpa-moveis-cera-abelhas-frasco-de-300ml/5604260296552
47691,"Óleo cedro líquido, garrafa de 250 ml",5000204827712,11414,10090,,Pronto,,"14,76€/L","3,69€",https://cdn.intermarche.pt/pt/Content/images/boitmal/produit/zoom/47BAF594AA59875AAC390151097D7C14.jpg,,/product/oleo-cedro-liquido-garrafa-de-250-ml/5000204827712
47692,"Limpa Moveis Revitaliza, 300 ml",5000204011081,11414,10090,,Pronto,,"15,97€/L","4,79€",https://cdn.intermarche.pt/pt/Content/images/boitmal/produit/zoom/2F9B8F179B5A5EB4367520FA44481D36.jpg,,/product/limpa-moveis-revitaliza-300-ml/5000204011081
4997,"Óleo cedro spray, 250 ml",5601021007556,11414,10090,,Pronto,,"19,16€/L","4,79€",https://cdn.intermarche.pt/pt/Content/images/boitmal/produit/zoom/EAC5AC8BF944A8EACB4E5CE1B2F01504.jpg,,/product/oleo-cedro-spray-250-ml/5601021007556
53349,"Limpa Móveis, 250ml",5000204314595,11414,10090,,Pronto,,"19,16€/L","4,79€",https://cdn.intermarche.pt/pt/Content/images/boitmal/produit/zoom/1D217222CE95C7E20C669A2882D0AEE6.jpg,,/product/limpa-moveis-250ml/5000204314595
6475,"Lava Tudo Brilhante Madeira, embalagem 1,1l",8410436242264,11414,10090,,Sonasol,,"2,54€/L","2,79€",https://cdn.intermarche.pt/pt/Content/images/boitmal/produit/zoom/4804207F489281D6AC8C3987D7C802CA.jpg,,/product/lava-tudo-brilhante-madeira-embalagem-11l/8410436242264
23525,"Limpa móveis pistola, aloé vera, 500 ml",5000204711936,11414,10090,,Pronto,,"9,98€/L","4,99€",https://cdn.intermarche.pt/pt/Content/images/boitmal/produit/zoom/D6AA1F29F4B8F2FB31BDEADB98BEB295.jpg,,/product/limpa-moveis-pistola-aloe-vera-500-ml/5000204711936
21665,"Óleo Cedro Líquido, 200 ml",5604260278077,11414,10090,,PorSi,,"6,95€/L","1,39€",https://cdn.intermarche.pt/pt/Content/images/boitmal/produit/zoom/E537716EAC1869D9F91179CCE53F9066.jpg,,/product/oleo-cedro-liquido-200-ml/5604260278077
44323,"Limpa madeiras ecológico, 1.5L",5604260312733,11414,10090,,PorSi,,"1,53€/L","2,29€",https://cdn.intermarche.pt/pt/Content/images/boitmal/produit/zoom/2BAD87A5E1815C5AD7125DC6F90734CF.jpg,,/product/limpa-madeiras-ecologico-1.5l/5604260312733
25837,"Óleo Cedro Spray, 250 ml",5604260278053,11414,10090,,PorSi,,"6,36€/L","1,59€",https://cdn.intermarche.pt/pt/Content/images/boitmal/produit/zoom/F5E21410546B1D40C5978A109A6D6F0C.jpg,,/product/oleo-cedro-spray-250-ml/5604260278053
46296,"Limpa madeiras com sabão, 1.5L",5604260316007,11414,10090,,PorSi,,"1,33€/L","1,99€",https://cdn.intermarche.pt/pt/Content/images/boitmal/produit/zoom/195A3F1C296347D16900580C17DFCCD9.jpg,,/product/limpa-madeiras-com-sabao-1.5l/5604260316007
46494,Cera acrílica para madeira,5604260315970,11414,10090,750 ml,PorSi,,"3,45€/L","2,59€",https://cdn.intermarche.pt/pt/Content/images/boitmal/produit/zoom/A6CC5C26C61C796B8893B51C9C7633AA.jpg,,/product/cera-acrilica-para-madeira/5604260315970
6579,"Limpador, 750 ml",8412400109313,11414,10090,,Pronto,,"5,99€/L","4,49€",https://cdn.intermarche.pt/pt/Content/images/boitmal/produit/zoom/E0335F38A42B15C7B5456D417C903FF4.jpg,,/product/limpador-750-ml/8412400109313
3497,Reparador de móveis escuro,0000084124326,11414,10090,Embalagem de 100 ml,Pronto,,"54,90€/L","5,49€",https://cdn.intermarche.pt/pt/Content/images/boitmal/produit/zoom/D69B33990891106EF66B7556A9C6AABD.jpg,,/product/reparador-de-moveis-escuro/0000084124326
53350,"Limpa Móveis Lavanda, 250ml",5000204307856,11414,10090,,Pronto,,"19,16€/L","4,79€",https://cdn.intermarche.pt/pt/Content/images/boitmal/produit/zoom/E1C68282AB335F96CCA4EC866E860200.jpg,,/product/limpa-moveis-lavanda-250ml/5000204307856
8805,Óleo de cedro em frasco,5601149042323,11414,10090,250 ml,Splendor,,"13,16€/L","3,29€",https://cdn.intermarche.pt/pt/Content/images/boitmal/produit/zoom/1F605DDC672571203EB8214B12A48E19.jpg,,/product/oleo-de-cedro-em-frasco/5601149042323
16115,"Reparador de móveis normal, 200 ml",5604260277421,11414,10090,,PorSi,,"9,95€/L","1,99€",https://cdn.intermarche.pt/pt/Content/images/boitmal/produit/zoom/5C162AB85F45672E7D6656F205A8F62D.jpg,,/product/reparador-de-moveis-normal-200-ml/5604260277421
16116,Reparador de móveis escuro,5604260277438,11414,10090,Embalagem de 200 ml,PorSi,,"9,95€/L","1,99€",https://cdn.intermarche.pt/pt/Content/images/boitmal/produit/zoom/081392625F3B51779C3A3200A5EFA1E3.jpg,,/product/reparador-de-moveis-escuro/5604260277438
40729,"Limpa móveis multissuperfícies, frasco de 300ml",5604260296569,11414,10090,,PorSi,,"6,63€/L","1,99€",https://cdn.intermarche.pt/pt/Content/images/boitmal/produit/zoom/1FE59916ECDB310A6149D1DE5160D292.jpg,,/product/limpa-moveis-multissuperficies-frasco-de-300ml/5604260296569
47774,"Cera liquida lava encera, garrafa de 750 ml",5604260315994,11414,10090,,PorSi,,"2,39€/L","1,79€",https://cdn.intermarche.pt/pt/Content/images/boitmal/produit/zoom/693F16A8B8689CF79908E16C4D777DB2.jpg,,/product/cera-liquida-lava-encera-garrafa-de-750-ml/5604260315994
47952,"Reparador de móveis normal, 100 ml",5000204832037,11414,10090,,Pronto,,"54,90€/L","5,49€",https://cdn.intermarche.pt/pt/Content/images/boitmal/produit/zoom/53AECB54C4C37292319929224A3393DC.jpg,,/product/reparador-de-moveis-normal-100-ml/5000204832037
53351,"Limpa Móveis Multisuperficies Lima, 250ml",5000204307917,11414,10090,,Pronto,,"19,16€/L","4,79€",https://cdn.intermarche.pt/pt/Content/images/boitmal/produit/zoom/B06EC350A90207B9F1FEF347380C3207.jpg,,/product/limpa-moveis-multisuperficies-lima-250ml/5000204307917
53707,"Restaurador Chão Envernizado Madeiras Médias/Escuras, 500ml",5601149042309,11414,10090,,Splendor,,"10,58€/L","5,29€",https://cdn.intermarche.pt/pt/Content/images/boitmal/produit/zoom/9E63FA69B6543C74E57050D226AD9BD1.jpg,,/product/restaurador-chao-envernizado-madeiras-medias-ou-escuras-500ml/5601149042309
6578,"Limpa móveis cera de abelha, 300 ml",5601149042347,11414,10090,,Pronto,,"10,63€/L","3,19€",https://cdn.intermarche.pt/pt/Content/images/boitmal/produit/zoom/DD62E5A6FD6E39C6A188F23D2938B22C.jpg,,/product/limpa-moveis-cera-de-abelha-300-ml/5601149042347
33501,"Óleo de cedro, 360 ml",5600258596826,11414,10090,,Mistolin,,"9,69€/L","3,49€",https://cdn.intermarche.pt/pt/Content/images/boitmal/produit/zoom/276DA127DA01E01CEF1400977F47C27A.jpg,,/product/oleo-de-cedro-360-ml/5600258596826
46969,Spray Móveis Express,5600356070143,11414,10090,Garrafa de 750 ml,Mistolin,,"5,32€/L","3,99€",https://cdn.intermarche.pt/pt/Content/images/boitmal/produit/zoom/1D1C477880F464E443C4D2374B06FFCF.jpg,,/product/spray-moveis-express/5600356070143
51403,"Vinagre de limpeza, 1 litrp",5604260325689,11415,10090,,PorSi,,"0,95€/L","0,95€",https://cdn.intermarche.pt/pt/Content/images/boitmal/produit/zoom/D97716AE40F4384225AEA397971D7BFD.jpg,2024-10-04T22:59:59.999Z,/product/vinagre-de-limpeza-1-litrp/5604260325689
46623,Álcool de limpeza superfícies,5604260316960,11415,10090,,PorSi,,"4,63€/L","1,39€",https://cdn.intermarche.pt/pt/Content/images/boitmal/produit/zoom/AC8FC4DD0D085B582185DB572798E207.jpg,,/product/alcool-de-limpeza-superficies/5604260316960
37973,"Bicarbonato de sódio, embalagem de 500g",5604260309252,11415,10090,,PorSi,,"4,18€/Kg","2,09€",https://cdn.intermarche.pt/pt/Content/images/boitmal/produit/zoom/9D53CBA2DFCADD0CDC7E91E2F09E6C4A.jpg,,/product/bicarbonato-de-sodio-embalagem-de-500g/5604260309252
46483,Spray antibacteriano,5604260314744,11415,10090,750 ml,PorSi,,"2,65€/L","1,99€",https://cdn.intermarche.pt/pt/Content/images/boitmal/produit/zoom/94B56427FA30DF7BACCDDC0D63635ACF.jpg,,/product/spray-antibacteriano/5604260314744
34427,"Removedor de bolores e fungos, 500 ml",4026700435405,11415,10090,,Uhu,,"10,58€/L","5,29€",https://cdn.intermarche.pt/pt/Content/images/boitmal/produit/zoom/215BAC6227E3E39BA9DCCA21484776F3.jpg,,/product/removedor-de-bolores-e-fungos-500-ml/4026700435405
29366,"Spray fornos e grelhadores, 435 ml",8710447376133,11415,10090,,Cif,,"10,09€/L","4,39€",https://cdn.intermarche.pt/pt/Content/images/boitmal/produit/zoom/0983FC0F3C1B5D9C271D56B3C7E3A30E.jpg,,/product/spray-fornos-e-grelhadores-435-ml/8710447376133
43940,Spray limpa inox,5604260312511,11415,10090,Embalagem de 500 ml,PorSi,,"3,58€/L","1,79€",https://cdn.intermarche.pt/pt/Content/images/boitmal/produit/zoom/54A1912E28D329F6E44214C06EB9789F.jpg,,/product/spray-limpa-inox/5604260312511
46480,"Spray desengordurante cozinha, 750 ml",5604260314775,11415,10090,,PorSi,,"2,39€/L","1,79€",https://cdn.intermarche.pt/pt/Content/images/boitmal/produit/zoom/C1C0B39F144603A188D20A10FE88A0A2.jpg,,/product/spray-desengordurante-cozinha-750-ml/5604260314775
42123,"Limpa carpetes, 1 litro",5604260308088,11415,10090,,PorSi,,"2,29€/L","2,29€",https://cdn.intermarche.pt/pt/Content/images/boitmal/produit/zoom/36194E6C4B3CFBB29AAD1E8D8BFCCCD4.jpg,,/product/limpa-carpetes-1-litro/5604260308088
31804,"Cera líquida castanha, 500 ml",5601149042170,11415,10090,,Splendor,,"15,98€/L","7,99€",https://cdn.intermarche.pt/pt/Content/images/boitmal/produit/zoom/541D331BA3A8819EF7AC33E026AB89C5.jpg,,/product/cera-liquida-castanha-500-ml/5601149042170
46479,Spray humidade e sujidade,5604260314751,11415,10090,500 ml,PorSi,,"3,58€/L","1,79€",https://cdn.intermarche.pt/pt/Content/images/boitmal/produit/zoom/A6194A90E854C7FA8CC1054141E77355.jpg,,/product/spray-humidade-e-sujidade/5604260314751
4866,"Limpa alcatifa mousse activa, 600 ml",5410036145227,11415,10090,,Vanish,,"13,32€/L","7,99€",https://cdn.intermarche.pt/pt/Content/images/boitmal/produit/zoom/6B42A0A772D4437C045F6C626D5741EA.jpg,,/product/limpa-alcatifa-mousse-activa-600-ml/5410036145227
48821,"Cera para madeira amarela, embalagem de 250 ml",5601149042149,11415,10090,,Splendor,,"19,96€/L","4,99€",https://cdn.intermarche.pt/pt/Content/images/boitmal/produit/zoom/0D5730790E0098CF55D39A2523960480.jpg,,/product/cera-para-madeira-amarela-embalagem-de-250-ml/5601149042149
4990,"Algodão limpa metais, 75 g",5601014015018,11415,10090,,Duraglit,,"93,20€/Kg","6,99€",https://cdn.intermarche.pt/pt/Content/images/boitmal/produit/zoom/2F7F448D96CCE37917008B4DCF933B1A.jpg,,/product/algodao-limpa-metais-75-g/5601014015018
20213,"Spray vitrocerâmica/indução, 500 ml",5604260312528,11415,10090,,PorSi,,"3,98€/L","1,99€",https://cdn.intermarche.pt/pt/Content/images/boitmal/produit/zoom/5AFC2B34227F08D45B9AD3E18CCF8262.jpg,,/product/spray-vitroceramica-ou-inducao-500-ml/5604260312528
31913,Mistolin tira gorduras desinfetante,5600258596628,11415,10090,Garrafa de 550 ml,Mistolin,,"5,44€/L","2,99€",https://cdn.intermarche.pt/pt/Content/images/boitmal/produit/zoom/15373C260887AFC52B383955A8F63486.jpg,,/product/mistolin-tira-gorduras-desinfetante/5600258596628
32397,"Champô 3 em 1 karpex, 950 ml",5601217131324,11415,10090,,Vanish,,"8,41€/L","7,99€",https://cdn.intermarche.pt/pt/Content/images/boitmal/produit/zoom/4D0785053B541642B715AA050E8544F1.jpg,,/product/champo-3-em-1-karpex-950-ml/5601217131324
41939,"Mistolin advanced anticalcário, de 500 ml",5600356070181,11415,10090,,Mistolin,,"9,38€/L","4,69€",https://cdn.intermarche.pt/pt/Content/images/boitmal/produit/zoom/5737D692BC72A462F0B709F3DD918CE5.jpg,,/product/mistolin-advanced-anticalcario-de-500-ml/5600356070181
41940,Mistolin advanced lixívia,5600356070211,11415,10090,Garrafa de 500 ml,Mistolin,,"7,98€/L","3,99€",https://cdn.intermarche.pt/pt/Content/images/boitmal/produit/zoom/1676D81294BFBAA590813B52CAE387E0.jpg,,/product/mistolin-advanced-lixivia/5600356070211
44610,"Creme de limpeza ecológico, 750 ml",5604260312702,11415,10090,,PorSi,,"1,99€/L","1,49€",https://cdn.intermarche.pt/pt/Content/images/boitmal/produit/zoom/4459A51FB000C5E21146639E4DE41BEF.jpg,,/product/creme-de-limpeza-ecologico-750-ml/5604260312702
46294,"Cera acrílica pavimento vermelho, 750 ml",5604260315963,11415,10090,,PorSi,,"3,72€/L","2,79€",https://cdn.intermarche.pt/pt/Content/images/boitmal/produit/zoom/01B0DEA29F32679EF7AACDF5E17F4A46.jpg,,/product/cera-acrilica-pavimento-vermelho-750-ml/5604260315963
46295,"Cera acrílica pavimento cerâmica, 750 ml",5604260315987,11415,10090,,PorSi,,"3,72€/L","2,79€",https://cdn.intermarche.pt/pt/Content/images/boitmal/produit/zoom/FCF0E18B08155611A9353FFAA0E20238.jpg,,/product/cera-acrilica-pavimento-ceramica-750-ml/5604260315987
47775,"Limpa superficies delicadas, garrafa de 750 ml",5604260316014,11415,10090,,PorSi,,"1,59€/L","1,19€",https://cdn.intermarche.pt/pt/Content/images/boitmal/produit/zoom/20EF3282E0F752B161623A227003D705.jpg,,/product/limpa-superficies-delicadas-garrafa-de-750-ml/5604260316014
4991,"Algodão limpa pratas, 75 g",5601014015025,11415,10090,,Duraglit,,"93,20€/Kg","6,99€",https://cdn.intermarche.pt/pt/Content/images/boitmal/produit/zoom/54495FCB9B8D2802E04603570628956C.jpg,,/product/algodao-limpa-pratas-75-g/5601014015025
51758,Cera acrílica tijoleiras,5601149042200,11415,10090,Embalagem de 500 ml,Splendor,,"11,98€/L","5,99€",https://cdn.intermarche.pt/pt/Content/images/boitmal/produit/zoom/41778A0269B51BEA94EFEB2814106B48.jpg,,/product/cera-acrilica-tijoleiras/5601149042200
48135,Cera acrílica para madeira,5601149042194,11415,10090,Embalagem de 500 ml,Splendor,,"11,98€/L","5,99€",https://cdn.intermarche.pt/pt/Content/images/boitmal/produit/zoom/DEE347023FBF8B1FDA404DB8607BAF2A.jpg,,/product/cera-acrilica-para-madeira/5601149042194
46781,"Espanador limpa pó, 1 cabo + 5 recargas",8001841934877,11793,10090,,Swiffer,,"3,59€/Unidade","3,59€",https://cdn.intermarche.pt/pt/Content/images/boitmal/produit/zoom/06C2A99A58815069DC93220EC051CD5C.jpg,2024-09-25T22:59:59.999Z,/product/espanador-limpa-po-1-cabo-+-5-recargas/8001841934877
4935,"Panos agarra pó, 20 recargas, 20 unidades",5413149049550,11793,10090,,Swiffer,,"3,59€/Unidade","3,59€",https://cdn.intermarche.pt/pt/Content/images/boitmal/produit/zoom/175F83E11D9B5936AD6A6554D1BAEAE4.jpg,2024-09-25T22:59:59.999Z,/product/panos-agarra-po-20-recargas-20-unidades/5413149049550
41842,"Recarga Panos Húmidos, 12 unidades",8001841542867,11793,10090,,Swiffer,,"3,59€/Unidade","3,59€",https://cdn.intermarche.pt/pt/Content/images/boitmal/produit/zoom/797CEC9BB93248D17392B72DE5D08112.jpg,2024-09-25T22:59:59.999Z,/product/recarga-panos-humidos-12-unidades/8001841542867
47489,"Mopa, kit duplo 8 panos + 3 húmidos",8001090630612,11793,10090,,Swiffer,,"11,99€/Unidade","11,99€",https://cdn.intermarche.pt/pt/Content/images/boitmal/produit/zoom/B990DD67F8010BEFEDEEB5A1DC27B198.jpg,2024-09-25T22:59:59.999Z,/product/mopa-kit-duplo-8-panos-+-3-humidos/8001090630612
30897,"Recarga Panos para Madeira, 18 unidades",5413149232754,11793,10090,,Swiffer,,"3,59€/Unidade","3,59€",https://cdn.intermarche.pt/pt/Content/images/boitmal/produit/zoom/F1E146A3DAED632CD5DB3FBF01121F93.jpg,2024-09-25T22:59:59.999Z,/product/recarga-panos-para-madeira-18-unidades/5413149232754
10195,"Pano Suave com Microfibras, 2 + 1 un. grátis",8410435207578,11793,10090,,Vileda,,"1,99€/Unidade","1,99€",https://cdn.intermarche.pt/pt/Content/images/boitmal/produit/zoom/01F159127F5A1D6E8DC0AE50350BF49F.jpg,,/product/pano-suave-com-microfibras-2-+-1-un.-gratis/8410435207578
3166,"Pano Microfibras Colors XL, embalagem com 4 un.",4023103147232,11793,10090,,Vileda,,"4,99€/Unidade","4,99€",https://cdn.intermarche.pt/pt/Content/images/boitmal/produit/zoom/8F996F70D1B26D3D988CD8AEB03D390D.jpg,,/product/pano-microfibras-colors-xl-embalagem-com-4-un./4023103147232
36722,"Esponja mágica tira manchas e riscos, 2 unidades",5604260290642,11793,10090,,PorSi,,"1,35€/Unidade","1,35€",https://cdn.intermarche.pt/pt/Content/images/boitmal/produit/zoom/8DE2FE1701B43B9C8EA82C0FDA62C4DA.jpg,,/product/esponja-magica-tira-manchas-e-riscos-2-unidades/5604260290642
40539,Escova lava loiça,5604260282739,11793,10090,1 unidade,PorSi,,"0,89€/Unidade","0,89€",https://cdn.intermarche.pt/pt/Content/images/boitmal/produit/zoom/CCF71D8B3B93308C1C03BED3367B75D9.jpg,,/product/escova-lava-loica/5604260282739
45692,Kit mopa + 20 recargas,5604260313068,11793,10090,,PorSi,,"6,99€/Unidade","6,99€",https://cdn.intermarche.pt/pt/Content/images/boitmal/produit/zoom/7744C686FEBA13F63F490AEE101F2CDF.jpg,,/product/kit-mopa-+-20-recargas/5604260313068
48897,"Pano microfibras multiusos, embalagem de 1 unidades",5604260312924,11793,10090,,PorSi,,"1,39€/Unidade","1,39€",https://cdn.intermarche.pt/pt/Content/images/boitmal/produit/zoom/DC93A7979F17F9243CE99A730D3D7912.jpg,,/product/pano-microfibras-multiusos-embalagem-de-1-unidades/5604260312924
48898,"Pano microfibras pó, embalagem de 1 unidades",5604260312931,11793,10090,,PorSi,,"1,15€/Unidade","1,15€",https://cdn.intermarche.pt/pt/Content/images/boitmal/produit/zoom/9D315A02289D0635865A4DA69700BB88.jpg,,/product/pano-microfibras-po-embalagem-de-1-unidades/5604260312931
48899,"Pano microfibras cozinha, embalagem de 1 unidades",5604260312948,11793,10090,,PorSi,,"1,39€/Unidade","1,39€",https://cdn.intermarche.pt/pt/Content/images/boitmal/produit/zoom/982FACCFFBBBA97650BCF926F90AF824.jpg,,/product/pano-microfibras-cozinha-embalagem-de-1-unidades/5604260312948
54316,"Esfregão com Esponja Azul, 3un.",4064035151324,11793,10090,,Scotch Brite,,"1,99€/Unidade","1,99€",https://cdn.intermarche.pt/pt/Content/images/boitmal/produit/zoom/C8E236D2D1E21D63F04A9BE70E3D6827.jpg,,/product/esfregao-com-esponja-azul-3un./4064035151324
48896,Esfregão vegetal verde,5604260312900,11793,10090,,PorSi,,"0,89€/Unidade","0,89€",https://cdn.intermarche.pt/pt/Content/images/boitmal/produit/zoom/AFA45876C89BDA6CFC1F57D79F3215BE.jpg,,/product/esfregao-vegetal-verde/5604260312900
6278,"Esfregão com Esponja Salva Unhas Fibra Verde Gama Classic, 2 unidades",8410001103877,11793,10090,,Scotch Brite,,"1,99€/Unidade","1,99€",https://cdn.intermarche.pt/pt/Content/images/boitmal/produit/zoom/E718E77E4D972A0ADC7B7B914A9452B5.jpg,,/product/esfregao-com-esponja-salva-unhas-fibra-verde-gama-classic-2-unidades/8410001103877
9666,"Pano suave multiusos 6un, embalagem de 6 unidades",5604260269556,11793,10090,,PorSi,,"0,99€/Unidade","0,99€",https://cdn.intermarche.pt/pt/Content/images/boitmal/produit/zoom/643ED611DF834E6B8B35632A71710CFF.jpg,,/product/pano-suave-multiusos-6un-embalagem-de-6-unidades/5604260269556
48190,"Esponja salvaunhas cozinha, 3 unidades",5604260323760,11793,10090,,PorSi,,"0,49€/Unidade","0,49€",https://cdn.intermarche.pt/pt/Content/images/boitmal/produit/zoom/6DC60B85D7EB298F31E83023C3188F66.jpg,,/product/esponja-salvaunhas-cozinha-3-unidades/5604260323760
5172,"Esfregão, 6 unidades",5601123103002,11793,10090,,Bravo,,"1,29€/Unidade","1,29€",https://cdn.intermarche.pt/pt/Content/images/boitmal/produit/zoom/9B2BF94B4DD634E879E24E602310536B.jpg,,/product/esfregao-6-unidades/5601123103002
5178,Esfregão de inox,5601123907112,11793,10090,,Bravo,,"1,49€/Unidade","1,49€",https://cdn.intermarche.pt/pt/Content/images/boitmal/produit/zoom/1CAE8B387B03A8A45B23E8075858E050.jpg,,/product/esfregao-de-inox/5601123907112
27763,"Esfregão Ultra Fresh, embalagem de 2 + 1 grátis",4023103201682,11793,10090,,Vileda,,"1,99€/Unidade","1,99€",https://cdn.intermarche.pt/pt/Content/images/boitmal/produit/zoom/309045F4599DDCDAA04D9C3A77399045.jpg,,/product/esfregao-ultra-fresh-embalagem-de-2-+-1-gratis/4023103201682
46850,"Luvas multiusos relevo antiderrapante, tamanho pequeno",5604260304479,11793,10090,,PorSi,,"0,69€/Unidade","0,69€",https://cdn.intermarche.pt/pt/Content/images/boitmal/produit/zoom/9222E1B9D6AB62CFD653DDD88B1E7E02.jpg,,/product/luvas-multiusos-relevo-antiderrapante-tamanho-pequeno/5604260304479
2978,"Luvas multiusos relevo antiderrapante, tamanho médio",5604260304486,11793,10090,,PorSi,,"0,69€/Unidade","0,69€",https://cdn.intermarche.pt/pt/Content/images/boitmal/produit/zoom/0B19BD659EC8BD6849AC60254982A05B.jpg,,/product/luvas-multiusos-relevo-antiderrapante-tamanho-medio/5604260304486
6277,Pano amarelo Multiusos,8410001103754,11793,10090,Embalagem de 1 unidades,Scotch Brite,,"1,49€/Unidade","1,49€",https://cdn.intermarche.pt/pt/Content/images/boitmal/produit/zoom/4EDC51C03E14CCEABAB0D6C2E4C33CFE.jpg,,/product/pano-amarelo-multiusos/8410001103754
17474,Esfregão esponja rainbow,4023103096264,11793,10090,10 unidades,Vileda,,"1,99€/Unidade","1,99€",https://cdn.intermarche.pt/pt/Content/images/boitmal/produit/zoom/C32C0A47A747CCC9AAF5347F9E1653D5.jpg,,/product/esfregao-esponja-rainbow/4023103096264
40540,Escova para unhas com pegas,5604260285129,11793,10090,1 unidade,PorSi,,"0,99€/Unidade","0,99€",https://cdn.intermarche.pt/pt/Content/images/boitmal/produit/zoom/C51400D228A3213B3BAA92D68B3F9937.jpg,,/product/escova-para-unhas-com-pegas/5604260285129
45808,"Toalhitas multissuperfícies vitrocerâmica e indução, 30 unidades",5604260314355,11793,10090,,PorSi,,"1,59€/Unidade","1,59€",https://cdn.intermarche.pt/pt/Content/images/boitmal/produit/zoom/93BE506016544EC827CF491D06538DD4.jpg,,/product/toalhitas-multissuperficies-vitroceramica-e-inducao-30-unidades/5604260314355
48919,Esfregão fibra verde 12x16 cm,5604260323418,11793,10090,,PorSi,,"0,99€/Unidade","0,99€",https://cdn.intermarche.pt/pt/Content/images/boitmal/produit/zoom/B4AB3BAA0DC972E872999EFE234A8DDF.jpg,,/product/esfregao-fibra-verde-12x16-cm/5604260323418
51723,"Luvas Descartáveis Latex Tamahno M, 10 unidades",5604260304455,11793,10090,,PorSi,,"0,79€/Unidade","0,79€",https://cdn.intermarche.pt/pt/Content/images/boitmal/produit/zoom/4BD06559B69F9F175D3C83C887C443B1.jpg,,/product/luvas-descartaveis-latex-tamahno-m-10-unidades/5604260304455
6281,"Esfregão com Esponja Salva Unhas Ergonómico, 2 unidades",8410001109978,11793,10090,,Scotch Brite,,"2,29€/Unidade","2,29€",https://cdn.intermarche.pt/pt/Content/images/boitmal/produit/zoom/2076CCC0263B6D97BDC4294E93C7B20E.jpg,,/product/esfregao-com-esponja-salva-unhas-ergonomico-2-unidades/8410001109978
15756,Esfregão Salva Unhas Fibra verde Plus,4023103134133,11793,10090,Embalagem com 1+1 grátis,Vileda,,"1,99€/Unidade","1,99€",https://cdn.intermarche.pt/pt/Content/images/boitmal/produit/zoom/6FB1B9EC31CDCBAF4CD0387FC315310C.jpg,,/product/esfregao-salva-unhas-fibra-verde-plus/4023103134133
2973,"Luvas Descartáveis Latex Tamanho L, 10 unidades",5604260304462,11793,10090,,PorSi,,"0,79€/Unidade","0,79€",https://cdn.intermarche.pt/pt/Content/images/boitmal/produit/zoom/FDEBA4F18B5D09491B508924EEF47C75.jpg,,/product/luvas-descartaveis-latex-tamanho-l-10-unidades/5604260304462
38287,Pano multiusos felpo,5604260285181,11793,10090,,PorSi,,"1,29€/Unidade","1,29€",https://cdn.intermarche.pt/pt/Content/images/boitmal/produit/zoom/63F699E7FCDB5FABD59AF5354E50F4D6.jpg,,/product/pano-multiusos-felpo/5604260285181
40639,Pano limpa pó de flanela,5604260285198,11793,10090,,PorSi,,"0,89€/Unidade","0,89€",https://cdn.intermarche.pt/pt/Content/images/boitmal/produit/zoom/5F146FE0F4B22799ED6F02240CA59097.jpg,,/product/pano-limpa-po-de-flanela/5604260285198
44389,Esfregão com Esponja Fibra Verde Gama Classic,8410001134925,11793,10090,,Scotch Brite,,"1,19€/Unidade","1,19€",https://cdn.intermarche.pt/pt/Content/images/boitmal/produit/zoom/4B6C5529FF177F3DF11EAD6B51EEDBFA.jpg,,/product/esfregao-com-esponja-fibra-verde-gama-classic/8410001134925
49883,"Esfregão aço inox, 4 unidades",5604260324774,11793,10090,,PorSi,,"0,89€/Unidade","0,89€",https://cdn.intermarche.pt/pt/Content/images/boitmal/produit/zoom/64FE5C9121D3C6A78F70269A0E9E17DE.jpg,,/product/esfregao-aco-inox-4-unidades/5604260324774
51722,"Luvas Descartáveis Latex Tamahno S, 10 unidades",5604260304448,11793,10090,,PorSi,,"0,79€/Unidade","0,79€",https://cdn.intermarche.pt/pt/Content/images/boitmal/produit/zoom/5465C0B34F05252C7B9F369AA9A3B1BA.jpg,,/product/luvas-descartaveis-latex-tamahno-s-10-unidades/5604260304448
52159,"Esponja Cozinha Fibra Verde, 3 unidades",5604260327645,11793,10090,,PorSi,,"0,59€/Unidade","0,59€",https://cdn.intermarche.pt/pt/Content/images/boitmal/produit/zoom/52E56B25250413CB3991711D18A8598E.jpg,,/product/esponja-cozinha-fibra-verde-3-unidades/5604260327645
19084,Luvas Comfort Extra S/M,4023103083707,11793,10090,1 unidade,Vileda,,"2,99€/Unidade","2,99€",https://cdn.intermarche.pt/pt/Content/images/boitmal/produit/zoom/28C553D55E3B6000DD922FDF35A67B76.jpg,,/product/luvas-comfort-extra-s-ou-m/4023103083707
46851,"Luvas multiusos relevo antiderrapante, tamanho grande",5604260304493,11793,10090,,PorSi,,"0,69€/Unidade","0,69€",https://cdn.intermarche.pt/pt/Content/images/boitmal/produit/zoom/C0C5079E46BC6F670069E324743F6B12.jpg,,/product/luvas-multiusos-relevo-antiderrapante-tamanho-grande/5604260304493
52849,Mopa Flip Mop de Microfibras,4023103241367,11794,10090,,Vileda,,"15,99€/Unidade","15,99€",https://cdn.intermarche.pt/pt/Content/images/boitmal/produit/zoom/3DD34D8DAB9E9A02C2A4D6FC25DDBC6E.jpg,2024-09-25T22:59:59.999Z,/product/mopa-flip-mop-de-microfibras/4023103241367
46272,Recarga mopa flip microfibras,4023103216273,11794,10090,,Vileda,,"7,59€/Unidade","7,59€",https://cdn.intermarche.pt/pt/Content/images/boitmal/produit/zoom/D07C71987857C3BD0D6450757EB96B3B.jpg,2024-09-25T22:59:59.999Z,/product/recarga-mopa-flip-microfibras/4023103216273
53553,"Recarga Espanador, 10 unidades",8001841935027,11794,10090,,Swiffer,,"5,99€/Unidade","5,99€",https://cdn.intermarche.pt/pt/Content/images/boitmal/produit/zoom/49BB4817AF75915F1F43861C1563DAE7.jpg,2024-09-25T22:59:59.999Z,/product/recarga-espanador-10-unidades/8001841935027
37754,Recarga Esfregona de Microfibras,5604260285143,11794,10090,1 unidade,PorSi,,"1,59€/Unidade","1,59€",https://cdn.intermarche.pt/pt/Content/images/boitmal/produit/zoom/6DA5E95239CFF977026C08967687E7CA.jpg,,/product/recarga-esfregona-de-microfibras/5604260285143
19454,Recarga Esfregona de Algodão,5604260275885,11794,10090,1 unidade,PorSi,,"0,99€/Unidade","0,99€",https://cdn.intermarche.pt/pt/Content/images/boitmal/produit/zoom/D144575F9E421AACF96249BBCE7EBDEB.jpg,,/product/recarga-esfregona-de-algodao/5604260275885
45048,Recarga mopa,5604260313075,11794,10090,,PorSi,,"1,39€/Unidade","1,39€",https://cdn.intermarche.pt/pt/Content/images/boitmal/produit/zoom/60B69CD3F957EEC1B69038EE0083467F.jpg,,/product/recarga-mopa/5604260313075
6422,Recarga para Esfregona Super,8410435011007,11794,10090,,Vileda,,"2,99€/Unidade","2,99€",https://cdn.intermarche.pt/pt/Content/images/boitmal/produit/zoom/BB5EE232B6CCC0C969215AA6721362E2.jpg,,/product/recarga-para-esfregona-super/8410435011007
37753,"Esfregona de Microfibras Completa, 1 unidade",5604260285136,11794,10090,,PorSi,,"3,99€/Unidade","3,99€",https://cdn.intermarche.pt/pt/Content/images/boitmal/produit/zoom/1422143F90600A38A51C6C2F6C031F27.jpg,,/product/esfregona-de-microfibras-completa-1-unidade/5604260285136
7877,Recarga para balde com pedal,4023103156487,11794,10090,,Vileda,,"7,49€/Unidade","7,49€",https://cdn.intermarche.pt/pt/Content/images/boitmal/produit/zoom/DECE5E224C2A61E0D04739CE87656442.jpg,,/product/recarga-para-balde-com-pedal/4023103156487
27766,Recarga Esfregona Premium 2 em 1,4023103203761,11794,10090,,Vileda,,"4,65€/Unidade","4,65€",https://cdn.intermarche.pt/pt/Content/images/boitmal/produit/zoom/BED3FA9FC72402E7159F75D98B773818.jpg,,/product/recarga-esfregona-premium-2-em-1/4023103203761
43441,Mopa com cabo,5604260295821,11794,10090,,PorSi,,"9,99€/Unidade","9,99€",https://cdn.intermarche.pt/pt/Content/images/boitmal/produit/zoom/135C61D79D3C31DFFBFE0ED81D61A647.jpg,,/product/mopa-com-cabo/5604260295821
27764,Recarga para balde com pedal 2 em 1,4023103195189,11794,10090,,Vileda,,"8,99€/Unidade","8,99€",https://cdn.intermarche.pt/pt/Content/images/boitmal/produit/zoom/10C5868F9681C1377B4C95C6003E40C3.jpg,,/product/recarga-para-balde-com-pedal-2-em-1/4023103195189
3343,Esfregona tiras completa,5604260057023,11794,10090,1 unidade,PorSi,,"1,99€/Unidade","1,99€",https://cdn.intermarche.pt/pt/Content/images/boitmal/produit/zoom/185349C1FF399CAAFF5EE264CCEE9B5B.jpg,,/product/esfregona-tiras-completa/5604260057023
3419,Recarga de Esfregona Suave,8410435011076,11794,10090,,Vileda,,"2,99€/Unidade","2,99€",https://cdn.intermarche.pt/pt/Content/images/boitmal/produit/zoom/3086AB29DAC3693AC8A22785CF3D72E1.jpg,,/product/recarga-de-esfregona-suave/8410435011076
43851,Recarga mopa,5604260295838,11794,10090,1 unidade,PorSi,,"3,79€/Unidade","3,79€",https://cdn.intermarche.pt/pt/Content/images/boitmal/produit/zoom/12965B32496D749D6A6D7E512A8EB739.jpg,,/product/recarga-mopa/5604260295838
45018,"Recarga para mopa ultramax, 1 unidade",4023103201262,11794,10090,,Vileda,,"8,99€/Unidade","8,99€",https://cdn.intermarche.pt/pt/Content/images/boitmal/produit/zoom/07F44CF322FE60EE062B5B93C36CB893.jpg,,/product/recarga-para-mopa-ultramax-1-unidade/4023103201262
46141,mopa para casa de banho,4023103110359,11794,10090,,Vileda,,"17,99€/Unidade","17,99€",https://cdn.intermarche.pt/pt/Content/images/boitmal/produit/zoom/8B1292844C4FCD45AAAE5E6ED516C4A1.jpg,,/product/mopa-para-casa-de-banho/4023103110359
41113,Mopa 1.2 spray max,4023103199200,11794,10090,,Vileda,,"29,99€/Unidade","29,99€",https://cdn.intermarche.pt/pt/Content/images/boitmal/produit/zoom/97211BD7C41ECB21756623C17F8524A8.jpg,,/product/mopa-1.2-spray-max/4023103199200
43554,Recarga mopa 1.2 spray max,4023103199217,11794,10090,,Vileda,,"8,49€/Unidade","8,49€",https://cdn.intermarche.pt/pt/Content/images/boitmal/produit/zoom/EA8326FCA6CE0536134C35FF65E2EA33.jpg,,/product/recarga-mopa-1.2-spray-max/4023103199217
4608,Mopa attractive plus completa,4023103080560,11794,10090,Embalagem de 1 unidades,Vileda,,"16,99€/Unidade","16,99€",https://cdn.intermarche.pt/pt/Content/images/boitmal/produit/zoom/2EF8C70164793CBF3C8B4D5AC29E4542.jpg,,/product/mopa-attractive-plus-completa/4023103080560
46144,recarga mopa casa de banho,4023103110380,11794,10090,,Vileda,,"6,99€/Unidade","6,99€",https://cdn.intermarche.pt/pt/Content/images/boitmal/produit/zoom/AC8C61762C63307D9B58ADBBF323472A.jpg,,/product/recarga-mopa-casa-de-banho/4023103110380
7875,"Mopa ultramax, 1 unidade",4023103143890,11794,10090,,Vileda,,"39,99€/Unidade","39,99€",https://cdn.intermarche.pt/pt/Content/images/boitmal/produit/zoom/BD728529AEB403650D2EEDD6404099CE.jpg,,/product/mopa-ultramax-1-unidade/4023103143890
27562,Pá do Lixo C/ Cabo,5604260282753,11795,10090,1 un.,PorSi,,"1,59€/Unidade","1,59€",https://cdn.intermarche.pt/pt/Content/images/boitmal/produit/zoom/DC12F49B97C2625E7B422E317B96389D.jpg,,/product/pa-do-lixo-c-ou-cabo/5604260282753
3297,Vassoura Especial Lisa,5604260031849,11795,10090,unidade,PorSi,,"2,39€/Unidade","2,39€",https://cdn.intermarche.pt/pt/Content/images/boitmal/produit/zoom/1C86684BD0BD26D808470FBFF57B2864.jpg,,/product/vassoura-especial-lisa/5604260031849
3316,Vassoura Simples Pluma,5604260031832,11795,10090,unidade,PorSi,,"2,69€/Unidade","2,69€",https://cdn.intermarche.pt/pt/Content/images/boitmal/produit/zoom/5C8BA76EA969196D23E58D039D77A327.jpg,,/product/vassoura-simples-pluma/5604260031832
40629,Cabo de metal com rosca,5604260295791,11795,10090,1.20 m,PorSi,,"1,29€/Unidade","1,29€",https://cdn.intermarche.pt/pt/Content/images/boitmal/produit/zoom/F959E346CC6F20BB146CEAFE70A7214C.jpg,,/product/cabo-de-metal-com-rosca/5604260295791
40541,Pá + espanador,5604260285150,11795,10090,1 conjunto,PorSi,,"2,49€/Unidade","2,49€",https://cdn.intermarche.pt/pt/Content/images/boitmal/produit/zoom/B4EA960081BB4953291D49FC84BAF2AF.jpg,,/product/pa-+-espanador/5604260285150
40542,Pá económica,5604260285174,11795,10090,1 unidade,PorSi,,"0,69€/Unidade","0,69€",https://cdn.intermarche.pt/pt/Content/images/boitmal/produit/zoom/A23094B23D32C70916E3643F2E9290A5.jpg,,/product/pa-economica/5604260285174
40630,Cabo de metal com rosca,5604260295807,11795,10090,1.35 m,PorSi,,"2,39€/Unidade","2,39€",https://cdn.intermarche.pt/pt/Content/images/boitmal/produit/zoom/E270A39369C7257FDC74E770EBA22A3F.jpg,,/product/cabo-de-metal-com-rosca/5604260295807
40631,Cabo de madeira com rosca,5604260295814,11795,10090,1.20 m,PorSi,,"1,49€/Unidade","1,49€",https://cdn.intermarche.pt/pt/Content/images/boitmal/produit/zoom/09514EAE6763C8CE19499C6C3FCBAC49.jpg,,/product/cabo-de-madeira-com-rosca/5604260295814
5786,Vassoura Especial Combate,5604260031856,11795,10090,unidade,PorSi,,"2,49€/Unidade","2,49€",https://cdn.intermarche.pt/pt/Content/images/boitmal/produit/zoom/0A924CEA514B88AEBBE1B8C25A08467B.jpg,,/product/vassoura-especial-combate/5604260031856
3317,Vassoura cruzeta,5604260031863,11795,10090,1 unidade,PorSi,,"3,29€/Unidade","3,29€",https://cdn.intermarche.pt/pt/Content/images/boitmal/produit/zoom/6EF1CA542BF0BCE679768AF5EBF5EADB.jpg,,/product/vassoura-cruzeta/5604260031863
3319,Escova para lavar,5604260031887,11795,10090,1 unidade,PorSi,,"0,89€/Unidade","0,89€",https://cdn.intermarche.pt/pt/Content/images/boitmal/produit/zoom/ADABF0FDAEAFE97D607CE5ED39AD2BDB.jpg,,/product/escova-para-lavar/5604260031887
37949,"Vassoura pequena, unidade",5604260285211,11795,10090,,PorSi,,"0,99€/Unidade","0,99€",https://cdn.intermarche.pt/pt/Content/images/boitmal/produit/zoom/481609F4D70D2D752FFE8B6157086DF6.jpg,,/product/vassoura-pequena-unidade/5604260285211
32438,"Balde de Limpeza com Espremedor, unidade",5604260282722,11796,10090,,PorSi,,"2,49€/Unidade","2,49€",https://cdn.intermarche.pt/pt/Content/images/boitmal/produit/zoom/F3BEECC3CE1580028E07C9CA9086AF6A.jpg,,/product/balde-de-limpeza-com-espremedor-unidade/5604260282722
40543,Espremedor,5604260282746,11796,10090,1 unidade,PorSi,,"0,99€/Unidade","0,99€",https://cdn.intermarche.pt/pt/Content/images/boitmal/produit/zoom/063C87E2CA74419E0B787CBAA8BCCA20.jpg,,/product/espremedor/5604260282746
16087,"Balde com espremedor, 1 unidade",5601873131607,11796,10090,,Vileda,,"11,99€/Unidade","11,99€",https://cdn.intermarche.pt/pt/Content/images/boitmal/produit/zoom/B279347FDC746D88D3C8731945A4113C.jpg,,/product/balde-com-espremedor-1-unidade/5601873131607
16655,"Balde Limpeza Super Fácil Cinza + Espremedor, 1 unidade",4023103131675,11796,10090,,Vileda,,"11,99€/Unidade","11,99€",https://cdn.intermarche.pt/pt/Content/images/boitmal/produit/zoom/50C8351B0660D7F557BD8D86DA1CEEF1.jpg,,/product/balde-limpeza-super-facil-cinza-+-espremedor-1-unidade/4023103131675
41027,Balde ecologic,8410435220782,11796,10090,1 unidade,Vileda,,"34,99€/Unidade","34,99€",https://cdn.intermarche.pt/pt/Content/images/boitmal/produit/zoom/373E479833646908806B414AF12F13FB.jpg,,/product/balde-ecologic/8410435220782
43728,Balde com pedal branco,5604260311194,11796,10090,Capacidade: 7 litros,PorSi,,"5,99€/Unidade","5,99€",https://cdn.intermarche.pt/pt/Content/images/boitmal/produit/zoom/C76F38979E796359DF9B4823EA80D38D.jpg,,/product/balde-com-pedal-branco/5604260311194
43729,Balde com pedal metalizado 26l,5604260311200,11796,10090,Embalagem de 1 unidades,PorSi,,"19,99€/Unidade","19,99€",https://cdn.intermarche.pt/pt/Content/images/boitmal/produit/zoom/D2A0B773843BA017933DA761216321C6.jpg,,/product/balde-com-pedal-metalizado-26l/5604260311200
43730,Balde com pedal eco branco,5604260311217,11796,10090,Capacidade: 52 litros,PorSi,,"24,99€/Unidade","24,99€",https://cdn.intermarche.pt/pt/Content/images/boitmal/produit/zoom/6F5FB4BB52E8A53997C108DE9CA173AF.jpg,,/product/balde-com-pedal-eco-branco/5604260311217
48837,Conjunto de 3 ecopontos,5601677100649,11796,10090,Cap.: 25 litros,Petex,,"20,99€/Unidade","20,99€",https://cdn.intermarche.pt/pt/Content/images/boitmal/produit/zoom/AFA8369405EB4CC3BF6352C99F4A2779.jpg,,/product/conjunto-de-3-ecopontos/5601677100649
40654,"Sacos do lixo 50 litros com fecho fácil, 10 unidades",5604260295708,11797,10090,,PorSi,,"1,15€/Unidade","1,15€",https://cdn.intermarche.pt/pt/Content/images/boitmal/produit/zoom/26D085B0AD6F18827C0DB222DE504A7D.jpg,,/product/sacos-do-lixo-50-litros-com-fecho-facil-10-unidades/5604260295708
40491,"Sacos do lixo lavanda 30 litros, 20 sacos",5604260295753,11797,10090,,PorSi,,"1,29€/Unidade","1,29€",https://cdn.intermarche.pt/pt/Content/images/boitmal/produit/zoom/DFBB530640691593E7F39F828433DED1.jpg,,/product/sacos-do-lixo-lavanda-30-litros-20-sacos/5604260295753
40493,"Sacos do lixo wc 5L, 30 sacos",5604260296125,11797,10090,,PorSi,,"0,99€/Unidade","0,99€",https://cdn.intermarche.pt/pt/Content/images/boitmal/produit/zoom/FFAD77636B7B6D2F71C11F0D84CFB777.jpg,,/product/sacos-do-lixo-wc-5l-30-sacos/5604260296125
48902,"Sacos lixo com alças 25 litros, 30 unidades",5604260321711,11797,10090,,PorSi,,"1,39€/Unidade","1,39€",https://cdn.intermarche.pt/pt/Content/images/boitmal/produit/zoom/6C04ED431C3A8F78CFF86A886E6ABB22.jpg,,/product/sacos-lixo-com-alcas-25-litros-30-unidades/5604260321711
40498,"Sacos do lixo com atilho 100 litros, 15 sacos",5604260296101,11797,10090,,PorSi,,"1,99€/Unidade","1,99€",https://cdn.intermarche.pt/pt/Content/images/boitmal/produit/zoom/0DB6A8C4A11996260CA370B6D96AADD5.jpg,,/product/sacos-do-lixo-com-atilho-100-litros-15-sacos/5604260296101
48367,"Sacos lixo eco 100 litros, 10 unidades",5604260321759,11797,10090,,PorSi,,"1,29€/Unidade","1,29€",https://cdn.intermarche.pt/pt/Content/images/boitmal/produit/zoom/167DAF55EEBF978B80C0BE4E0F167E66.jpg,,/product/sacos-lixo-eco-100-litros-10-unidades/5604260321759
48368,"Sacos lixo eco com atilho 30 litros, 20 unidades",5604260321735,11797,10090,,PorSi,,"0,99€/Unidade","0,99€",https://cdn.intermarche.pt/pt/Content/images/boitmal/produit/zoom/93B0A1DCEAD812919A773F1ED85D9E07.jpg,,/product/sacos-lixo-eco-com-atilho-30-litros-20-unidades/5604260321735
48369,"Sacos lixo eco com atilho 50 litros, 15 unidades",5604260321773,11797,10090,,PorSi,,"1,49€/Unidade","1,49€",https://cdn.intermarche.pt/pt/Content/images/boitmal/produit/zoom/40ADFD09135D88B513736C912E6C9518.jpg,,/product/sacos-lixo-eco-com-atilho-50-litros-15-unidades/5604260321773
40848,Sacos para lixo ultra resistentes 50 litros,5604260296118,11797,10090,15 unidades,PorSi,,"1,79€/Unidade","1,79€",https://cdn.intermarche.pt/pt/Content/images/boitmal/produit/zoom/53339BC26922912810A74230DB210BFC.jpg,,/product/sacos-para-lixo-ultra-resistentes-50-litros/5604260296118
40495,Sacos do lixo com atilho 20 litros,5604260296071,11797,10090,50 sacos,PorSi,,"1,99€/Unidade","1,99€",https://cdn.intermarche.pt/pt/Content/images/boitmal/produit/zoom/09451DAED034B47C1C9D6F554E340140.jpg,,/product/sacos-do-lixo-com-atilho-20-litros/5604260296071
40494,"Sacos do lixo jardim 130 litros, 10 sacos",5604260296132,11797,10090,,PorSi,,"3,29€/Unidade","3,29€",https://cdn.intermarche.pt/pt/Content/images/boitmal/produit/zoom/B4C6F3A74837E5BA52247294641B245E.jpg,,/product/sacos-do-lixo-jardim-130-litros-10-sacos/5604260296132
48366,"Sacos lixo eco ff 50 litros, 15 unidades",5604260321742,11797,10090,,PorSi,,"1,69€/Unidade","1,69€",https://cdn.intermarche.pt/pt/Content/images/boitmal/produit/zoom/1F494814202A3812C92CA90CECA49B39.jpg,,/product/sacos-lixo-eco-ff-50-litros-15-unidades/5604260321742
48365,"Sacos lixo eco ff 30 litros, 20 unidades",5604260321728,11797,10090,,PorSi,,"1,00€/Unidade","1,00€",https://cdn.intermarche.pt/pt/Content/images/boitmal/produit/zoom/6BE959268C91084DA1079343F6855C50.jpg,,/product/sacos-lixo-eco-ff-30-litros-20-unidades/5604260321728
48904,Sacos lixo aroma a limão 30 litros,5604260321766,11797,10090,,PorSi,,"1,19€/Unidade","1,19€",https://cdn.intermarche.pt/pt/Content/images/boitmal/produit/zoom/4A5DCB5CD35E5E7618112FA2F98EF871.jpg,,/product/sacos-lixo-aroma-a-limao-30-litros/5604260321766
27459,"Saco lixo super+ 30 litros, 15 unidades",8410435051003,11797,10090,,Vileda,,"1,89€/Unidade","1,89€",https://cdn.intermarche.pt/pt/Content/images/boitmal/produit/zoom/B3FABFB74852738C1421BD88DF2D81E2.jpg,,/product/saco-lixo-super+-30-litros-15-unidades/8410435051003
48903,Sacos lixo aroma a limão 50 litros,5604260321704,11797,10090,,PorSi,,"1,99€/Unidade","1,99€",https://cdn.intermarche.pt/pt/Content/images/boitmal/produit/zoom/BCCB2C70047AB958E61361EA0600AFE0.jpg,,/product/sacos-lixo-aroma-a-limao-50-litros/5604260321704
3169,"Saco lixo super+ 50 litros, 10 unidades",4023103168237,11797,10090,,Vileda,,"2,99€/Unidade","2,99€",https://cdn.intermarche.pt/pt/Content/images/boitmal/produit/zoom/A229CA1C3A4003E36BE275B218E825E5.jpg,,/product/saco-lixo-super+-50-litros-10-unidades/4023103168237
37980,"Sacos do lixo perfumado 30 litros, 15 unidades",5604260295777,11797,10090,,PorSi,,"1,15€/Unidade","1,15€",https://cdn.intermarche.pt/pt/Content/images/boitmal/produit/zoom/70DF89F00DE3074199CA1331C9F9D1D3.jpg,,/product/sacos-do-lixo-perfumado-30-litros-15-unidades/5604260295777
40499,Sacos do lixo para reciclagem 30 litros,5604260295722,11797,10090,3 rolos de 12 sacos,PorSi,,"2,19€/Unidade","2,19€",https://cdn.intermarche.pt/pt/Content/images/boitmal/produit/zoom/4466534FE2AEF54BED976173CB916086.jpg,,/product/sacos-do-lixo-para-reciclagem-30-litros/5604260295722
17969,Recarga ambientador elétrico delícias de verão,8410104156695,10563,10082,Embalagem de 1 unidades,Air Wick,,"3,59€/Unidade","3,59€",https://cdn.intermarche.pt/pt/Content/images/boitmal/produit/zoom/89EB6F6E8C7C8305CF7EAE80C39CA640.jpg,2024-09-25T22:59:59.999Z,/product/recarga-ambientador-eletrico-delicias-de-verao/8410104156695
17972,Recarga ambientador elétrico rosa bouquet,8410104017231,10563,10082,Embalagem de 1 unidades,Air Wick,,"3,59€/Unidade","3,59€",https://cdn.intermarche.pt/pt/Content/images/boitmal/produit/zoom/D8B202FFB9AFF7E2813DF45204F83EEC.jpg,2024-09-25T22:59:59.999Z,/product/recarga-ambientador-eletrico-rosa-bouquet/8410104017231
29967,Recarga Ambientador Automático Essential Mist Lavanda,8410104888169,10563,10082,1 un.,Air Wick,,"4,99€/Unidade","4,99€",https://cdn.intermarche.pt/pt/Content/images/boitmal/produit/zoom/C458B3BC0204195F7DC4EF7AA5C153A8.jpg,2024-09-25T22:59:59.999Z,/product/recarga-ambientador-automatico-essential-mist-lavanda/8410104888169
3642,Ambientador recarga lavanda,3059943009080,10563,10082,Garrafa de 250 ml,Air Wick,,"14,36€/L","3,59€",https://cdn.intermarche.pt/pt/Content/images/boitmal/produit/zoom/756F620C8BCD41CE49D260CCD66BCDF2.jpg,2024-09-25T22:59:59.999Z,/product/ambientador-recarga-lavanda/3059943009080
16532,Ambientador recarga delícias de verão,8410104156640,10563,10082,Garrafa de 250 ml,Air Wick,,"14,36€/L","3,59€",https://cdn.intermarche.pt/pt/Content/images/boitmal/produit/zoom/1A24418B2FA3D8BC0FEDAE10D82B4634.jpg,2024-09-25T22:59:59.999Z,/product/ambientador-recarga-delicias-de-verao/8410104156640
33228,"Ambientador Elétrico Delícias De Verão, 1un.",8410104392871,10563,10082,1 un.,Air Wick,,"4,75€/Unidade","4,75€",https://cdn.intermarche.pt/pt/Content/images/boitmal/produit/zoom/557FB5D994B47029B5886FF9BEB321AD.jpg,2024-09-25T22:59:59.999Z,/product/ambientador-eletrico-delicias-de-verao-1un./8410104392871
38234,Ambientador Difusão Automático Essential Mist Lavanda,8410104894290,10563,10082,1 un.,Air Wick,,"11,99€/Unidade","11,99€",https://cdn.intermarche.pt/pt/Content/images/boitmal/produit/zoom/EAD77DE1A7473AD6BE9F1BBC6B3A3BD0.jpg,2024-09-25T22:59:59.999Z,/product/ambientador-difusao-automatico-essential-mist-lavanda/8410104894290
49362,Recarga ambientador elétrico vanilla,8410104898342,10563,10082,19 ml,Air Wick,,"3,59€/Unidade","3,59€",https://cdn.intermarche.pt/pt/Content/images/boitmal/produit/zoom/0F0B6D0F4126AEFF3559AE3FDD3F3535.jpg,2024-09-25T22:59:59.999Z,/product/recarga-ambientador-eletrico-vanilla/8410104898342
51386,Ambientador Difusor Active Fresh Brisa Marítima,8410104913823,10563,10082,Embalagem de 1 unidades,Air Wick,,"7,99€/Unidade","7,99€",https://cdn.intermarche.pt/pt/Content/images/boitmal/produit/zoom/E83640673AE92AF0F3495ED946C9D5D3.jpg,2024-09-25T22:59:59.999Z,/product/ambientador-difusor-active-fresh-brisa-maritima/8410104913823
51387,Ambientador Recarga Active Fresh Lavanda e Lírio,8410104913779,10563,10082,Garrafa de 224 ml,Air Wick,,"26,74€/L","5,99€",https://cdn.intermarche.pt/pt/Content/images/boitmal/produit/zoom/CA25600DB2B818361562D1A180F1DDD4.jpg,2024-09-25T22:59:59.999Z,/product/ambientador-recarga-active-fresh-lavanda-e-lirio/8410104913779
54232,"Ambientador Automático Delicias de Verão, 250ml",5601217137449,10563,10082,,Air Wick,,"28,76€/L","7,19€",https://cdn.intermarche.pt/pt/Content/images/boitmal/produit/zoom/CAB5A47BCE1E682E6713391C4A4034A2.jpg,2024-09-25T22:59:59.999Z,/product/ambientador-automatico-delicias-de-verao-250ml/5601217137449
54233,"Ambientador Active Fresh Recarga Jazmim, 224ml",8410104913786,10563,10082,,Air Wick,,"26,74€/L","5,99€",https://cdn.intermarche.pt/pt/Content/images/boitmal/produit/zoom/F416A942027B2E7E71A89C274E0861FB.jpg,2024-09-25T22:59:59.999Z,/product/ambientador-active-fresh-recarga-jazmim-224ml/8410104913786
54236,"Ambientador Active Fresh Comp Lavanda e Liro, 228ml",5601217138699,10563,10082,,Air Wick,,"35,04€/L","7,99€",https://cdn.intermarche.pt/pt/Content/images/boitmal/produit/zoom/EEFB902197906676F07A8A981CE39FF9.jpg,2024-09-25T22:59:59.999Z,/product/ambientador-active-fresh-comp-lavanda-e-liro-228ml/5601217138699
8762,Ambientador elétrico lavanda,5601217121363,10563,10082,Embalagem de 1 unidades,Air Wick,,"4,75€/Unidade","4,75€",https://cdn.intermarche.pt/pt/Content/images/boitmal/produit/zoom/3CE81B14DBB81C823308BF294F557164.jpg,2024-09-25T22:59:59.999Z,/product/ambientador-eletrico-lavanda/5601217121363
7965,"Recarga ambientador automático, sense & spray, lavanda/jasmim",5000204595369,10563,10082,,Glade,,"5,99€/Unidade","5,99€",https://cdn.intermarche.pt/pt/Content/images/boitmal/produit/zoom/79F31608A8C9C832B0C2783B71CE42B1.jpg,,/product/recarga-ambientador-automatico-sense-&-spray-lavanda-ou-jasmim/5000204595369
16682,"Recarga ambientador eléctrico, alfazema",5604260279111,10563,10082,Embalagem de 25 ml,PorSi,,"1,99€/Unidade","1,99€",https://cdn.intermarche.pt/pt/Content/images/boitmal/produit/zoom/081D94585DEDE96B18245AF7DD447AEA.jpg,,/product/recarga-ambientador-electrico-alfazema/5604260279111
47938,Recarga ambientador automático baunilha/magnólia,5604260321681,10563,10082,Embalagem de 250 ml,PorSi,,"7,56€/L","1,89€",https://cdn.intermarche.pt/pt/Content/images/boitmal/produit/zoom/8DBD430DC40C41758289C8CDB8345CCF.jpg,,/product/recarga-ambientador-automatico-baunilha-ou-magnolia/5604260321681
19495,Recarga Ambientador Automático Sparkling Citrus,5604260321674,10563,10082,Embalagem de 250 ml,PorSi,,"7,56€/L","1,89€",https://cdn.intermarche.pt/pt/Content/images/boitmal/produit/zoom/3C985CCB27D420753473D7C1D305E446.jpg,,/product/recarga-ambientador-automatico-sparkling-citrus/5604260321674
45047,Recarga ambientador auto lavanda,5604260313129,10563,10082,250 ml,PorSi,,"7,96€/L","1,99€",https://cdn.intermarche.pt/pt/Content/images/boitmal/produit/zoom/567BB41ED3E47964A40580556F8D3273.jpg,,/product/recarga-ambientador-auto-lavanda/5604260313129
4756,"Recarga ambientador automático, lavanda, 269 ml",5000204731866,10563,10082,,Glade,,"21,90€/L","5,89€",https://cdn.intermarche.pt/pt/Content/images/boitmal/produit/zoom/1B6B89B31B03A0E687AAABB0F439299D.jpg,,/product/recarga-ambientador-automatico-lavanda-269-ml/5000204731866
16679,Ambientador elétrico + recarga alfazema,5604260279104,10563,10082,1 unidade,PorSi,,"3,49€/Unidade","3,49€",https://cdn.intermarche.pt/pt/Content/images/boitmal/produit/zoom/7F80717B9A30D049CC37C4357EA165DC.jpg,,/product/ambientador-eletrico-+-recarga-alfazema/5604260279104
48348,Recarga ambientador elétrico frutos do bosque,5604260320387,10563,10082,Garrafa de 25 ml,PorSi,,"79,60€/L","1,99€",https://cdn.intermarche.pt/pt/Content/images/boitmal/produit/zoom/AB8DCDF47248590AA05504EE0049400A.jpg,,/product/recarga-ambientador-eletrico-frutos-do-bosque/5604260320387
52276,Ambientador mini spray lavanda,5604260321896,10563,10082,Difusor e 3 recargas,PorSi,,"3,79€/Unidade","3,79€",https://cdn.intermarche.pt/pt/Content/images/boitmal/produit/zoom/B6D2DABD44B019518DA639D5880069A9.jpg,,/product/ambientador-mini-spray-lavanda/5604260321896
49061,Ambientador relaxing zen,5000204073492,10563,10082,269 ml,Glade,,"44,57€/L","11,99€",https://cdn.intermarche.pt/pt/Content/images/boitmal/produit/zoom/9540FDB4C3368E0863D74A6155283932.jpg,,/product/ambientador-relaxing-zen/5000204073492
52277,Ambientador mini spray marinho,5604260321889,10563,10082,Difusor e 3 recargas,PorSi,,"3,79€/Unidade","3,79€",https://cdn.intermarche.pt/pt/Content/images/boitmal/produit/zoom/21004FC86C4D767476399E5DE6EF89A1.jpg,,/product/ambientador-mini-spray-marinho/5604260321889
23528,"Ambientador automático, fresh matic, oasis turquesa",8410104882891,10563,10082,Embalagem de 1 unidades,Air Wick,,"7,19€/Unidade","7,19€",https://cdn.intermarche.pt/pt/Content/images/boitmal/produit/zoom/E75270392CD1D559E10FD719A6989D22.jpg,,/product/ambientador-automatico-fresh-matic-oasis-turquesa/8410104882891
3246,Minifresh-ambientador multiusos,5601296183214,10563,10082,1 unidade,Abelhinha,,"1,99€/Unidade","1,99€",https://cdn.intermarche.pt/pt/Content/images/boitmal/produit/zoom/ED142B9C0A87AEF084339B7F34497434.jpg,,/product/minifresh-ambientador-multiusos/5601296183214
33597,Desumidificador e Ambientador Mini,8412857000058,10563,10082,embalagem de 75g,Humydry,,"62,53€/Kg","4,69€",https://cdn.intermarche.pt/pt/Content/images/boitmal/produit/zoom/8B06E6D5078EF44AAEE2107A50531062.jpg,,/product/desumidificador-e-ambientador-mini/8412857000058
35413,Ambientador sense e spray lavanda e jasmim,5000204075144,10563,10082,18 ml,Glade,,"499,44€/L","8,99€",https://cdn.intermarche.pt/pt/Content/images/boitmal/produit/zoom/03FA7C81C83C6A707EC27FCCB6358A38.jpg,,/product/ambientador-sense-e-spray-lavanda-e-jasmim/5000204075144
36241,Ambientador eléctrico Relaxing Zen + recarga,5000204117677,10563,10082,1 unidade,Glade,,"7,99€/Unidade","7,99€",https://cdn.intermarche.pt/pt/Content/images/boitmal/produit/zoom/7CE153FFF29E81DB96D12603976BAE32.jpg,,/product/ambientador-electrico-relaxing-zen-+-recarga/5000204117677
36242,Ambientador elétrico pure clean linen + recarga,5000204117585,10563,10082,1 unidade,Glade,,"7,99€/Unidade","7,99€",https://cdn.intermarche.pt/pt/Content/images/boitmal/produit/zoom/6D57C2EED18A9B390BC2EDE1255ADE8C.jpg,,/product/ambientador-eletrico-pure-clean-linen-+-recarga/5000204117585
3640,Ambientador recarga bouquet,3059943009042,10563,10082,Garrafa de 250 ml,Air Wick,,"14,36€/L","3,59€",https://cdn.intermarche.pt/pt/Content/images/boitmal/produit/zoom/1F52E1C350BB4DF2021673FA1E13CEA6.jpg,,/product/ambientador-recarga-bouquet/3059943009042
46844,Ambientador automático lavanda,5604260321025,10563,10082,250 ml,PorSi,,"27,96€/L","6,99€",https://cdn.intermarche.pt/pt/Content/images/boitmal/produit/zoom/1B4C20A5561354668C864734D2AE0512.jpg,,/product/ambientador-automatico-lavanda/5604260321025
4753,"Recarga ambientador automático, bali, 269 ml",5000204731422,10563,10082,,Glade,,"22,27€/L","5,99€",https://cdn.intermarche.pt/pt/Content/images/boitmal/produit/zoom/A399EAC5FAE4DAFBA09AEAF50498F9B6.jpg,,/product/recarga-ambientador-automatico-bali-269-ml/5000204731422
49063,Ambientador Touch & Fresh Lavanda,5000204076202,10563,10082,10 ml,Glade,,"4,99€/Unidade","4,99€",https://cdn.intermarche.pt/pt/Content/images/boitmal/produit/zoom/CABA9459962DCA8AB8222A12B2E4DDF0.jpg,,/product/ambientador-touch-&-fresh-lavanda/5000204076202
51388,Ambientador Recarga Active Fresh Brisa Marítima,8410104913809,10563,10082,Garrafa de 224 ml,Air Wick,,"26,74€/L","5,99€",https://cdn.intermarche.pt/pt/Content/images/boitmal/produit/zoom/8B9F3CBB3B33EB74074E45EC69CFC268.jpg,,/product/ambientador-recarga-active-fresh-brisa-maritima/8410104913809
51770,Ambientador Eléctrico Recarga,8410104882716,10563,10082,Pack 2 x 19 ml,Air Wick,,"5,19€/Unidade","5,19€",https://cdn.intermarche.pt/pt/Content/images/boitmal/produit/zoom/5FBCFBB1C9F842A401BF4A27A693FC2C.jpg,,/product/ambientador-electrico-recarga/8410104882716
51776,Ambientador Recarga Touch & Fresh Lavanda,5000204288360,10563,10082,Embalagem de 10 ml,Glade,,"399,00€/L","3,99€",https://cdn.intermarche.pt/pt/Content/images/boitmal/produit/zoom/D734202559D9B082BC86E370B1C9A8AD.jpg,,/product/ambientador-recarga-touch-&-fresh-lavanda/5000204288360
52278,Recargas mini spray marinho,5604260329106,10563,10082,3 recargas,PorSi,,"3,49€/Unidade","3,49€",https://cdn.intermarche.pt/pt/Content/images/boitmal/produit/zoom/878CADC44479FC2AA3ABC5721A496081.jpg,,/product/recargas-mini-spray-marinho/5604260329106
52279,Recargas mini spray lavanda,5604260329090,10563,10082,3 recargas,PorSi,,"3,49€/Unidade","3,49€",https://cdn.intermarche.pt/pt/Content/images/boitmal/produit/zoom/B235A90A404112ED96A905BEB1356931.jpg,,/product/recargas-mini-spray-lavanda/5604260329090
