Product ID,Title,EAN,Family ID,Department ID,Packaging,Brand,Category,Price,Price Per Unit,Image URL,Promo End,Product URL
38206,Palhinhas de papel,5604260296439,10622,10092,25 unidades,PorSi,,"1,49€/Unidade","1,49€",https://cdn.intermarche.pt/pt/Content/images/boitmal/produit/zoom/4D886C5EA2F7E07EA847B5DAACFCBAB8.jpg,,/product/palhinhas-de-papel/5604260296439
3367,Vela com número nº 0,5604260272228,10622,10092,1 unidade,PorSi,,"0,49€/Unidade","0,49€",https://cdn.intermarche.pt/pt/Content/images/boitmal/produit/zoom/A9277723DBC597B526D9D2D69F5A64B0.jpg,,/product/vela-com-numero-nº-0/5604260272228
3370,Vela com número nº 3,5604260272259,10622,10092,1 unidade,PorSi,,"0,49€/Unidade","0,49€",https://cdn.intermarche.pt/pt/Content/images/boitmal/produit/zoom/D3AC6466DA9A5F847C0B1B6825FC886A.jpg,,/product/vela-com-numero-nº-3/5604260272259
12138,Vela com número 4,5604260272266,10622,10092,1 unidade,PorSi,,"0,49€/Unidade","0,49€",https://cdn.intermarche.pt/pt/Content/images/boitmal/produit/zoom/9B1E1D0A378FE64948745A9C4B959050.jpg,,/product/vela-com-numero-4/5604260272266
3368,Vela com número nº 1,5604260272235,10622,10092,1 unidade,PorSi,,"0,49€/Unidade","0,49€",https://cdn.intermarche.pt/pt/Content/images/boitmal/produit/zoom/8D3AD72C887F84B3D6B370CEB2E61807.jpg,,/product/vela-com-numero-nº-1/5604260272235
3369,"Vela com número, nº2",5604260272242,10622,10092,1 unidade,PorSi,,"0,49€/Unidade","0,49€",https://cdn.intermarche.pt/pt/Content/images/boitmal/produit/zoom/06B69EEB1EB272C100E099AC94B4F941.jpg,,/product/vela-com-numero-nº2/5604260272242
3371,Vela com número nº 5,5604260272273,10622,10092,1 unidade,PorSi,,"0,49€/Unidade","0,49€",https://cdn.intermarche.pt/pt/Content/images/boitmal/produit/zoom/9ECFE1F9B95883719EA2063402452B0E.jpg,,/product/vela-com-numero-nº-5/5604260272273
5963,Vela em número nº9,5604260272419,10622,10092,1 unidade,PorSi,,"0,59€/Unidade","0,59€",https://cdn.intermarche.pt/pt/Content/images/boitmal/produit/zoom/1F05C1B88FFFF428D64F44D63C69E201.jpg,,/product/vela-em-numero-nº9/5604260272419
12139,"Vela em número,  nº 0",5604260272327,10622,10092,1 unidade,PorSi,,"0,59€/Unidade","0,59€",https://cdn.intermarche.pt/pt/Content/images/boitmal/produit/zoom/04E682B82994418D5A80797E7BC3A8FC.jpg,,/product/vela-em-numero-nº-0/5604260272327
12140,Vela em número nº1,5604260272334,10622,10092,1 unidade,PorSi,,"0,59€/Unidade","0,59€",https://cdn.intermarche.pt/pt/Content/images/boitmal/produit/zoom/2854D0A6A64388E462657AF600E1DB38.jpg,,/product/vela-em-numero-nº1/5604260272334
3366,Vela mágica pack de 10 unidades,5604260272211,10622,10092,,PorSi,,"0,89€/Unidade","0,89€",https://cdn.intermarche.pt/pt/Content/images/boitmal/produit/zoom/AF7A7B2D1B2AC46E6D6DCDCE392C3B0C.jpg,,/product/vela-magica-pack-de-10-unidades/5604260272211
3372,Vela com número nº 6,5604260272280,10622,10092,1 unidade,PorSi,,"0,49€/Unidade","0,49€",https://cdn.intermarche.pt/pt/Content/images/boitmal/produit/zoom/A9A89517F531035B43AF47955D50645B.jpg,,/product/vela-com-numero-nº-6/5604260272280
3373,"Vela com número, nº 7",5604260272297,10622,10092,1 unidade,PorSi,,"0,49€/Unidade","0,49€",https://cdn.intermarche.pt/pt/Content/images/boitmal/produit/zoom/AB171DC821F06570D8EF603826D2EAB9.jpg,,/product/vela-com-numero-nº-7/5604260272297
3374,Vela com número nº 8,5604260272303,10622,10092,1 unidade,PorSi,,"0,49€/Unidade","0,49€",https://cdn.intermarche.pt/pt/Content/images/boitmal/produit/zoom/E70F236BD41DDF4BC6A2A4FFC35A400A.jpg,,/product/vela-com-numero-nº-8/5604260272303
3375,Vela com número nº 9,5604260272310,10622,10092,1 unidade,PorSi,,"0,49€/Unidade","0,49€",https://cdn.intermarche.pt/pt/Content/images/boitmal/produit/zoom/1EE31B5A18DA8F239E9D67B337018400.jpg,,/product/vela-com-numero-nº-9/5604260272310
5962,"Vela em número, nº 8",5604260272402,10622,10092,1 unidade,PorSi,,"0,59€/Unidade","0,59€",https://cdn.intermarche.pt/pt/Content/images/boitmal/produit/zoom/772E7E6480CA6B7D765BBC236FD713E0.jpg,,/product/vela-em-numero-nº-8/5604260272402
38201,Copos de papel brancos 200 ml,5604260296378,10623,10092,25 unidades,PorSi,,"1,49€/Unidade","1,49€",https://cdn.intermarche.pt/pt/Content/images/boitmal/produit/zoom/77C668827BC2974341274E7E69EFF0F4.jpg,,/product/copos-de-papel-brancos-200-ml/5604260296378
38205,Mexedores para café de madeira,5604260296392,10623,10092,100 unidades embaladas individualmente,PorSi,,"1,59€/Unidade","1,59€",https://cdn.intermarche.pt/pt/Content/images/boitmal/produit/zoom/768BC3ABCF9D4695F875591FE1E2E164.jpg,,/product/mexedores-para-cafe-de-madeira/5604260296392
40638,Formas de alumínio 450 ml,5604260278794,10623,10092,5 unidades,PorSi,,"1,59€/Unidade","1,59€",https://cdn.intermarche.pt/pt/Content/images/boitmal/produit/zoom/A002359287466A211ADA86275ECC127D.jpg,,/product/formas-de-aluminio-450-ml/5604260278794
41207,Travessas retangulares em cana-de-açúcar 26 x 13 mm,5604260301324,10623,10092,6 unidades,PorSi,,"1,99€/Unidade","1,99€",https://cdn.intermarche.pt/pt/Content/images/boitmal/produit/zoom/533FE5257AB2D6DBA32FFEC13AA78842.jpg,,/product/travessas-retangulares-em-cana-de-acucar-26-x-13-mm/5604260301324
43948,Copos azuis 145 ml,5604260290895,10623,10092,4 unidades,PorSi,,"1,29€/Unidade","1,29€",https://cdn.intermarche.pt/pt/Content/images/boitmal/produit/zoom/5F3B493FB3C78DBB0806C8D459993A64.jpg,,/product/copos-azuis-145-ml/5604260290895
44008,Garfos milho biodegradáveis,5604260301379,10623,10092,6 unidades,PorSi,,"1,35€/Unidade","1,35€",https://cdn.intermarche.pt/pt/Content/images/boitmal/produit/zoom/3DA0FAA9B48E24F7BFABE75AEAFD2181.jpg,,/product/garfos-milho-biodegradaveis/5604260301379
44009,Facas milho biodegradáveis,5604260301386,10623,10092,6 unidades,PorSi,,"1,35€/Unidade","1,35€",https://cdn.intermarche.pt/pt/Content/images/boitmal/produit/zoom/7626F7D0C32277229098481EF1BAA3AE.jpg,,/product/facas-milho-biodegradaveis/5604260301386
35725,Copos para caipirinha 200 ml,5602575102780,10623,10092,Embalagem com 12 unidades,Aj simoes,,"2,99€/Unidade","2,99€",https://cdn.intermarche.pt/pt/Content/images/boitmal/produit/zoom/6FFF1B6898E482FFC96371340D70AB1C.jpg,,/product/copos-para-caipirinha-200-ml/5602575102780
36163,Formas de alumínio redondas 650 ml,5604260289295,10623,10092,5 unidades,PorSi,,"1,59€/Unidade","1,59€",https://cdn.intermarche.pt/pt/Content/images/boitmal/produit/zoom/E7E572E4ED2AC9D5458DE0D3A40337B9.jpg,,/product/formas-de-aluminio-redondas-650-ml/5604260289295
40649,Formas de alumínio para quiches 1510 ml,5604260274987,10623,10092,5 unidades,PorSi,,"2,99€/Unidade","2,99€",https://cdn.intermarche.pt/pt/Content/images/boitmal/produit/zoom/3D736D423111E09B42D1D8913CDFD95A.jpg,,/product/formas-de-aluminio-para-quiches-1510-ml/5604260274987
41204,Pratos sobremesa em cana-de-açúcar 15.5 mm,5604260301287,10623,10092,6 unidades,PorSi,,"1,25€/Unidade","1,25€",https://cdn.intermarche.pt/pt/Content/images/boitmal/produit/zoom/9F27F396859E6E9A3C02D362F2A2E80D.jpg,,/product/pratos-sobremesa-em-cana-de-acucar-15.5-mm/5604260301287
43945,Pratos 23 cm,5604260290826,10623,10092,4 unidades,PorSi,,"1,69€/Unidade","1,69€",https://cdn.intermarche.pt/pt/Content/images/boitmal/produit/zoom/830C195C49DCF9A3E111F744B0F4E2F4.jpg,,/product/pratos-23-cm/5604260290826
5969,"Forma papel para bolos, 6, 2cm, 60 unidades",5604260273478,10623,10092,1 embalagem,PorSi,,"0,59€/Unidade","0,59€",https://cdn.intermarche.pt/pt/Content/images/boitmal/produit/zoom/121B51936E9EDBDBE0515B530E062B2F.jpg,,/product/forma-papel-para-bolos-6-2cm-60-unidades/5604260273478
36162,"Formas de alumínio redondas 55 ml, 20 unidades",5604260289271,10623,10092,,PorSi,,"1,40€/Unidade","1,40€",https://cdn.intermarche.pt/pt/Content/images/boitmal/produit/zoom/DD0F8DB67FDF5448F66EB26DB75DF02A.jpg,,/product/formas-de-aluminio-redondas-55-ml-20-unidades/5604260289271
36164,"Formas de alumínio 600 ml, 5 unidades",5604260289288,10623,10092,,PorSi,,"1,29€/Unidade","1,29€",https://cdn.intermarche.pt/pt/Content/images/boitmal/produit/zoom/C2F65C1372C5B3E0F8C408B44C3D6C0B.jpg,,/product/formas-de-aluminio-600-ml-5-unidades/5604260289288
36165,Formas de alumínio 950 ml,5604260289301,10623,10092,5 unidades,PorSi,,"2,69€/Unidade","2,69€",https://cdn.intermarche.pt/pt/Content/images/boitmal/produit/zoom/BEAB7092722F9B1EEDDD0623E25EA8DF.jpg,,/product/formas-de-aluminio-950-ml/5604260289301
36166,Formas de alumínio redondas 950 ml,5604260289318,10623,10092,5 unidades,PorSi,,"2,29€/Unidade","2,29€",https://cdn.intermarche.pt/pt/Content/images/boitmal/produit/zoom/8274AC89B6FE35FF426C3CA89DA7703B.jpg,,/product/formas-de-aluminio-redondas-950-ml/5604260289318
38198,Copos de papel riscas rosas 20 cl,5604260300099,10623,10092,10 unidades,PorSi,,"0,99€/Unidade","0,99€",https://cdn.intermarche.pt/pt/Content/images/boitmal/produit/zoom/B161530CA1B8027B3EFCDD767E932FE0.jpg,,/product/copos-de-papel-riscas-rosas-20-cl/5604260300099
38199,Copos de papel riscas verdes 20 cl,5604260300112,10623,10092,10 unidades,PorSi,,"0,99€/Unidade","0,99€",https://cdn.intermarche.pt/pt/Content/images/boitmal/produit/zoom/55690696075484CE08183B4FAF667810.jpg,,/product/copos-de-papel-riscas-verdes-20-cl/5604260300112
38204,Taça de papel para sobremesa brancas 240 ml,5604260296385,10623,10092,10 unidades,PorSi,,"1,19€/Unidade","1,19€",https://cdn.intermarche.pt/pt/Content/images/boitmal/produit/zoom/0BC7B249A43CCF3D35D5AC4235B55E3E.jpg,,/product/taca-de-papel-para-sobremesa-brancas-240-ml/5604260296385
40648,Formas de alumínio redondas com tampa 100 ml,5604260274970,10623,10092,20 unidades,PorSi,,"2,29€/Unidade","2,29€",https://cdn.intermarche.pt/pt/Content/images/boitmal/produit/zoom/0FDAED83E3E68102B1A7519C7810EAE1.jpg,,/product/formas-de-aluminio-redondas-com-tampa-100-ml/5604260274970
40650,Formas de alumínio redondas 1400 ml,5604260274994,10623,10092,5 unidades,PorSi,,"2,49€/Unidade","2,49€",https://cdn.intermarche.pt/pt/Content/images/boitmal/produit/zoom/563D79C0016A8CA1D7BAF048CE0309C7.jpg,,/product/formas-de-aluminio-redondas-1400-ml/5604260274994
40651,Formas de alumínio retangulares 1260 ml,5604260278817,10623,10092,5 unidades,PorSi,,"3,75€/Unidade","3,75€",https://cdn.intermarche.pt/pt/Content/images/boitmal/produit/zoom/9CFEE53A4E108E97C3FC3FC4139EA615.jpg,,/product/formas-de-aluminio-retangulares-1260-ml/5604260278817
45663,"6 colheres milho biodegradáveis, 6 unidades",5604260301362,10623,10092,,PorSi,,"1,35€/Unidade","1,35€",https://cdn.intermarche.pt/pt/Content/images/boitmal/produit/zoom/FB2DB90E55EFC84C9AB32B771C6F765D.jpg,,/product/6-colheres-milho-biodegradaveis-6-unidades/5604260301362
5916,Palitos de bambu cocktail com 2 bicos,5604260252046,10623,10092,Embalagem de 50 unidades,PorSi,,"0,99€/Unidade","0,99€",https://cdn.intermarche.pt/pt/Content/images/boitmal/produit/zoom/B19BBBB4CD7D3103A07EDFC97ADE29B2.jpg,,/product/palitos-de-bambu-cocktail-com-2-bicos/5604260252046
41210,Copos em cana-de-açúcar 260 ml,5604260301355,10623,10092,6 unidades,PorSi,,"1,89€/Unidade","1,89€",https://cdn.intermarche.pt/pt/Content/images/boitmal/produit/zoom/68FD5C2E4EA992BCD4DB06E225276041.jpg,,/product/copos-em-cana-de-acucar-260-ml/5604260301355
5671,25 copos brancos 200ml,5602575101509,10623,10092,Uma embalagem,Aj simoes,,"1,29€/Unidade","1,29€",https://cdn.intermarche.pt/pt/Content/images/boitmal/produit/zoom/1E9ABA04E4F0A2E3C4A2C0738C69668A.jpg,,/product/25-copos-brancos-200ml/5602575101509
37677,Toalha em rolo papel branco,5604260297191,10624,10092,1 Unidade,PorSi,,"2,49€/Unidade","2,49€",https://cdn.intermarche.pt/pt/Content/images/boitmal/produit/zoom/6BED5A6EDE325DE3278F441AB7D92069.jpg,,/product/toalha-em-rolo-papel-branco/5604260297191
46354,Resguardo para mesa,5604260317332,10624,10092,Dim.: 140 x 200 cm,PorSi,,"12,99€/Unidade","12,99€",https://cdn.intermarche.pt/pt/Content/images/boitmal/produit/zoom/95E775BE4916CC310F08D369AD9A4FCA.jpg,,/product/resguardo-para-mesa/5604260317332
37675,Toalha em rolo papel azul,5604260297214,10624,10092,1 Unidade,PorSi,,"3,99€/Unidade","3,99€",https://cdn.intermarche.pt/pt/Content/images/boitmal/produit/zoom/9CEF7120B650E9C7FD2AF53938432906.jpg,,/product/toalha-em-rolo-papel-azul/5604260297214
37676,Toalha em rolo papel bordeau,5604260297207,10624,10092,1 Unidade,PorSi,,"3,99€/Unidade","3,99€",https://cdn.intermarche.pt/pt/Content/images/boitmal/produit/zoom/1795976A9E2FD1156DAF02C6063BAA56.jpg,,/product/toalha-em-rolo-papel-bordeau/5604260297207
40632,Toalha em rolo papel verde,5604260297238,10624,10092,1 Unidade,PorSi,,"2,99€/Unidade","2,99€",https://cdn.intermarche.pt/pt/Content/images/boitmal/produit/zoom/87574E0B6805154D74687E8D42580C14.jpg,,/product/toalha-em-rolo-papel-verde/5604260297238
3379,"Forma papel para bolos, 8. 4cm",5604260273492,10625,10092,Embalagem com 60 unidades,PorSi,,"0,99€/Unidade","0,99€",https://cdn.intermarche.pt/pt/Content/images/boitmal/produit/zoom/3BACEB9AAEE8213BC5EFB921EE7ED59D.jpg,,/product/forma-papel-para-bolos-8.-4cm/5604260273492
45672,Jarro graduado,5604260311156,10625,10092,,PorSi,,"1,69€/Unidade","1,69€",https://cdn.intermarche.pt/pt/Content/images/boitmal/produit/zoom/AEA595AB823A1A7AC026BDEA8E47D7AB.jpg,,/product/jarro-graduado/5604260311156
53928,Cachecol Portugal,5600461119300,10625,10092,,*,,"5,99€/Unidade","5,99€",https://cdn.intermarche.pt/pt/Content/images/boitmal/produit/zoom/D8DF5AA8A39E1375DBFABD3F0732EDF9.jpg,,/product/cachecol-portugal/5600461119300
53932,Boné Portugal,5605865148239,10625,10092,,Top Brands,,"6,99€/Unidade","6,99€",https://cdn.intermarche.pt/pt/Content/images/boitmal/produit/zoom/BBCC1A319F3E5C55648B86BEE68FF096.jpg,,/product/bone-portugal/5605865148239
3380,"Forma papel para bolos, 10. 5cm",5604260273515,10625,10092,Embalagem com 60 unidades,PorSi,,"1,19€/Unidade","1,19€",https://cdn.intermarche.pt/pt/Content/images/boitmal/produit/zoom/248E6A2F850802CA19D34B17EBC36019.jpg,,/product/forma-papel-para-bolos-10.-5cm/5604260273515
51710,Vela Número 2,5604260325924,11217,10092,,PorSi,,"0,59€/Unidade","0,59€",https://cdn.intermarche.pt/pt/Content/images/boitmal/produit/zoom/51EE88E95348064BCD330C944990278A.jpg,,/product/vela-numero-2/5604260325924
51711,Vela em numero nº3,5604260325931,11217,10092,,PorSi,,"0,59€/Unidade","0,59€",https://cdn.intermarche.pt/pt/Content/images/boitmal/produit/zoom/BFAB26293B0402CEA4EEEA213DDDC5E4.jpg,,/product/vela-em-numero-nº3/5604260325931
51715,Vela Número 7,5604260325979,11217,10092,,PorSi,,"0,59€/Unidade","0,59€",https://cdn.intermarche.pt/pt/Content/images/boitmal/produit/zoom/AFDC9DF56EEB8E7D7F0F8AF43D722D9F.jpg,,/product/vela-numero-7/5604260325979
51713,Vela Número 5,5604260325955,11217,10092,,PorSi,,"0,59€/Unidade","0,59€",https://cdn.intermarche.pt/pt/Content/images/boitmal/produit/zoom/82B28659B5B3409BC2EB94B3762A11FA.jpg,,/product/vela-numero-5/5604260325955
51714,Vela Número 6,5604260325962,11217,10092,,PorSi,,"0,59€/Unidade","0,59€",https://cdn.intermarche.pt/pt/Content/images/boitmal/produit/zoom/3BFD32E16B60159D884B0A17433E312D.jpg,,/product/vela-numero-6/5604260325962
42001,Faca descascar 7 cm inox,5604260303502,10626,10093,1 unidade,PorSi,,"4,99€/Unidade","4,99€",https://cdn.intermarche.pt/pt/Content/images/boitmal/produit/zoom/84B25ECA4AE31C7D87B8455A773A7206.jpg,,/product/faca-descascar-7-cm-inox/5604260303502
42004,Faca legumes 10 cm madeira,5604260303441,10626,10093,,PorSi,,"2,99€/Unidade","2,99€",https://cdn.intermarche.pt/pt/Content/images/boitmal/produit/zoom/66AC1B2BCDAF59DE0DAD4EBCD4C4113B.jpg,,/product/faca-legumes-10-cm-madeira/5604260303441
41998,Faca utilidades 13 cm preta,5604260303335,10626,10093,,PorSi,,"2,49€/Unidade","2,49€",https://cdn.intermarche.pt/pt/Content/images/boitmal/produit/zoom/5AD3930F58BD517A972D04A355620F60.jpg,,/product/faca-utilidades-13-cm-preta/5604260303335
41991,Faca para Carne 20 cm Preta,5604260303427,10626,10093,1 unidade,PorSi,,"4,99€/Unidade","4,99€",https://cdn.intermarche.pt/pt/Content/images/boitmal/produit/zoom/C119E4862DA4A21A187C56F12CAFD786.jpg,,/product/faca-para-carne-20-cm-preta/5604260303427
43959,Caçarola com asas basic,5604260286812,10627,10093,18 cm,PorSi,,"4,39€/Unidade","4,39€",https://cdn.intermarche.pt/pt/Content/images/boitmal/produit/zoom/E360B420AD1D37BD28A679A8DDE309E0.jpg,,/product/cacarola-com-asas-basic/5604260286812
43961,Caçarola com asas basic,5604260286836,10627,10093,16 cm,PorSi,,"3,59€/Unidade","3,59€",https://cdn.intermarche.pt/pt/Content/images/boitmal/produit/zoom/63512CF9C18FFE7ED0095DFF9B32D6D1.jpg,,/product/cacarola-com-asas-basic/5604260286836
44024,Caneca em alumínio 10 cm basic,5604260286652,10627,10093,1 un.,PorSi,,"1,99€/Unidade","1,99€",https://cdn.intermarche.pt/pt/Content/images/boitmal/produit/zoom/ADEA0EF85B23E9FE947ABD9C5C7DF245.jpg,,/product/caneca-em-aluminio-10-cm-basic/5604260286652
19141,"Frigideira anti-aderente, 20cm",5604260274758,10627,10093,1 unidade,PorSi,,"9,99€/Unidade","9,99€",https://cdn.intermarche.pt/pt/Content/images/boitmal/produit/zoom/0EAFC211B1358821BBC932D5BD327305.jpg,,/product/frigideira-anti-aderente-20cm/5604260274758
34915,Panela de alumínio 16 cm basic,5604260286898,10627,10093,1 un.,PorSi,,"3,99€/Unidade","3,99€",https://cdn.intermarche.pt/pt/Content/images/boitmal/produit/zoom/1681DD04A0FB8B2FB9EE05F4C5568146.jpg,,/product/panela-de-aluminio-16-cm-basic/5604260286898
43958,Caçarola com asas basic,5604260286805,10627,10093,20 cm,PorSi,,"4,99€/Unidade","4,99€",https://cdn.intermarche.pt/pt/Content/images/boitmal/produit/zoom/52E31B5FEFBC27C56D08625D9EBAC5C5.jpg,,/product/cacarola-com-asas-basic/5604260286805
44026,Fervedor em alumínio 1 litro basic,5604260286676,10627,10093,1 un.,PorSi,,"3,79€/Unidade","3,79€",https://cdn.intermarche.pt/pt/Content/images/boitmal/produit/zoom/EE7450A2C99FBAEA0520A76BBEF800DF.jpg,,/product/fervedor-em-aluminio-1-litro-basic/5604260286676
17912,Forma Pudim Antiaderente 18cm,5604260273805,10627,10093,1 unidade ,PorSi,,"9,99€/Unidade","9,99€",https://cdn.intermarche.pt/pt/Content/images/boitmal/produit/zoom/72A34E30053FD00820F2ED0C2FB32F40.jpg,,/product/forma-pudim-antiaderente-18cm/5604260273805
17913,Forma Pão de Ló Antiaderente 28cm,5604260273812,10627,10093,1 unidade ,PorSi,,"9,99€/Unidade","9,99€",https://cdn.intermarche.pt/pt/Content/images/boitmal/produit/zoom/CF18CCCD9A46AAC1C25542D5791C2151.jpg,,/product/forma-pao-de-lo-antiaderente-28cm/5604260273812
17914,Forma Pão de Ló Antiaderente 24cm,5604260273829,10627,10093,1 unidade ,PorSi,,"6,99€/Unidade","6,99€",https://cdn.intermarche.pt/pt/Content/images/boitmal/produit/zoom/4744394198BA177175BE9F0EA923DE0A.jpg,,/product/forma-pao-de-lo-antiaderente-24cm/5604260273829
18611,Caçarola Alumínio Anti-Aderente 24Cm,5604260274833,10627,10093,1 unidade,PorSi,,"25,99€/Unidade","25,99€",https://cdn.intermarche.pt/pt/Content/images/boitmal/produit/zoom/F26C4FF8F5D0CC05167ADD19C84DF0F4.jpg,,/product/cacarola-aluminio-anti-aderente-24cm/5604260274833
19142,"Frigideira anti-aderente, 24cm",5604260274765,10627,10093,1 unidade,PorSi,,"11,99€/Unidade","11,99€",https://cdn.intermarche.pt/pt/Content/images/boitmal/produit/zoom/A1990ADC0D68D3EB6AA3894ACDC6C614.jpg,,/product/frigideira-anti-aderente-24cm/5604260274765
19143,"Frigideira anti-aderente, 28cm",5604260274772,10627,10093,1 unidade,PorSi,,"14,99€/Unidade","14,99€",https://cdn.intermarche.pt/pt/Content/images/boitmal/produit/zoom/8FB4353C86D93F159029E6D5838FDCD8.jpg,,/product/frigideira-anti-aderente-28cm/5604260274772
21693,"Grelhador liso anti-aderente indução, 26 cm",5604260274819,10627,10093,1 unidade ,PorSi,,"17,99€/Unidade","17,99€",https://cdn.intermarche.pt/pt/Content/images/boitmal/produit/zoom/C3B36281856D064516F85FC9F1650945.jpg,,/product/grelhador-liso-anti-aderente-inducao-26-cm/5604260274819
34917,Panela de alumínio 20 cm basic,5604260286867,10627,10093,1 un.,PorSi,,"5,99€/Unidade","5,99€",https://cdn.intermarche.pt/pt/Content/images/boitmal/produit/zoom/405AEF61A534F10776526A2D28FA6097.jpg,,/product/panela-de-aluminio-20-cm-basic/5604260286867
34925,Tabuleiro em alumínio 35 x 22 cm basic,5604260286768,10627,10093,1 un.,PorSi,,"4,29€/Unidade","4,29€",https://cdn.intermarche.pt/pt/Content/images/boitmal/produit/zoom/4D7F93D70DC76C70FE7A4D8D0C43442A.jpg,,/product/tabuleiro-em-aluminio-35-x-22-cm-basic/5604260286768
34926,Tabuleiro em alumínio 30 x 28 cm basic,5604260286775,10627,10093,1 un.,PorSi,,"4,29€/Unidade","4,29€",https://cdn.intermarche.pt/pt/Content/images/boitmal/produit/zoom/9E124EA4B81A20E68CC3BE78B8028358.jpg,,/product/tabuleiro-em-aluminio-30-x-28-cm-basic/5604260286775
34927,Tabuleiro em alumínio 40 x 25 cm basic,5604260286782,10627,10093,1 un.,PorSi,,"5,49€/Unidade","5,49€",https://cdn.intermarche.pt/pt/Content/images/boitmal/produit/zoom/08FE3661813C11ADD200F5205AF63A84.jpg,,/product/tabuleiro-em-aluminio-40-x-25-cm-basic/5604260286782
34928,Cafeteira em alumínio 1 litro basic,5604260286638,10627,10093,1 un.,PorSi,,"4,99€/Unidade","4,99€",https://cdn.intermarche.pt/pt/Content/images/boitmal/produit/zoom/EA9E3332774DBBA60890BE4387795F1A.jpg,,/product/cafeteira-em-aluminio-1-litro-basic/5604260286638
34965,Grelhador redondo,5604260287536,10627,10093,1 unidade ,PorSi,,"6,89€/Unidade","6,89€",https://cdn.intermarche.pt/pt/Content/images/boitmal/produit/zoom/4943C271F273BA68E1AD638352E08588.jpg,,/product/grelhador-redondo/5604260287536
37053,Crepeira indução | diâmetro: 24 cm,5604260297283,10627,10093,1 unidade,PorSi,,"13,99€/Unidade","13,99€",https://cdn.intermarche.pt/pt/Content/images/boitmal/produit/zoom/A0270A5B26727D237E75FA98EABA9FAD.jpg,,/product/crepeira-inducao-|-diametro:-24-cm/5604260297283
43943,Forma de pudim,5604260286744,10627,10093,18 cm,PorSi,,"5,99€/Unidade","5,99€",https://cdn.intermarche.pt/pt/Content/images/boitmal/produit/zoom/39ED079D70522A6B45C2D98E15B92F84.jpg,,/product/forma-de-pudim/5604260286744
52190,Grelhador Eco-Friendly,0842352100287,10627,10093,Feito 100% c/ Materiais Naturais,Casusgrill,,"9,99€/Unidade","9,99€",https://cdn.intermarche.pt/pt/Content/images/boitmal/produit/zoom/4CE26A7267AB46A12AF75757411E0702.jpg,,/product/grelhador-eco-friendly/0842352100287
15930,"Frigideira anti-aderente, 28cm",5604260274741,10627,10093,1 unidade,PorSi,,"13,99€/Unidade","13,99€",https://cdn.intermarche.pt/pt/Content/images/boitmal/produit/zoom/4CA3010F236CEFCA9818A2A76909C694.jpg,,/product/frigideira-anti-aderente-28cm/5604260274741
43944,Caçarola com asas,5604260286799,10627,10093,24 cm,PorSi,,"6,99€/Unidade","6,99€",https://cdn.intermarche.pt/pt/Content/images/boitmal/produit/zoom/D5B3D9328D399C7BEEBF84123BAAA5C2.jpg,,/product/cacarola-com-asas/5604260286799
18610,Caçarola Alumínio Anti-Aderente 26Cm,5604260274840,10627,10093,1 unidade,PorSi,,"29,99€/Unidade","29,99€",https://cdn.intermarche.pt/pt/Content/images/boitmal/produit/zoom/4CCF7CB78A0F8AC7174205D86FA4016E.jpg,,/product/cacarola-aluminio-anti-aderente-26cm/5604260274840
18612,Caçarola Alumínio Anti-Aderente 20Cm,5604260274826,10627,10093,1 unidade,PorSi,,"19,99€/Unidade","19,99€",https://cdn.intermarche.pt/pt/Content/images/boitmal/produit/zoom/1A4636D12D8E6508171FC8437F850577.jpg,,/product/cacarola-aluminio-anti-aderente-20cm/5604260274826
34919,Panela de alumínio 24 cm basic,5604260286874,10627,10093,1 un.,PorSi,,"9,99€/Unidade","9,99€",https://cdn.intermarche.pt/pt/Content/images/boitmal/produit/zoom/1D735DE1A46B974EA46E40E4860FA546.jpg,,/product/panela-de-aluminio-24-cm-basic/5604260286874
43960,Caçarola com asas basic,5604260286829,10627,10093,28 cm,PorSi,,"10,99€/Unidade","10,99€",https://cdn.intermarche.pt/pt/Content/images/boitmal/produit/zoom/410A9AF836F5428961224BFED5E9E866.jpg,,/product/cacarola-com-asas-basic/5604260286829
46754,Grelhador oval com asas,5604260311583,10627,10093,Dim.: 36 x 23 cm,PorSi,,"24,99€/Unidade","24,99€",https://cdn.intermarche.pt/pt/Content/images/boitmal/produit/zoom/FBB6457C890A772CAB4A523CA6B9E82E.jpg,,/product/grelhador-oval-com-asas/5604260311583
49553,Set multifuncional,6926427636438,10627,10093,5 em 1,Masterpro,,"46,99€/Unidade","46,99€",https://cdn.intermarche.pt/pt/Content/images/boitmal/produit/zoom/B0C31DE9431552AE17E5F0B2B56B8C63.jpg,,/product/set-multifuncional/6926427636438
51058,3 Tabuleiros para forno,6941349570219,10627,10093,28.5x19.5x3.5 | 31.5x21.5x3.5 | 34x24x3.5 cm,San Ignacio,,"12,99€/Unidade","12,99€",https://cdn.intermarche.pt/pt/Content/images/boitmal/produit/zoom/A4ABDC5482FC5CE82ED65D9CCFF31243.jpg,,/product/3-tabuleiros-para-forno/6941349570219
22103,Prato p/ Bolo com Pé Patisserie,8693357177727,10628,10093,Diâm.: 32cm,Pasabahçe,,"12,99€/Unidade","12,99€",https://cdn.intermarche.pt/pt/Content/images/boitmal/produit/zoom/6DA93BBB4CB72F062B7C026726607566.jpg,,/product/prato-p-ou-bolo-com-pe-patisserie/8693357177727
34870,Serviço de mesa Oxygéne,3568350252076,10628,10093,18 peças,Maître Chef,,"25,75€/Unidade","25,75€",https://cdn.intermarche.pt/pt/Content/images/boitmal/produit/zoom/4E166973DE8C60BE3EF7BC89C367EDCD.jpg,,/product/servico-de-mesa-oxygene/3568350252076
20492,Cataplana Anti-Aderente P/ Indução,5603774300311,10628,10093,"1 unidade, diâm. 30 cm",Bioflon,,"29,99€/Unidade","29,99€",https://cdn.intermarche.pt/pt/Content/images/boitmal/produit/zoom/FF126CCD7EB80EA39B4E1560030A75AF.jpg,,/product/cataplana-anti-aderente-p-ou-inducao/5603774300311
18461,Cálice 54Cl,5602737000084,10629,10093,1 unidade,Royal Leerdam,,"1,49€/Unidade","1,49€",https://cdn.intermarche.pt/pt/Content/images/boitmal/produit/zoom/E0EB59F08B13716C452A33BB80B70AAC.jpg,2024-10-02T22:59:59.999Z,/product/calice-54cl/5602737000084
17059,Copo AF. Principe 20Cl,5601875023528,10629,10093,1 unidade,Cristal,,"1,69€/Unidade","1,69€",https://cdn.intermarche.pt/pt/Content/images/boitmal/produit/zoom/2E490E2B14D6239608EA6E7E47064C45.jpg,,/product/copo-af.-principe-20cl/5601875023528
16946,Conjunto de 12 calices ballon 25cl,0615905647030,10629,10093,1 unidade,Ballon,,"13,99€/Unidade","13,99€",https://cdn.intermarche.pt/pt/Content/images/boitmal/produit/zoom/2ECC9BECCD5AC3659741BC72228F0469.jpg,,/product/conjunto-de-12-calices-ballon-25cl/0615905647030
17058,Copo Galão,5601875104944,10629,10093,1 unidade,Cristal,,"1,09€/Unidade","1,09€",https://cdn.intermarche.pt/pt/Content/images/boitmal/produit/zoom/7B8BA4BED3A9301A93F83AE0F8C9A5AB.jpg,,/product/copo-galao/5601875104944
3356,Espetos de madeira para churrasco 24 cm,5604260252053,10630,10093,Embalagem de 20 unidades,PorSi,,"0,59€/Unidade","0,59€",https://cdn.intermarche.pt/pt/Content/images/boitmal/produit/zoom/7F146B359521D7ECE254B4333C271A23.jpg,,/product/espetos-de-madeira-para-churrasco-24-cm/5604260252053
44024,Caneca em alumínio 10 cm basic,5604260286652,10627,10093,1 un.,PorSi,,"1,99€/Unidade","1,99€",https://cdn.intermarche.pt/pt/Content/images/boitmal/produit/zoom/ADEA0EF85B23E9FE947ABD9C5C7DF245.jpg,,/product/caneca-em-aluminio-10-cm-basic/5604260286652
43663,Escumadeira de nylon cabo áqua,5604260288052,10630,10093,1 unidade,PorSi,,"1,59€/Unidade","1,59€",https://cdn.intermarche.pt/pt/Content/images/boitmal/produit/zoom/94D0E1A4985F4E6C034BB3D338189CC9.jpg,,/product/escumadeira-de-nylon-cabo-aqua/5604260288052
43664,Vira fritos de nylon cabo áqua,5604260288069,10630,10093,1 unidade,PorSi,,"1,59€/Unidade","1,59€",https://cdn.intermarche.pt/pt/Content/images/boitmal/produit/zoom/432553F8A69A8D1309AFACF78F75215C.jpg,,/product/vira-fritos-de-nylon-cabo-aqua/5604260288069
43680,Corta pizza cabo áqua,5604260288281,10630,10093,1 unidade,PorSi,,"2,59€/Unidade","2,59€",https://cdn.intermarche.pt/pt/Content/images/boitmal/produit/zoom/D0A3725FA2C4558078E50C56B01E9E29.jpg,,/product/corta-pizza-cabo-aqua/5604260288281
44026,Fervedor em alumínio 1 litro basic,5604260286676,10627,10093,1 un.,PorSi,,"3,79€/Unidade","3,79€",https://cdn.intermarche.pt/pt/Content/images/boitmal/produit/zoom/EE7450A2C99FBAEA0520A76BBEF800DF.jpg,,/product/fervedor-em-aluminio-1-litro-basic/5604260286676
44035,Cuvete para gelo,5604260311149,10630,10093,1 unidade,PorSi,,"1,59€/Unidade","1,59€",https://cdn.intermarche.pt/pt/Content/images/boitmal/produit/zoom/96BE925409C651C5C51AB9C201609A51.jpg,,/product/cuvete-para-gelo/5604260311149
17660,Azeiteira Inox Geo,8412516009415,10630,10093,500 ml,Imf,,"8,99€/Unidade","8,99€",https://cdn.intermarche.pt/pt/Content/images/boitmal/produit/zoom/88243006D1356BFF62E493BC65641DD6.jpg,,/product/azeiteira-inox-geo/8412516009415
34928,Cafeteira em alumínio 1 litro basic,5604260286638,10627,10093,1 un.,PorSi,,"4,99€/Unidade","4,99€",https://cdn.intermarche.pt/pt/Content/images/boitmal/produit/zoom/EA9E3332774DBBA60890BE4387795F1A.jpg,,/product/cafeteira-em-aluminio-1-litro-basic/5604260286638
38183,Concha de nylon cabo áqua,5604260288045,10630,10093,1 unidade,PorSi,,"1,59€/Unidade","1,59€",https://cdn.intermarche.pt/pt/Content/images/boitmal/produit/zoom/BE2D99F82BBAB59A360A248F5C22B829.jpg,,/product/concha-de-nylon-cabo-aqua/5604260288045
38184,Garfo de nylon cabo áqua,5604260288076,10630,10093,1 unidade,PorSi,,"1,59€/Unidade","1,59€",https://cdn.intermarche.pt/pt/Content/images/boitmal/produit/zoom/83482FA2BC9613D4CAC260AC511ADC09.jpg,,/product/garfo-de-nylon-cabo-aqua/5604260288076
43665,Colher furada de nylon cabo áqua,5604260288090,10630,10093,1 unidade,PorSi,,"1,59€/Unidade","1,59€",https://cdn.intermarche.pt/pt/Content/images/boitmal/produit/zoom/ED393B853E635397856B8307A584C192.jpg,,/product/colher-furada-de-nylon-cabo-aqua/5604260288090
43673,Colher para arroz de inox cabo oregon,5604260288199,10630,10093,1 unidade,PorSi,,"2,89€/Unidade","2,89€",https://cdn.intermarche.pt/pt/Content/images/boitmal/produit/zoom/732BBEB3CEAC1330EC1A9CA545F191BA.jpg,,/product/colher-para-arroz-de-inox-cabo-oregon/5604260288199
43674,Escumadeira de inox cabo oregon,5604260288212,10630,10093,1 unidade,PorSi,,"2,89€/Unidade","2,89€",https://cdn.intermarche.pt/pt/Content/images/boitmal/produit/zoom/8FC5B46492AD528729AA1D65B6117CB1.jpg,,/product/escumadeira-de-inox-cabo-oregon/5604260288212
43678,Concha molhos de inox cabo oregon,5604260288267,10630,10093,1 unidade,PorSi,,"2,89€/Unidade","2,89€",https://cdn.intermarche.pt/pt/Content/images/boitmal/produit/zoom/97A94D85ED2BEDB9F1FA9DE8ADD0E44B.jpg,,/product/concha-molhos-de-inox-cabo-oregon/5604260288267
43681,Corta pasta cabo áqua,5604260288298,10630,10093,1 unidade,PorSi,,"2,49€/Unidade","2,49€",https://cdn.intermarche.pt/pt/Content/images/boitmal/produit/zoom/C2DECA4EB475BC038BEDA2FB16780AB7.jpg,,/product/corta-pasta-cabo-aqua/5604260288298
43683,Descascador de batata cabo áqua,5604260288311,10630,10093,1 unidade,PorSi,,"2,49€/Unidade","2,49€",https://cdn.intermarche.pt/pt/Content/images/boitmal/produit/zoom/AE64E38A72CB06DA27590325B9A7A992.jpg,,/product/descascador-de-batata-cabo-aqua/5604260288311
43686,Tira cápsulas cabo áqua,5604260288342,10630,10093,1 unidade,PorSi,,"2,49€/Unidade","2,49€",https://cdn.intermarche.pt/pt/Content/images/boitmal/produit/zoom/FF6FB7358574A79075D9906C4A0E7FFE.jpg,,/product/tira-capsulas-cabo-aqua/5604260288342
43687,Escamador peixe cabo áqua,5604260288359,10630,10093,1 unidade,PorSi,,"3,99€/Unidade","3,99€",https://cdn.intermarche.pt/pt/Content/images/boitmal/produit/zoom/A65D3A604649C0A6A44D408BBAF04D47.jpg,,/product/escamador-peixe-cabo-aqua/5604260288359
43690,Colher de gelado cabo áqua,5604260288380,10630,10093,1 unidade,PorSi,,"3,49€/Unidade","3,49€",https://cdn.intermarche.pt/pt/Content/images/boitmal/produit/zoom/4616B29919A1DC04E2F5A428310B9BD6.jpg,,/product/colher-de-gelado-cabo-aqua/5604260288380
43964,Escorredor de talheres,5604260311163,10630,10093,1 unidade,PorSi,,"2,29€/Unidade","2,29€",https://cdn.intermarche.pt/pt/Content/images/boitmal/produit/zoom/34017FF521C4B9B87576971CEF7AAD95.jpg,,/product/escorredor-de-talheres/5604260311163
44034,Cuvete para gelo com tampa,5604260311132,10630,10093,1 unidade,PorSi,,"1,99€/Unidade","1,99€",https://cdn.intermarche.pt/pt/Content/images/boitmal/produit/zoom/5C56F92F8E8EB927B805C39923ECB38D.jpg,,/product/cuvete-para-gelo-com-tampa/5604260311132
46470,Espetos para crustáceos,5604260311422,10630,10093,1 unidade,PorSi,,"3,49€/Unidade","3,49€",https://cdn.intermarche.pt/pt/Content/images/boitmal/produit/zoom/8CF4FCE464424A3A47516DB765E45CE3.jpg,,/product/espetos-para-crustaceos/5604260311422
46612,Abre latas,5604260311453,10630,10093,,PorSi,,"1,99€/Unidade","1,99€",https://cdn.intermarche.pt/pt/Content/images/boitmal/produit/zoom/3DB9F49A56D3F9C3DCC5365FB620F1D9.jpg,,/product/abre-latas/5604260311453
49711,Manga Térmica Premium,5603680311357,10630,10093,1 unidade,Jomafe,,"9,99€/Unidade","9,99€",https://cdn.intermarche.pt/pt/Content/images/boitmal/produit/zoom/51380B982B4C398594FFD08E8FE53DE6.jpg,,/product/manga-termica-premium/5603680311357
51544,Capa Refrigeradora para Vinho com Termómetro,8430852867643,10630,10093,,Kinvara,,"10,49€/Unidade","10,49€",https://cdn.intermarche.pt/pt/Content/images/boitmal/produit/zoom/1038F16429F03C96DD94BA3071969E11.jpg,,/product/capa-refrigeradora-para-vinho-com-termometro/8430852867643
51598,"Conjunto de utensílios em madeira 30cm, 3 unidades",5604260327416,10630,10093,,PorSi,,"4,99€/Unidade","4,99€",https://cdn.intermarche.pt/pt/Content/images/boitmal/produit/zoom/D542E01DA0805CD0B05A0183FAB3C309.jpg,,/product/conjunto-de-utensilios-em-madeira-30cm-3-unidades/5604260327416
52354,Saca Rolhas Pressão de Ar,5603680318325,10630,10093,,Jomafe,,"5,99€/Unidade","5,99€",https://cdn.intermarche.pt/pt/Content/images/boitmal/produit/zoom/86DD89350E1C12BCFFD863FB99A8EB3D.jpg,,/product/saca-rolhas-pressao-de-ar/5603680318325
52355,Vertedor Anti Pingos em Inox,5603680318356,10630,10093,,Jomafe,,"1,99€/Unidade","1,99€",https://cdn.intermarche.pt/pt/Content/images/boitmal/produit/zoom/9C483ECAE42E39DE3A496B3890F9DC13.jpg,,/product/vertedor-anti-pingos-em-inox/5603680318356
5734,Quebra noz inox,5603680991504,10630,10093,1 unidade,Jomafe,,"3,69€/Unidade","3,69€",https://cdn.intermarche.pt/pt/Content/images/boitmal/produit/zoom/71C1F71F41685FDE8A7C4511AF1B9B4B.jpg,,/product/quebra-noz-inox/5603680991504
43691,Batedor de ovos cabo áqua,5604260288397,10630,10093,1 unidade,PorSi,,"2,49€/Unidade","2,49€",https://cdn.intermarche.pt/pt/Content/images/boitmal/produit/zoom/4260C08852DCDF1628F00C4C305A98E8.jpg,,/product/batedor-de-ovos-cabo-aqua/5604260288397
43662,Colher de arroz de nylon cabo áqua,5604260288038,10630,10093,1 unidade,PorSi,,"1,59€/Unidade","1,59€",https://cdn.intermarche.pt/pt/Content/images/boitmal/produit/zoom/41704656C02E6CD4E15777EC786A3227.jpg,,/product/colher-de-arroz-de-nylon-cabo-aqua/5604260288038
38188,Espátula de nylon cabo áqua,5604260288120,10630,10093,1 unidade,PorSi,,"1,59€/Unidade","1,59€",https://cdn.intermarche.pt/pt/Content/images/boitmal/produit/zoom/0D4CFDA449EC6112CF116059EF541804.jpg,,/product/espatula-de-nylon-cabo-aqua/5604260288120
43667,Concha inox cabo áqua,5604260288144,10630,10093,1 unidade,PorSi,,"2,49€/Unidade","2,49€",https://cdn.intermarche.pt/pt/Content/images/boitmal/produit/zoom/BAA2EAF8EF79890FC89A563AEAB98983.jpg,,/product/concha-inox-cabo-aqua/5604260288144
43668,Escumadeira inox cabo áqua,5604260288151,10630,10093,1 unidade,PorSi,,"2,49€/Unidade","2,49€",https://cdn.intermarche.pt/pt/Content/images/boitmal/produit/zoom/9EEF9C8F9D98EB025E915DC531F2E050.jpg,,/product/escumadeira-inox-cabo-aqua/5604260288151
43669,Vira fritos inox cabo áqua,5604260288168,10630,10093,1 unidade,PorSi,,"2,69€/Unidade","2,69€",https://cdn.intermarche.pt/pt/Content/images/boitmal/produit/zoom/2FDE52B13E683AA34F8D4B4B9E7BF8C7.jpg,,/product/vira-fritos-inox-cabo-aqua/5604260288168
43670,Garfo inox cabo áqua,5604260288175,10630,10093,1 unidade,PorSi,,"2,69€/Unidade","2,69€",https://cdn.intermarche.pt/pt/Content/images/boitmal/produit/zoom/61D9C95C3445A85D5F6D8A443FBF5C80.jpg,,/product/garfo-inox-cabo-aqua/5604260288175
43671,Colher para esparguete cabo áqua,5604260288182,10630,10093,1 unidade,PorSi,,"2,49€/Unidade","2,49€",https://cdn.intermarche.pt/pt/Content/images/boitmal/produit/zoom/2922E99A8FB0BACACBC75E3567A434E0.jpg,,/product/colher-para-esparguete-cabo-aqua/5604260288182
43672,Concha de inox cabo oregon,5604260288205,10630,10093,1 unidade,PorSi,,"2,89€/Unidade","2,89€",https://cdn.intermarche.pt/pt/Content/images/boitmal/produit/zoom/9D72E3EAF0C40C594DED6FFC090AC6FB.jpg,,/product/concha-de-inox-cabo-oregon/5604260288205
35687,Sacos de congelação médios,5604260275748,10631,10093,"50 unidades, 1 embalagem",PorSi,,"1,19€/Unidade","1,19€",https://cdn.intermarche.pt/pt/Content/images/boitmal/produit/zoom/09FB657C0FFF7BCB6CFA64ED34772CD1.jpg,,/product/sacos-de-congelacao-medios/5604260275748
43702,Sacos em papel para sandes,5604260296057,10631,10093,Embalagem com 30 unidades,PorSi,,"1,79€/Unidade","1,79€",https://cdn.intermarche.pt/pt/Content/images/boitmal/produit/zoom/544882C6E0766C8A71E48607146487D9.jpg,,/product/sacos-em-papel-para-sandes/5604260296057
43703,Folha de alumínio,5604260295944,10631,10093,30 metros,PorSi,,"2,29€/Unidade","2,29€",https://cdn.intermarche.pt/pt/Content/images/boitmal/produit/zoom/DC71B6707EB7F90D66B613916EED9A87.jpg,,/product/folha-de-aluminio/5604260295944
43921,Papel de alumínio,5604260295951,10631,10093,50 metros,PorSi,,"4,39€/Unidade","4,39€",https://cdn.intermarche.pt/pt/Content/images/boitmal/produit/zoom/41B847F0424788BB217FE5B462A54772.jpg,,/product/papel-de-aluminio/5604260295951
43924,Película aderente,5604260295982,10631,10093,30 metros,PorSi,,"0,99€/Unidade","0,99€",https://cdn.intermarche.pt/pt/Content/images/boitmal/produit/zoom/0D291FC38295E2A0B340AC6980FCAB18.jpg,,/product/pelicula-aderente/5604260295982
43927,10 sacos para congelação com fecho zip,5604260296026,10631,10093,30 x 40 cm,PorSi,,"1,99€/Unidade","1,99€",https://cdn.intermarche.pt/pt/Content/images/boitmal/produit/zoom/F5F43FB7C40012660BF7B47203CC3491.jpg,,/product/10-sacos-para-congelacao-com-fecho-zip/5604260296026
43923,"Papel vegetal, 8 metros",5604260295975,10631,10093,,PorSi,,"0,99€/Unidade","0,99€",https://cdn.intermarche.pt/pt/Content/images/boitmal/produit/zoom/DCCE4820EAAC0F434047DA69625A8D89.jpg,,/product/papel-vegetal-8-metros/5604260295975
20998,Película Aderente 60M,5604260275731,10631,10093,,PorSi,,"1,39€/Unidade","1,39€",https://cdn.intermarche.pt/pt/Content/images/boitmal/produit/zoom/E156A491D64B958983CBA01BF31714A4.jpg,,/product/pelicula-aderente-60m/5604260275731
20974,Sacos de congelação pequenos,5604260275625,10631,10093,"50 unidades, 1 embalagem",PorSi,,"1,19€/Unidade","1,19€",https://cdn.intermarche.pt/pt/Content/images/boitmal/produit/zoom/8D6A10D73AA3FDDB4C1797A78852AC60.jpg,,/product/sacos-de-congelacao-pequenos/5604260275625
20973,"Sacos para sandes, 100 unidades",5604260275243,10631,10093,1 embalagem,PorSi,,"0,79€/Unidade","0,79€",https://cdn.intermarche.pt/pt/Content/images/boitmal/produit/zoom/422131E0B682618D37768E25E9DDD2D1.jpg,,/product/sacos-para-sandes-100-unidades/5604260275243
43928,Sacos cubos de gelo,5604260296033,10631,10093,Embalagem com 15 unidades,PorSi,,"0,89€/Unidade","0,89€",https://cdn.intermarche.pt/pt/Content/images/boitmal/produit/zoom/CD145A323E5A7B0CFE253A76CF7064BD.jpg,,/product/sacos-cubos-de-gelo/5604260296033
43999,Sacos cubos de gelo fecho manual,5604260275250,10631,10093,Embalagem com 10 unidades,PorSi,,"0,59€/Unidade","0,59€",https://cdn.intermarche.pt/pt/Content/images/boitmal/produit/zoom/CD145A323E5A7B0CFE253A76CF7064BD.jpg,,/product/sacos-cubos-de-gelo-fecho-manual/5604260275250
20975,"Formas de alumínio rectangulares com tampa, 600ml , 5 unidades",5604260278800,10631,10093,,PorSi,,"2,19€/Unidade","2,19€",https://cdn.intermarche.pt/pt/Content/images/boitmal/produit/zoom/00176FBC8EA831716F5262A92F3F501F.jpg,,/product/formas-de-aluminio-rectangulares-com-tampa-600ml-5-unidades/5604260278800
40638,Formas de alumínio 450 ml,5604260278794,10623,10092,5 unidades,PorSi,,"1,59€/Unidade","1,59€",https://cdn.intermarche.pt/pt/Content/images/boitmal/produit/zoom/A002359287466A211ADA86275ECC127D.jpg,,/product/formas-de-aluminio-450-ml/5604260278794
43925,20 sacos para congelação com fecho zip,5604260296002,10631,10093,18 x 20 cm,PorSi,,"1,05€/Unidade","1,05€",https://cdn.intermarche.pt/pt/Content/images/boitmal/produit/zoom/A7942ACBD25A09CE44C60A50CCBB2273.jpg,,/product/20-sacos-para-congelacao-com-fecho-zip/5604260296002
43926,15 sacos para congelação com fecho zip,5604260296019,10631,10093,27 x 28 cm,PorSi,,"1,05€/Unidade","1,05€",https://cdn.intermarche.pt/pt/Content/images/boitmal/produit/zoom/CE4D533DA7ADADBD030504026CAD58E4.jpg,,/product/15-sacos-para-congelacao-com-fecho-zip/5604260296019
44011,Saco de congelação,5604260295999,10631,10093,Embalagem com 75 unidades,PorSi,,"1,79€/Unidade","1,79€",https://cdn.intermarche.pt/pt/Content/images/boitmal/produit/zoom/D76770035D073853C7DB5841C3D1D3D2.jpg,,/product/saco-de-congelacao/5604260295999
3364,Formas de alumínio retangulares 2100 ml,5604260270231,10631,10093,5 unidades,PorSi,,"4,65€/Unidade","4,65€",https://cdn.intermarche.pt/pt/Content/images/boitmal/produit/zoom/594CCA1249FDE12B9443552DC95BB297.jpg,,/product/formas-de-aluminio-retangulares-2100-ml/5604260270231
36163,Formas de alumínio redondas 650 ml,5604260289295,10623,10092,5 unidades,PorSi,,"1,59€/Unidade","1,59€",https://cdn.intermarche.pt/pt/Content/images/boitmal/produit/zoom/E7E572E4ED2AC9D5458DE0D3A40337B9.jpg,,/product/formas-de-aluminio-redondas-650-ml/5604260289295
40649,Formas de alumínio para quiches 1510 ml,5604260274987,10623,10092,5 unidades,PorSi,,"2,99€/Unidade","2,99€",https://cdn.intermarche.pt/pt/Content/images/boitmal/produit/zoom/3D736D423111E09B42D1D8913CDFD95A.jpg,,/product/formas-de-aluminio-para-quiches-1510-ml/5604260274987
42011,"Caixa para alimentos redonda, capacidade: 0.8 l",5604260306831,10631,10093,,PorSi,,"1,59€/Unidade","1,59€",https://cdn.intermarche.pt/pt/Content/images/boitmal/produit/zoom/AF18CEAF11CFEB7CD5AD2B6385790AC4.jpg,,/product/caixa-para-alimentos-redonda-capacidade:-0.8-l/5604260306831
42014,"Caixa para alimentos quadrada, capacidade: 0.9 l",5604260306879,10631,10093,,PorSi,,"1,65€/Unidade","1,65€",https://cdn.intermarche.pt/pt/Content/images/boitmal/produit/zoom/9D36002649330741F16601416D1571BF.jpg,,/product/caixa-para-alimentos-quadrada-capacidade:-0.9-l/5604260306879
43922,"Folha de alumínio extra forte, 20 metros",5604260295968,10631,10093,,PorSi,,"3,29€/Unidade","3,29€",https://cdn.intermarche.pt/pt/Content/images/boitmal/produit/zoom/29018B44A1AB7602AF278C297205CFBB.jpg,,/product/folha-de-aluminio-extra-forte-20-metros/5604260295968
49230,"Caixa 2 em 1 vidro retangular, capacidade 1.5 l",5604260324927,10631,10093,,PorSi,,"6,69€/Unidade","6,69€",https://cdn.intermarche.pt/pt/Content/images/boitmal/produit/zoom/ECF1648EE21E24CCF20A2092D19235A8.jpg,,/product/caixa-2-em-1-vidro-retangular-capacidade-1.5-l/5604260324927
3365,"Formas de alumínio redondas 760ml, 5 unidades",5604260270248,10631,10093,,PorSi,,"2,49€/Unidade","2,49€",https://cdn.intermarche.pt/pt/Content/images/boitmal/produit/zoom/CE20FC6404B444C1B655FB25DAFB48A6.jpg,,/product/formas-de-aluminio-redondas-760ml-5-unidades/5604260270248
36162,"Formas de alumínio redondas 55 ml, 20 unidades",5604260289271,10623,10092,,PorSi,,"1,40€/Unidade","1,40€",https://cdn.intermarche.pt/pt/Content/images/boitmal/produit/zoom/DD0F8DB67FDF5448F66EB26DB75DF02A.jpg,,/product/formas-de-aluminio-redondas-55-ml-20-unidades/5604260289271
36164,"Formas de alumínio 600 ml, 5 unidades",5604260289288,10623,10092,,PorSi,,"1,29€/Unidade","1,29€",https://cdn.intermarche.pt/pt/Content/images/boitmal/produit/zoom/C2F65C1372C5B3E0F8C408B44C3D6C0B.jpg,,/product/formas-de-aluminio-600-ml-5-unidades/5604260289288
36165,Formas de alumínio 950 ml,5604260289301,10623,10092,5 unidades,PorSi,,"2,69€/Unidade","2,69€",https://cdn.intermarche.pt/pt/Content/images/boitmal/produit/zoom/BEAB7092722F9B1EEDDD0623E25EA8DF.jpg,,/product/formas-de-aluminio-950-ml/5604260289301
36166,Formas de alumínio redondas 950 ml,5604260289318,10623,10092,5 unidades,PorSi,,"2,29€/Unidade","2,29€",https://cdn.intermarche.pt/pt/Content/images/boitmal/produit/zoom/8274AC89B6FE35FF426C3CA89DA7703B.jpg,,/product/formas-de-aluminio-redondas-950-ml/5604260289318
40648,Formas de alumínio redondas com tampa 100 ml,5604260274970,10623,10092,20 unidades,PorSi,,"2,29€/Unidade","2,29€",https://cdn.intermarche.pt/pt/Content/images/boitmal/produit/zoom/0FDAED83E3E68102B1A7519C7810EAE1.jpg,,/product/formas-de-aluminio-redondas-com-tampa-100-ml/5604260274970
40650,Formas de alumínio redondas 1400 ml,5604260274994,10623,10092,5 unidades,PorSi,,"2,49€/Unidade","2,49€",https://cdn.intermarche.pt/pt/Content/images/boitmal/produit/zoom/563D79C0016A8CA1D7BAF048CE0309C7.jpg,,/product/formas-de-aluminio-redondas-1400-ml/5604260274994
40651,Formas de alumínio retangulares 1260 ml,5604260278817,10623,10092,5 unidades,PorSi,,"3,75€/Unidade","3,75€",https://cdn.intermarche.pt/pt/Content/images/boitmal/produit/zoom/9CFEE53A4E108E97C3FC3FC4139EA615.jpg,,/product/formas-de-aluminio-retangulares-1260-ml/5604260278817
42008,"Caixa para alimentos retangular, capacidade: 0.5 l",5604260306794,10631,10093,,PorSi,,"1,39€/Unidade","1,39€",https://cdn.intermarche.pt/pt/Content/images/boitmal/produit/zoom/63E6575DF429ADCC725B255D8F931486.jpg,,/product/caixa-para-alimentos-retangular-capacidade:-0.5-l/5604260306794
42009,"Caixa para alimentos retangular, capacidade: 0.8 l",5604260306800,10631,10093,,PorSi,,"1,59€/Unidade","1,59€",https://cdn.intermarche.pt/pt/Content/images/boitmal/produit/zoom/CCB812F59C671D95C8C11D3A1E2FC0C0.jpg,,/product/caixa-para-alimentos-retangular-capacidade:-0.8-l/5604260306800
42010,Caixa para alimentos retangular,5604260306824,10631,10093,Capacidade: 2.2 l,PorSi,,"3,19€/Unidade","3,19€",https://cdn.intermarche.pt/pt/Content/images/boitmal/produit/zoom/AAF7B094662B109A5D1B55530C020CDD.jpg,,/product/caixa-para-alimentos-retangular/5604260306824
43962,Taças coloridas com tampa,5604260291045,10631,10093,Capacidade: 0.5 l,PorSi,,"1,69€/Unidade","1,69€",https://cdn.intermarche.pt/pt/Content/images/boitmal/produit/zoom/3C5FF1C2049F8542794F4D39CDB7B39D.jpg,,/product/tacas-coloridas-com-tampa/5604260291045
44013,Caixa para alimentos retangular,5604260306817,10631,10093,Capacidade: 1.7 l,PorSi,,"1,99€/Unidade","1,99€",https://cdn.intermarche.pt/pt/Content/images/boitmal/produit/zoom/A3BEBF2EE475A71F8FB97B697F257401.jpg,,/product/caixa-para-alimentos-retangular/5604260306817
44015,Caixa para alimentos quadrada,5604260306886,10631,10093,Capacidade: 1.4 l,PorSi,,"2,19€/Unidade","2,19€",https://cdn.intermarche.pt/pt/Content/images/boitmal/produit/zoom/B673CE8B5CD64383C4EF34BF6D7CB7D1.jpg,,/product/caixa-para-alimentos-quadrada/5604260306886
49228,Caixa 2 em 1 vidro retangular,5604260324903,10631,10093,,PorSi,,"3,99€/Unidade","3,99€",https://cdn.intermarche.pt/pt/Content/images/boitmal/produit/zoom/8D37D88E8EB1825558B30E2DE628E716.jpg,,/product/caixa-2-em-1-vidro-retangular/5604260324903
49229,"Caixa 2 em 1 vidro retangular, capacidade 800 ml",5604260324910,10631,10093,,PorSi,,"5,49€/Unidade","5,49€",https://cdn.intermarche.pt/pt/Content/images/boitmal/produit/zoom/5BAD91710F033A71D39DBB602D2A26DE.jpg,,/product/caixa-2-em-1-vidro-retangular-capacidade-800-ml/5604260324910
3248,Fósforos cozinha,5601354200150,10726,10093,Embalagem com 4 caixas por unidade,Quinas,,"1,29€/Unidade","1,29€",https://cdn.intermarche.pt/pt/Content/images/boitmal/produit/zoom/83DC91B00F2737312970F27068860669.jpg,,/product/fosforos-cozinha/5601354200150
3355,"Palitos superfinos, 400 unidades",5604260252039,10726,10093,,PorSi,,"0,99€/Unidade","0,99€",https://cdn.intermarche.pt/pt/Content/images/boitmal/produit/zoom/9A25F399269CEC30BEC769DCE5EEC0B3.jpg,,/product/palitos-superfinos-400-unidades/5604260252039
3353,"Palitos redondos, 250 unidades",5604260252008,10726,10093,,PorSi,,"0,89€/Unidade","0,89€",https://cdn.intermarche.pt/pt/Content/images/boitmal/produit/zoom/FC1A29C35A5E19711555E948A77F9C82.jpg,,/product/palitos-redondos-250-unidades/5604260252008
31838,Palitos redondos,5604260252015,10726,10093,200 unidades embalados individualmente,PorSi,,"1,49€/Unidade","1,49€",https://cdn.intermarche.pt/pt/Content/images/boitmal/produit/zoom/7E329DF7A46123C09B872CA96E568585.jpg,,/product/palitos-redondos/5604260252015
3354,Palitos super finos,5604260252022,10726,10093,Embalagem de 85 unidades,PorSi,,"0,59€/Unidade","0,59€",https://cdn.intermarche.pt/pt/Content/images/boitmal/produit/zoom/1E1F96B3E5E334FDED9E7320288D86F7.jpg,,/product/palitos-super-finos/5604260252022
8976,"Forrafogão de alumínio, 12 unidades",5601488009681,10632,10093,Uma embalagem,Silvex,,"3,69€/Unidade","3,69€",https://cdn.intermarche.pt/pt/Content/images/boitmal/produit/zoom/E98FCC108E678AD7ADC8DF3A113DADE4.jpg,,/product/forrafogao-de-aluminio-12-unidades/5601488009681
24964,Almofada,5606362500278,10632,10093,Dim.: 45x60 cm,VZT,,"4,99€/Unidade","4,99€",https://cdn.intermarche.pt/pt/Content/images/boitmal/produit/zoom/04D71E91EF0DC9DC69C65542986A122C.jpg,,/product/almofada/5606362500278
37679,Grelhador liso anti-aderente 26 cm,5604260274802,10632,10093,Unidade 1,PorSi,,"15,99€/Unidade","15,99€",https://cdn.intermarche.pt/pt/Content/images/boitmal/produit/zoom/9FA82EF2568EB533E4071E60F709E230.jpg,,/product/grelhador-liso-anti-aderente-26-cm/5604260274802
44037,Fio alimentar,5604260311521,10632,10093,1 unidade,PorSi,,"3,99€/Unidade","3,99€",https://cdn.intermarche.pt/pt/Content/images/boitmal/produit/zoom/66FD725192BE468836A6EB1F5854A775.jpg,,/product/fio-alimentar/5604260311521
51550,Toalha de Mesa Anti Nódoas Vermelha,5604260327744,10632,10093,Dim.: 150 x 150 cm,PorSi,,"14,99€/Unidade","14,99€",https://cdn.intermarche.pt/pt/Content/images/boitmal/produit/zoom/CD4A844924392AEBD330327DF5C5B3E9.jpg,,/product/toalha-de-mesa-anti-nodoas-vermelha/5604260327744
51551,Toalha de Mesa Anti Nódoas Vermelha,5604260327768,10632,10093,Dim.: 150 x 200 cm,PorSi,,"17,99€/Unidade","17,99€",https://cdn.intermarche.pt/pt/Content/images/boitmal/produit/zoom/98F3722C7067BD85284678D280F96083.jpg,,/product/toalha-de-mesa-anti-nodoas-vermelha/5604260327768
51552,Toalha de Mesa Anti Nódoas Vermelha,5604260327782,10632,10093,Dim.: 150 x 300 cm,PorSi,,"22,99€/Unidade","22,99€",https://cdn.intermarche.pt/pt/Content/images/boitmal/produit/zoom/564DB44C61CAFF21DA6937AC4E00319C.jpg,,/product/toalha-de-mesa-anti-nodoas-vermelha/5604260327782
47785,"Água destilada, garrafão de 5 l",5604260321667,10640,10097,,PorSi,,"0,20€/L","0,99€",https://cdn.intermarche.pt/pt/Content/images/boitmal/produit/zoom/EF3A04BF537F04160EFFD9BDF954EE32.jpg,,/product/agua-destilada-garrafao-de-5-l/5604260321667
32363,"Cabide Anti-Humidade, 450 g",8412857001253,10640,10097,,Humydry,,"8,99€/Unidade","8,99€",https://cdn.intermarche.pt/pt/Content/images/boitmal/produit/zoom/BEC783D97DB597A50C9F4C9919A62267.jpg,,/product/cabide-anti-humidade-450-g/8412857001253
36578,Anti-humidade,8412857400445,10640,10097,1 embalagem,Humydry,,"7,99€/Unidade","7,99€",https://cdn.intermarche.pt/pt/Content/images/boitmal/produit/zoom/28664670D19830BAD06220E5C9868425.jpg,,/product/anti-humidade/8412857400445
36579,Anti-humidade + 3 recargas,8412857001666,10640,10097,1 embalagem,Humydry,,"12,99€/Unidade","12,99€",https://cdn.intermarche.pt/pt/Content/images/boitmal/produit/zoom/FAEB7B382F53BCB0142FDFC01E385BEC.jpg,,/product/anti-humidade-+-3-recargas/8412857001666
3407,Capa confort plus,8001940006314,10641,10097,,Vileda,,"17,99€/Unidade","17,99€",https://cdn.intermarche.pt/pt/Content/images/boitmal/produit/zoom/ECE3AE658FF0CDF17D12DC51744E083B.jpg,,/product/capa-confort-plus/8001940006314
34931,Capa para tábua metálica,8001940001494,10641,10097,,Vileda,,"17,99€/Unidade","17,99€",https://cdn.intermarche.pt/pt/Content/images/boitmal/produit/zoom/83EF163444DD967B85144DEBF6279F0E.jpg,,/product/capa-para-tabua-metalica/8001940001494
35512,Molas plásticas,5604260289585,10642,10097,15 unidades,PorSi,,"0,89€/Unidade","0,89€",https://cdn.intermarche.pt/pt/Content/images/boitmal/produit/zoom/0F0C4F65EAD71CFDE78971FA2D673B8E.jpg,,/product/molas-plasticas/5604260289585
35513,Molas plásticas amarelas,5604260289592,10642,10097,50 unidades,PorSi,,"2,19€/Unidade","2,19€",https://cdn.intermarche.pt/pt/Content/images/boitmal/produit/zoom/A20934E81D5AAA96ACC46607DD3B3AF6.jpg,,/product/molas-plasticas-amarelas/5604260289592
35514,Molas de madeira,5604260289608,10642,10097,36 unidades,PorSi,,"2,19€/Unidade","2,19€",https://cdn.intermarche.pt/pt/Content/images/boitmal/produit/zoom/218F38FD8CE9A24D40DC8CE4C1EC08A4.jpg,,/product/molas-de-madeira/5604260289608
37651,Estendal de roupa com abas alumínio,5604260301225,10642,10097,20 metros,PorSi,,"26,99€/Unidade","26,99€",https://cdn.intermarche.pt/pt/Content/images/boitmal/produit/zoom/7381FFE8F74D76F55C4C5FAFA2176FFD.jpg,,/product/estendal-de-roupa-com-abas-aluminio/5604260301225
3268,Limpa ferros,5601677250016,10642,10097,1 unidade,Petex,,"4,49€/Unidade","4,49€",https://cdn.intermarche.pt/pt/Content/images/boitmal/produit/zoom/0FCC7DE94A5E67F8FC200A40AF3DF262.jpg,,/product/limpa-ferros/5601677250016
3318,Escova plástica (cores sortidas),5604260031870,10642,10097,1 unidade,PorSi,,"0,79€/Unidade","0,79€",https://cdn.intermarche.pt/pt/Content/images/boitmal/produit/zoom/C10BFD0304B9B55C77E4400B08CD3C38.jpg,,/product/escova-plastica-(cores-sortidas)/5604260031870
48364,Estendal metal com abas 18m,5604260321698,10642,10097,,PorSi,,"14,99€/Unidade","14,99€",https://cdn.intermarche.pt/pt/Content/images/boitmal/produit/zoom/18849A53DB6F96EBA79FB10287C8294F.jpg,,/product/estendal-metal-com-abas-18m/5604260321698
37650,Estendal de roupa com abas resina,5604260301218,10642,10097,20 metros,PorSi,,"26,99€/Unidade","26,99€",https://cdn.intermarche.pt/pt/Content/images/boitmal/produit/zoom/BCF65A9E51050A7D8EF00C3EC768DBAA.jpg,,/product/estendal-de-roupa-com-abas-resina/5604260301218
42138,Cabides para criança,5604260306978,10642,10097,5 unidades,PorSi,,"1,49€/Unidade","1,49€",https://cdn.intermarche.pt/pt/Content/images/boitmal/produit/zoom/DD8299C0ED8458F909B43B3F9C650E4C.jpg,,/product/cabides-para-crianca/5604260306978
43552,Saco de rede para roupa,5604260304509,10642,10097,Dim.: 30 x 25 cm,PorSi,,"2,79€/Unidade","2,79€",https://cdn.intermarche.pt/pt/Content/images/boitmal/produit/zoom/85BB3E1C7060566778975C0A0C3F71A4.jpg,,/product/saco-de-rede-para-roupa/5604260304509
42140,Cabides,5604260306992,10642,10097,10 unidades,PorSi,,"1,99€/Unidade","1,99€",https://cdn.intermarche.pt/pt/Content/images/boitmal/produit/zoom/D0F78084F75D1B3ED2244D5CFC209C9E.jpg,,/product/cabides/5604260306992
17862,Estendal de Resina Ocean,5601296184204,10642,10097,20 m,Fapil,,"19,99€/Unidade","19,99€",https://cdn.intermarche.pt/pt/Content/images/boitmal/produit/zoom/8E6080C0A57E0F16F99C774EAFC41BC6.jpg,,/product/estendal-de-resina-ocean/5601296184204
33597,Desumidificador e Ambientador Mini,8412857000058,10563,10082,embalagem de 75g,Humydry,,"62,53€/Kg","4,69€",https://cdn.intermarche.pt/pt/Content/images/boitmal/produit/zoom/8B06E6D5078EF44AAEE2107A50531062.jpg,,/product/desumidificador-e-ambientador-mini/8412857000058
33602,Recarga Desumidificador Premium,8412857000188,10788,10753,embalagem de 450g,Humydry,,"10,42€/Kg","4,69€",https://cdn.intermarche.pt/pt/Content/images/boitmal/produit/zoom/3462A4C81F97B97E1988E56245007883.jpg,,/product/recarga-desumidificador-premium/8412857000188
33596,Recarga Desumidificador Inodoro,8412857000034,10788,10753,embalagem de 450g,Humydry,,"8,87€/Kg","3,99€",https://cdn.intermarche.pt/pt/Content/images/boitmal/produit/zoom/D363D48B6EA7D0D17DEB21BC28A1B679.jpg,,/product/recarga-desumidificador-inodoro/8412857000034
33601,Recarga Desumidificador Basic,8412857000881,10788,10753,embalagem de 3 x 250g,Humydry,,"35,96€/Kg","8,99€",https://cdn.intermarche.pt/pt/Content/images/boitmal/produit/zoom/DB414317435E2AC3AD132038C3613ADD.jpg,,/product/recarga-desumidificador-basic/8412857000881
43966,Piaçaba com suporte,5604260311057,10788,10753,1 unidade,PorSi,,"2,99€/Unidade","2,99€",https://cdn.intermarche.pt/pt/Content/images/boitmal/produit/zoom/533255415B6098514BE437217484D6D3.jpg,,/product/piacaba-com-suporte/5604260311057
46591,Camisola segunda pelo mousse muskade 30D t. único,5604260318025,10645,10099,1 unidade,PorSi,,"4,99€/Unidade","4,99€",https://cdn.intermarche.pt/pt/Content/images/boitmal/produit/zoom/F96B9D4C4715FB1C828927B9408E73BC.jpg,,/product/camisola-segunda-pelo-mousse-muskade-30d-t.-unico/5604260318025
42752,Toalha de mãos,5604260308330,10647,10099,50 x 100 cm,PorSi,,"4,99€/Unidade","4,99€",https://cdn.intermarche.pt/pt/Content/images/boitmal/produit/zoom/E6843C4808760CFD0D51034BC107C89F.jpg,,/product/toalha-de-maos/5604260308330
42073,2 toalhas de bidé,5604260308323,10647,10099,30 x 50 cm,PorSi,,"3,69€/Unidade","3,69€",https://cdn.intermarche.pt/pt/Content/images/boitmal/produit/zoom/BC28D834D8FC5CEEE4F1172BD5B81CC2.jpg,,/product/2-toalhas-de-bide/5604260308323
35013,Proteção de colchão impermeável | frente: 80% algodão e 20% poliester; verso: 100% pvc,5606362390244,10647,10099,Dim.: 150 x 200 cm,VZT,,"14,99€/Unidade","14,99€",https://cdn.intermarche.pt/pt/Content/images/boitmal/produit/zoom/C93504A95C31B46CA80D441DD0E9D845.jpg,,/product/protecao-de-colchao-impermeavel-|-frente:-80%25-algodao-e-20%25-poliester;-verso:-100%25-pvc/5606362390244
42072,Taolhão de banho,5604260308347,10647,10099,100 x 150 cm,PorSi,,"12,99€/Unidade","12,99€",https://cdn.intermarche.pt/pt/Content/images/boitmal/produit/zoom/F4185BCF4616CA0EDF8A0C50DA6636BC.jpg,,/product/taolhao-de-banho/5604260308347
42074,Toalha de mãos,5604260308484,10647,10099,50 x 100 cm,PorSi,,"4,99€/Unidade","4,99€",https://cdn.intermarche.pt/pt/Content/images/boitmal/produit/zoom/DFB0A3FF8B84625A5E9DB9EA96275EFB.jpg,,/product/toalha-de-maos/5604260308484
42075,Toalhão de banho,5604260308491,10647,10099,100 x 150 cm,PorSi,,"12,99€/Unidade","12,99€",https://cdn.intermarche.pt/pt/Content/images/boitmal/produit/zoom/42A72A5A44AC92A866DD5A04DC115A50.jpg,,/product/toalhao-de-banho/5604260308491
42749,Toalha de mãos,5604260308361,10647,10099,50 x 100 cm,PorSi,,"4,99€/Unidade","4,99€",https://cdn.intermarche.pt/pt/Content/images/boitmal/produit/zoom/29B03EEFD5865AF7AFD167D19FC0CF45.jpg,,/product/toalha-de-maos/5604260308361
42750,Toalha de banho,5604260308378,10647,10099,100 x 150 cm,PorSi,,"12,99€/Unidade","12,99€",https://cdn.intermarche.pt/pt/Content/images/boitmal/produit/zoom/40BA2802C5A4FA42A24D47A92F414E10.jpg,,/product/toalha-de-banho/5604260308378
42751,Toalha de banho,5604260308408,10647,10099,100 x 150 cm,PorSi,,"12,99€/Unidade","12,99€",https://cdn.intermarche.pt/pt/Content/images/boitmal/produit/zoom/B630907BBB3CCB5FF69222BC501BDCFE.jpg,,/product/toalha-de-banho/5604260308408
42753,2 Toalhas de bidé,5604260308354,10647,10099,30 x 50 cm,PorSi,,"3,69€/Unidade","3,69€",https://cdn.intermarche.pt/pt/Content/images/boitmal/produit/zoom/95B5A80D436AFA08F8355ED51A46B944.jpg,,/product/2-toalhas-de-bide/5604260308354
42754,2 toalhas de bidé,5604260308385,10647,10099,30 x 50 cm,PorSi,,"3,69€/Unidade","3,69€",https://cdn.intermarche.pt/pt/Content/images/boitmal/produit/zoom/C41D20D9796190848C66402B16BBD21C.jpg,,/product/2-toalhas-de-bide/5604260308385
42755,2 Toalhas de bidé,5604260308415,10647,10099,30 x 50 cm,PorSi,,"3,69€/Unidade","3,69€",https://cdn.intermarche.pt/pt/Content/images/boitmal/produit/zoom/AA46D086102D1DBC6EA4131C22526291.jpg,,/product/2-toalhas-de-bide/5604260308415
42756,2 Toalhas de bidé,5604260308446,10647,10099,30 x 50 cm,PorSi,,"3,69€/Unidade","3,69€",https://cdn.intermarche.pt/pt/Content/images/boitmal/produit/zoom/BAB973A5F7A44963C034D8D72B2FE96F.jpg,,/product/2-toalhas-de-bide/5604260308446
42757,2 Toalhas de bidé,5604260308477,10647,10099,30 x 50 cm,PorSi,,"3,69€/Unidade","3,69€",https://cdn.intermarche.pt/pt/Content/images/boitmal/produit/zoom/D2D6C1A6617565741B69DC1F4DF041D1.jpg,,/product/2-toalhas-de-bide/5604260308477
42758,Toalha de mãos,5604260308392,10647,10099,50 x 100 cm,PorSi,,"4,99€/Unidade","4,99€",https://cdn.intermarche.pt/pt/Content/images/boitmal/produit/zoom/8F659118F77D3D35336B1F62C80DCAE3.jpg,,/product/toalha-de-maos/5604260308392
42759,Toalha de mãos,5604260308422,10647,10099,50 x 100 cm,PorSi,,"4,99€/Unidade","4,99€",https://cdn.intermarche.pt/pt/Content/images/boitmal/produit/zoom/F05D777904B4E461E3C1EC81191814DF.jpg,,/product/toalha-de-maos/5604260308422
42760,Toalha de mãos,5604260308453,10647,10099,50 x 100 cm,PorSi,,"4,99€/Unidade","4,99€",https://cdn.intermarche.pt/pt/Content/images/boitmal/produit/zoom/5A3DDD2B98721D1CF784D3454CC65167.jpg,,/product/toalha-de-maos/5604260308453
42761,Toalha de banho,5604260308439,10647,10099,100 x 150 cm,PorSi,,"12,99€/Unidade","12,99€",https://cdn.intermarche.pt/pt/Content/images/boitmal/produit/zoom/9F15072074A91418DC0E130991F9DFCA.jpg,,/product/toalha-de-banho/5604260308439
42762,Toalha de banho,5604260308460,10647,10099,100 x 150 cm,PorSi,,"12,99€/Unidade","12,99€",https://cdn.intermarche.pt/pt/Content/images/boitmal/produit/zoom/4A5E6075CC5A0E6F74B14672FB46073C.jpg,,/product/toalha-de-banho/5604260308460
43039,Almofada antialérgica,5604260312832,10647,10099,45 x 60 cm,PorSi,,"9,99€/Unidade","9,99€",https://cdn.intermarche.pt/pt/Content/images/boitmal/produit/zoom/DFD24A1347424568E964E1F879BC5321.jpg,,/product/almofada-antialergica/5604260312832
46354,Resguardo para mesa,5604260317332,10624,10092,Dim.: 140 x 200 cm,PorSi,,"12,99€/Unidade","12,99€",https://cdn.intermarche.pt/pt/Content/images/boitmal/produit/zoom/95E775BE4916CC310F08D369AD9A4FCA.jpg,,/product/resguardo-para-mesa/5604260317332
49236,Jogo de cama bebé,5604260321957,10647,10099,Dim.: 60 x 120 cm,PorSi,,"16,99€/Unidade","16,99€",https://cdn.intermarche.pt/pt/Content/images/boitmal/produit/zoom/AE74EC6E815D0D0C7AC2D5DEEFAE2686.jpg,,/product/jogo-de-cama-bebe/5604260321957
51221,Edredão,3307419548442,10647,10099,Dim.: 220x240cm,Dodo,,"39,99€/Unidade","39,99€",https://cdn.intermarche.pt/pt/Content/images/boitmal/produit/zoom/84238C6F024E70AD1547C6C2033962A3.jpg,,/product/edredao/3307419548442
45049,Conjunto de 2 Almofadas,5607576037321,10647,10099,Tam.: 45 x 60 cm,Analar,,"14,99€/Unidade","14,99€",https://cdn.intermarche.pt/pt/Content/images/boitmal/produit/zoom/8E157973C0C8C456D25A5C646058B5ED.jpg,,/product/conjunto-de-2-almofadas/5607576037321
48119,Camisola segunda pele 30D preto tamanho único,5604260318018,10893,10099,,PorSi,,"4,99€/Unidade","4,99€",https://cdn.intermarche.pt/pt/Content/images/boitmal/produit/zoom/83E60154A08DC1A4636BFFE8A615E7F1.jpg,,/product/camisola-segunda-pele-30d-preto-tamanho-unico/5604260318018
20162,"Martelo Cabo de Borracha, 18mm",5604612015350,10648,10101,1 unidade,Itools,,"6,99€/Unidade","6,99€",https://cdn.intermarche.pt/pt/Content/images/boitmal/produit/zoom/713509155BA6DA0CF8AA620A097F439F.jpg,,/product/martelo-cabo-de-borracha-18mm/5604612015350
20165,Serrote com Ferro,5604612004613,10648,10101,1 unidade,Itools,,"6,39€/Unidade","6,39€",https://cdn.intermarche.pt/pt/Content/images/boitmal/produit/zoom/44098AE21385E11E73AC7F89C63C7741.jpg,,/product/serrote-com-ferro/5604612004613
20176,"Chave Umbrako, conjunto 10 peças",5604612027322,10648,10101,1 unidade,Itools,,"2,99€/Unidade","2,99€",https://cdn.intermarche.pt/pt/Content/images/boitmal/produit/zoom/CC189EBF098501310CAE317A517ABD7E.jpg,,/product/chave-umbrako-conjunto-10-pecas/5604612027322
20177,"Luva Nitrilica, anti-Deslizante, Nr.9",5604612636319,10648,10101,1 unidade,Itools,,"2,59€/Unidade","2,59€",https://cdn.intermarche.pt/pt/Content/images/boitmal/produit/zoom/AE85382A7AD90BA5D3B6346CD8E3E712.jpg,,/product/luva-nitrilica-anti-deslizante-nr.9/5604612636319
20178,"Luva Nitrilica, anti-Deslizante, Nr.10",5604612636302,10648,10101,1 unidade,Itools,,"2,49€/Unidade","2,49€",https://cdn.intermarche.pt/pt/Content/images/boitmal/produit/zoom/D8AD9F9FF86DA53310D95E160D03AEA1.jpg,,/product/luva-nitrilica-anti-deslizante-nr.10/5604612636302
20179,Luva Pele,5604612002879,10648,10101,1 unidade,Itools,,"4,39€/Unidade","4,39€",https://cdn.intermarche.pt/pt/Content/images/boitmal/produit/zoom/8B16AE8EF50FB62504D45AA53B3D6C53.jpg,,/product/luva-pele/5604612002879
51706,Abracadeiras 14cm,5604260327225,10648,10101,12 unidades,PorSi,,"1,99€/Unidade","1,99€",https://cdn.intermarche.pt/pt/Content/images/boitmal/produit/zoom/55604CE70F66622CF4D8BCB117511E15.jpg,,/product/abracadeiras-14cm/5604260327225
30212,Tinta Profissional Obras Interior Lisa Mate Branco,5601727058821,10649,10101,5 litros,Maltex,,"2,20€/L","10,99€",https://cdn.intermarche.pt/pt/Content/images/boitmal/produit/zoom/396763091C96257342439076EDCA0C21.jpg,,/product/tinta-profissional-obras-interior-lisa-mate-branco/5601727058821
27912,Super Cola 3 Original (3G + 33% Grátis),8410436270687,10650,10101,1 Embalagem,Loctite,,"3,99€/Unidade","3,99€",https://cdn.intermarche.pt/pt/Content/images/boitmal/produit/zoom/AD396F2FC955A3B9E7074AF5D74FE51A.jpg,,/product/super-cola-3-original-(3g-+-33%25-gratis)/8410436270687
2822,"Super Cola 3, power flex",8410436072151,10650,10101,Embalagem de 3 g,Loctite,,"1996,67€/Kg","5,99€",https://cdn.intermarche.pt/pt/Content/images/boitmal/produit/zoom/4D82EFA0A3B64A7E807C1A23DE7B79FE.jpg,,/product/super-cola-3-power-flex/8410436072151
29202,Super Cola 3 c/Pincel,8410436271325,10650,10101,1 Embalagem 5G,Loctite,,"1298,00€/Kg","6,49€",https://cdn.intermarche.pt/pt/Content/images/boitmal/produit/zoom/ACCDCED5D2FD45E8332FC2D5846057F6.jpg,,/product/super-cola-3-c-ou-pincel/8410436271325
787,Cola de Contacto Universal,4015000414920,10650,10101,Embalagem de 30 g,Pattex,,"99,67€/Kg","2,99€",https://cdn.intermarche.pt/pt/Content/images/boitmal/produit/zoom/CA9AAC1089996C3A0BC77CCA4D1E5C16.jpg,,/product/cola-de-contacto-universal/4015000414920
17469,Cola Especial Plásticos,8004630908110,10650,10101,Embalagem de 30 g,Pattex,,"116,33€/Kg","3,49€",https://cdn.intermarche.pt/pt/Content/images/boitmal/produit/zoom/0FEC73BA60C96D60055FA76F0498E403.jpg,,/product/cola-especial-plasticos/8004630908110
18204,SuperCeys,8411519190014,10650,10101,1 unidade,Ceys,,"3,59€/Unidade","3,59€",https://cdn.intermarche.pt/pt/Content/images/boitmal/produit/zoom/56D8BC67F6DD73C2F99A64BC5A9FF4DC.jpg,,/product/superceys/8411519190014
19509,Super Cola 3 Mini Trio Power Flex,8410436270847,10650,10101,Embalagem de 3x1 g,Loctite,,"1996,67€/Kg","5,99€",https://cdn.intermarche.pt/pt/Content/images/boitmal/produit/zoom/421E3DDE8B8501357E6FB22ACD2A4F1C.jpg,,/product/super-cola-3-mini-trio-power-flex/8410436270847
20163,"Fita Teflon, 2 Rolos",5604612007133,10650,10101,1 unidade,Itools,,"2,49€/Unidade","2,49€",https://cdn.intermarche.pt/pt/Content/images/boitmal/produit/zoom/8E9B06E5A91ED51933B72329A13C9916.jpg,,/product/fita-teflon-2-rolos/5604612007133
20164,"Fita Isoladora, 2 Rolos",5604612008772,10650,10101,1 unidade,Itools,,"2,49€/Unidade","2,49€",https://cdn.intermarche.pt/pt/Content/images/boitmal/produit/zoom/32F00A77FC7C1381EBEF5A14550B3BE9.jpg,,/product/fita-isoladora-2-rolos/5604612008772
20183,"Fita Castanha, 50mmx66m",5604612128708,10650,10101,1 unidade,Vito,,"2,99€/Unidade","2,99€",https://cdn.intermarche.pt/pt/Content/images/boitmal/produit/zoom/658A58FDB9B22B09E41E65AF0119BA45.jpg,,/product/fita-castanha-50mmx66m/5604612128708
20184,"Fita Papel, 25mmx50m",5604612128852,10650,10101,1 unidade,Vito,,"2,29€/Unidade","2,29€",https://cdn.intermarche.pt/pt/Content/images/boitmal/produit/zoom/5B34AF9EC119BCC343A3533F0E03C2E1.jpg,,/product/fita-papel-25mmx50m/5604612128852
20185,"Fita Papel, 50mmx50m",5604612128883,10650,10101,1 unidade,Vito,,"4,49€/Unidade","4,49€",https://cdn.intermarche.pt/pt/Content/images/boitmal/produit/zoom/0F2AD04CD7CD4DDA530D18A33C9C78B9.jpg,,/product/fita-papel-50mmx50m/5604612128883
20187,Super Cola para Madeira,5604612104320,10650,10101,1 unidade,Vito,,"2,09€/Unidade","2,09€",https://cdn.intermarche.pt/pt/Content/images/boitmal/produit/zoom/AFA48294E51713898ADCD2A22606B1B3.jpg,,/product/super-cola-para-madeira/5604612104320
20188,Cola de Contacto Liquida,5604612104306,10650,10101,1 unidade,Vito,,"4,49€/Unidade","4,49€",https://cdn.intermarche.pt/pt/Content/images/boitmal/produit/zoom/7101FEB88D6F6E222B1E8B018E599E6B.jpg,,/product/cola-de-contacto-liquida/5604612104306
20405,Cola BricoCeys,8411519240016,10650,10101,1 unidade,Ceys,,"3,99€/Unidade","3,99€",https://cdn.intermarche.pt/pt/Content/images/boitmal/produit/zoom/7A8BD7DD10B4D73214B2BB8FE66A2C09.jpg,,/product/cola-bricoceys/8411519240016
25633,Super Cola 3 Mini Trio C/ Oferta de 1 Tubo Grátis,8410436270823,10650,10101,4 g,Loctite,,"1247,50€/Kg","4,99€",https://cdn.intermarche.pt/pt/Content/images/boitmal/produit/zoom/851A60ED1D7AFEE59DDD53887E01F437.jpg,,/product/super-cola-3-mini-trio-c-ou-oferta-de-1-tubo-gratis/8410436270823
25634,Super Cola 3 Precisão C/ 50% Grátis,8410436270724,10650,10101,7.5 g,Loctite,,"748,75€/Kg","5,99€",https://cdn.intermarche.pt/pt/Content/images/boitmal/produit/zoom/AD07FF3F3CFD839117882CBBFAE96687.jpg,,/product/super-cola-3-precisao-c-ou-50%25-gratis/8410436270724
29203,Super Cola 3 - Control,8410436271387,10650,10101,1 Embalagem 3G,Loctite,,"2330,00€/Kg","6,99€",https://cdn.intermarche.pt/pt/Content/images/boitmal/produit/zoom/BB0B387DA8C7B7790DCA9608E55E91FC.jpg,,/product/super-cola-3-control/8410436271387
33379,Tri-Action Ceys,8411519772289,10650,10101,1 unidade,Ceys,,"5,99€/Unidade","5,99€",https://cdn.intermarche.pt/pt/Content/images/boitmal/produit/zoom/A4DD0DE1A48B77875455F5ACCBAF1F93.jpg,,/product/tri-action-ceys/8411519772289
33380,Plastic Ceys,8411519290011,10650,10101,1 unidade,Ceys,,"3,49€/Unidade","3,49€",https://cdn.intermarche.pt/pt/Content/images/boitmal/produit/zoom/3C6AF0A9DA396BB8C98455D94447EF6F.jpg,,/product/plastic-ceys/8411519290011
33381,Têxtil Ceys,8411519460018,10650,10101,1 unidade,Ceys,,"3,99€/Unidade","3,99€",https://cdn.intermarche.pt/pt/Content/images/boitmal/produit/zoom/31E0FA697A4642D894AF4CDA1EF4A2D8.jpg,,/product/textil-ceys/8411519460018
3412,Power Tape 50x5m,8004630888429,10650,10101,1 unidade,Pattex,,"7,89€/Unidade","7,89€",https://cdn.intermarche.pt/pt/Content/images/boitmal/produit/zoom/0CC0C9F4CD6D102092C28A8C1A6FF01D.jpg,,/product/power-tape-50x5m/8004630888429
3423,Não Mais Pregos Fita Dupla Face,8410436145343,10650,10101,1 unidade,Pattex,,"7,99€/Unidade","7,99€",https://cdn.intermarche.pt/pt/Content/images/boitmal/produit/zoom/405677DA2E19C254AC332CD74CF792FE.jpg,,/product/nao-mais-pregos-fita-dupla-face/8410436145343
41091,Silicone renew branco,8410436402811,10650,10101,Embalagem de 100 ml,Pattex,,"99,90€/L","9,99€",https://cdn.intermarche.pt/pt/Content/images/boitmal/produit/zoom/30F52B3D4348CB8BA7E079F809D10048.jpg,,/product/silicone-renew-branco/8410436402811
41589,Super cola unick,8411519742039,10650,10101,3 g,Ceys,,"4,99€/Unidade","4,99€",https://cdn.intermarche.pt/pt/Content/images/boitmal/produit/zoom/363D7F0414DD3169B25E1824B477D3CE.jpg,,/product/super-cola-unick/8411519742039
48838,Cola madeira,4015000414883,10650,10101,75 ml,Pattex,,"39,87€/L","2,99€",https://cdn.intermarche.pt/pt/Content/images/boitmal/produit/zoom/3CFED390980FDF09C15B83EFD3735ED8.jpg,,/product/cola-madeira/4015000414883
50307,Cola branca rápida,8411519716122,10650,10101,75 g,Ceys,,"39,87€/Kg","2,99€",https://cdn.intermarche.pt/pt/Content/images/boitmal/produit/zoom/75410FBE266C309DC3CBF904C95BB6E1.jpg,,/product/cola-branca-rapida/8411519716122
7885,Young creativ pen,4026700390353,10650,10101,Embalagem de 50 ml,Uhu,,"43,80€/L","2,19€",https://cdn.intermarche.pt/pt/Content/images/boitmal/produit/zoom/7EE4B109AB58EA8A3F7C6387824D4D6A.jpg,,/product/young-creativ-pen/4026700390353
17470,Cola Especial Calçado,8004630908011,10650,10101,Embalagem de 30 g,Pattex,,"149,67€/Kg","4,49€",https://cdn.intermarche.pt/pt/Content/images/boitmal/produit/zoom/1F7E872DA42AE1F89F487D2B3D4A6FF3.jpg,,/product/cola-especial-calcado/8004630908011
20182,"Fita de Embalar Transparente, 50mmx66m",5604612128715,10650,10101,1 unidade,Vito,,"2,99€/Unidade","2,99€",https://cdn.intermarche.pt/pt/Content/images/boitmal/produit/zoom/9D0051BE3A3700B6B45FDD5FCD614B50.jpg,,/product/fita-de-embalar-transparente-50mmx66m/5604612128715
12206,Pellets madeira,5608272000114,10944,10101,Embalagem de 15kg,Nova lenha,,"0,33€/Kg","4,99€",https://cdn.intermarche.pt/pt/Content/images/boitmal/produit/zoom/1FA0E1528B7AD0E4A7FB71B9E411015C.jpg,,/product/pellets-madeira/5608272000114
1930,"Limpa vidros, azul",5604260054428,10651,10102,Embalagem de 5 l,PorSi,,"0,50€/L","2,49€",https://cdn.intermarche.pt/pt/Content/images/boitmal/produit/zoom/51F93AA6A5F121ED972C89CB2634BC27.jpg,,/product/limpa-vidros-azul/5604260054428
9531,Limpa vidros azul concentrado,5604260131303,10651,10102,Embalagem de 1 l,PorSi,,"2,59€/L","2,59€",https://cdn.intermarche.pt/pt/Content/images/boitmal/produit/zoom/ADC935D80F8A3080384D1B912977A8CE.jpg,,/product/limpa-vidros-azul-concentrado/5604260131303
1394,"Massa polir, em bisnaga",5601214454105,10651,10102,Embalagem de 125 ml,Redex,,"39,92€/L","4,99€",https://cdn.intermarche.pt/pt/Content/images/boitmal/produit/zoom/CBD79BC5B8D26B05A3B1FA076E43035D.jpg,,/product/massa-polir-em-bisnaga/5601214454105
1839,Shampo automóvel laranja,5604260034581,10651,10102,Embalagem de 5 l,PorSi,,"0,80€/L","3,99€",https://cdn.intermarche.pt/pt/Content/images/boitmal/produit/zoom/8E409791D117C7FAC46D8E9AA4924833.jpg,,/product/shampo-automovel-laranja/5604260034581
12047,Repelente de água,5604260128648,10651,10102,Embalagem de 250 ml,PorSi,,"19,96€/L","4,99€",https://cdn.intermarche.pt/pt/Content/images/boitmal/produit/zoom/EAA7768CE2FDA307D9CDBFB62CE0E36E.jpg,,/product/repelente-de-agua/5604260128648
1396,Redex magic spray,5601214454334,10651,10102,Embalagem de 300 ml,Redex,,"16,63€/L","4,99€",https://cdn.intermarche.pt/pt/Content/images/boitmal/produit/zoom/5933A4DDB6FDB0FD3136F0E58E8054E7.jpg,,/product/redex-magic-spray/5601214454334
17695,Spray Limpa Cockpit,5601214455744,10651,10102,Embalagem de 600 ml + oferta pano micro-fibra,Redex,,"9,98€/L","5,99€",https://cdn.intermarche.pt/pt/Content/images/boitmal/produit/zoom/11A2A35FF46DE7D0044EF7D9699C023D.jpg,,/product/spray-limpa-cockpit/5601214455744
1838,"Shampoo, laranja",5604260034574,10651,10102,Embalagem de 1 l,PorSi,,"1,99€/L","1,99€",https://cdn.intermarche.pt/pt/Content/images/boitmal/produit/zoom/0104B8BF62B6E59B6D409B18AB4E8B02.jpg,,/product/shampoo-laranja/5604260034574
1929,Limpa vidros azul,5604260054411,10651,10102,Embalagem de 1 l,PorSi,,"1,49€/L","1,49€",https://cdn.intermarche.pt/pt/Content/images/boitmal/produit/zoom/E2242E65AAA6C468008009D818A9DBCF.jpg,,/product/limpa-vidros-azul/5604260054411
1931,Liquido refrigerante verde 10%,5604260054435,10651,10102,Embalagem de 1 l,PorSi,,"1,99€/L","1,99€",https://cdn.intermarche.pt/pt/Content/images/boitmal/produit/zoom/AF707D8DBF54CF1D3D09C8B2DD65D49B.jpg,,/product/liquido-refrigerante-verde-10%25/5604260054435
1932,"Líquido refrigerante, verde 10%",5604260054442,10651,10102,Embalagem de 5 l,PorSi,,"0,80€/L","3,99€",https://cdn.intermarche.pt/pt/Content/images/boitmal/produit/zoom/93D41950C72409AD20D56807DC2F69DA.jpg,,/product/liquido-refrigerante-verde-10%25/5604260054442
2022,Anticongelante vermelho 20%,5604260128488,10651,10102,Embalagem de 1 l,PorSi,,"3,99€/L","3,99€",https://cdn.intermarche.pt/pt/Content/images/boitmal/produit/zoom/2BACD04CCE68B321BB1CB766E45687D7.jpg,,/product/anticongelante-vermelho-20%25/5604260128488
2023,Limpa Tablier,5604260284894,10651,10102,Embalagem de 1 l,PorSi,,"3,39€/L","3,39€",https://cdn.intermarche.pt/pt/Content/images/boitmal/produit/zoom/6140A817A91B3E4727030C29C08A251E.jpg,,/product/limpa-tablier/5604260284894
2024,Lustrante Pneus,5604260284931,10651,10102,Embalagem de 1 l,PorSi,,"3,69€/L","3,69€",https://cdn.intermarche.pt/pt/Content/images/boitmal/produit/zoom/835D39BB20C27D90F55B12502489E66C.jpg,,/product/lustrante-pneus/5604260284931
2025,Limpa Estofos de Tecido,5604260284917,10651,10102,Embalagem de 1 l,PorSi,,"2,79€/L","2,79€",https://cdn.intermarche.pt/pt/Content/images/boitmal/produit/zoom/F9B920466C5AAC51B4EC74DE62822619.jpg,,/product/limpa-estofos-de-tecido/5604260284917
2026,Limpa Estofos de Pele,5604260284900,10651,10102,Embalagem de 1 l,PorSi,,"4,99€/L","4,99€",https://cdn.intermarche.pt/pt/Content/images/boitmal/produit/zoom/8A6E52BE70871A88F10F00F977909684.jpg,,/product/limpa-estofos-de-pele/5604260284900
2027,Remove Insectos,5604260284979,10651,10102,Embalagem de 1 l,PorSi,,"4,99€/L","4,99€",https://cdn.intermarche.pt/pt/Content/images/boitmal/produit/zoom/7FC51F4FD919C32AD64D5F9C021C21A5.jpg,,/product/remove-insectos/5604260284979
2028,Limpa Motores,5604260284955,10651,10102,Embalagem de 1 l,PorSi,,"4,99€/L","4,99€",https://cdn.intermarche.pt/pt/Content/images/boitmal/produit/zoom/B0B68C00E5E0A9D3CA96B2B374C4F3D4.jpg,,/product/limpa-motores/5604260284955
2029,Anti-embaciante,5604260128563,10651,10102,Embalagem de 250 ml,PorSi,,"23,16€/L","5,79€",https://cdn.intermarche.pt/pt/Content/images/boitmal/produit/zoom/929EFE6BE7C3C4F716A264156BA78093.jpg,,/product/anti-embaciante/5604260128563
2032,Lubrificante multi-usos,5604260128600,10651,10102,Embalagem de 400 ml,PorSi,,"8,73€/L","3,49€",https://cdn.intermarche.pt/pt/Content/images/boitmal/produit/zoom/6F4532F81216DADA24B5731AA03F2B7F.jpg,,/product/lubrificante-multi-usos/5604260128600
2035,"Polish, em bisnaga",5604260128631,10651,10102,Embalagem de 250 ml,PorSi,,"19,96€/L","4,99€",https://cdn.intermarche.pt/pt/Content/images/boitmal/produit/zoom/71A404D5BF03C864B008DC2815C5AB56.jpg,,/product/polish-em-bisnaga/5604260128631
2036,Limpa Jantes,5604260284948,10651,10102,Embalagem de 1 l,PorSi,,"2,89€/L","2,89€",https://cdn.intermarche.pt/pt/Content/images/boitmal/produit/zoom/47D4BC19A00FD6A4B71B6937F1898D85.jpg,,/product/limpa-jantes/5604260284948
33216,Toalhetes Auto para Cabedal,5020144846727,10651,10102,Embalagem com 20 uni.,Armor All,,"3,29€/Unidade","3,29€",https://cdn.intermarche.pt/pt/Content/images/boitmal/produit/zoom/EBA808A68DC292A6B8754C5AC6418279.jpg,,/product/toalhetes-auto-para-cabedal/5020144846727
36016,Toalhetes auto vidros,5020144846703,10651,10102,Embalagem com 20 uni.,Armor All,,"3,29€/Unidade","3,29€",https://cdn.intermarche.pt/pt/Content/images/boitmal/produit/zoom/D32318E5FC7FEDB14797B72602A53C7E.jpg,,/product/toalhetes-auto-vidros/5020144846703
8745,Shampô vermelho,5601214454129,10651,10102,Embalagem de 1 l,Redex,,"2,99€/L","2,99€",https://cdn.intermarche.pt/pt/Content/images/boitmal/produit/zoom/A5F9A738841FAB76DFB92D86F0F2391B.jpg,,/product/shampo-vermelho/5601214454129
9518,Limpa Vidros Azul,5604260284863,10651,10102,Embalagem de 1 l,PorSi,,"4,99€/L","4,99€",https://cdn.intermarche.pt/pt/Content/images/boitmal/produit/zoom/048E3BA63333FF65F17B3377BB95A5FD.jpg,,/product/limpa-vidros-azul/5604260284863
9519,Massa de polir fina,5604260128587,10651,10102,Embalagem de 250 ml,PorSi,,"15,96€/L","3,99€",https://cdn.intermarche.pt/pt/Content/images/boitmal/produit/zoom/D9BEE832F276A3607A30AB3506802E70.jpg,,/product/massa-de-polir-fina/5604260128587
9520,Renovador de Parachoques,5604260284962,10651,10102,Embalagem de 1 l,PorSi,,"5,99€/L","5,99€",https://cdn.intermarche.pt/pt/Content/images/boitmal/produit/zoom/4F465D63B0AC511B268D40D85D0673B0.jpg,,/product/renovador-de-parachoques/5604260284962
1402,"Bala spray, 400 ml",5601214460014,10651,10102,,Redex,,"14,98€/L","5,99€",https://cdn.intermarche.pt/pt/Content/images/boitmal/produit/zoom/42C1850EA21729819101FFCAE5A49E4C.jpg,,/product/bala-spray-400-ml/5601214460014
1531,Líquido p/ Radiador Verde 10% Concentração,5601457345680,10651,10102,Embalagem de 5 l,Arbo,,"0,80€/L","3,99€",https://cdn.intermarche.pt/pt/Content/images/boitmal/produit/zoom/9FECCC26988D8E38D77155C205AA9A98.jpg,,/product/liquido-p-ou-radiador-verde-10%25-concentracao/5601457345680
8743,"Shampoo, vermelho",5601214404018,10651,10102,Embalagem de 5 l,Redex,,"1,30€/L","6,49€",https://cdn.intermarche.pt/pt/Content/images/boitmal/produit/zoom/684FFA3D3BF6C6D44665F389B803C8F7.jpg,,/product/shampoo-vermelho/5601214404018
8480,Óleo Multidiesel 15w40,5601084111405,10652,10102,Embalagem de 5 l,Galp,,"5,20€/L","25,99€",https://cdn.intermarche.pt/pt/Content/images/boitmal/produit/zoom/E9A837F66CAA56DBACC6D71F6EEB6A25.jpg,,/product/oleo-multidiesel-15w40/5601084111405
873,Multi-usos,5032227340022,10652,10102,200 ml,Wd40,,"29,45€/L","5,89€",https://cdn.intermarche.pt/pt/Content/images/boitmal/produit/zoom/F0DD6C18BF9ABE224B0B8DFCFA5497FB.jpg,,/product/multi-usos/5032227340022
9521,Aditivo diesel,5604260128693,10652,10102,Embalagem de 250 ml,PorSi,,"11,96€/L","2,99€",https://cdn.intermarche.pt/pt/Content/images/boitmal/produit/zoom/1B2B6E64410021651957A86031FCA0CA.jpg,,/product/aditivo-diesel/5604260128693
1154,Óleo Performa 10W40,5601084111023,10652,10102,Embalagem de 1 l,Galp,,"12,99€/L","12,99€",https://cdn.intermarche.pt/pt/Content/images/boitmal/produit/zoom/FCA00B931AD2E28E968ED83FCC3F392C.jpg,,/product/oleo-performa-10w40/5601084111023
1155,Óleo Performa 10W40,5601084111030,10652,10102,Embalagem de 5 l,Galp,,"8,00€/L","39,99€",https://cdn.intermarche.pt/pt/Content/images/boitmal/produit/zoom/FD1D15B596111A773B8738C27C33C512.jpg,,/product/oleo-performa-10w40/5601084111030
1156,Óleo Performa 15W40,5601084111047,10652,10102,Embalagem de 1 l,Galp,,"11,99€/L","11,99€",https://cdn.intermarche.pt/pt/Content/images/boitmal/produit/zoom/150497A96EB37EB9D517FA4301783C5C.jpg,,/product/oleo-performa-15w40/5601084111047
1158,Óleo Multigasolina 20W40,5601084111412,10652,10102,Embalagem de 5 l,Galp,,"5,20€/L","25,99€",https://cdn.intermarche.pt/pt/Content/images/boitmal/produit/zoom/6A5ADC6C994A7C277438049B035E4D78.jpg,,/product/oleo-multigasolina-20w40/5601084111412
1400,Óleo para travões,5601214456024,10652,10102,Embalagem de 250 ml,Redex,,"18,76€/L","4,69€",https://cdn.intermarche.pt/pt/Content/images/boitmal/produit/zoom/12A1685D4C595F3C9CCF3F1B894930CE.jpg,,/product/oleo-para-travoes/5601214456024
16453,Óleo Gasolina 20w40,5604260276967,10652,10102,Embalagem de 5 l,PorSi,,"4,00€/L","19,99€",https://cdn.intermarche.pt/pt/Content/images/boitmal/produit/zoom/CF94934DBFFBF031EC8D598A62D082FB.jpg,,/product/oleo-gasolina-20w40/5604260276967
16454,Óleo Diesel 15w40,5604260276950,10652,10102,Embalagem de 5 l,PorSi,,"4,40€/L","21,99€",https://cdn.intermarche.pt/pt/Content/images/boitmal/produit/zoom/074A2C52349CF2166F16B8101998F61D.jpg,,/product/oleo-diesel-15w40/5604260276950
18876,Tapa Fugas Radiador,5020144804215,10652,10102,Embalagem de 300 ml,Stp,,"23,30€/L","6,99€",https://cdn.intermarche.pt/pt/Content/images/boitmal/produit/zoom/08CD2957EC445EF499F05720704C73C6.jpg,,/product/tapa-fugas-radiador/5020144804215
19140,Óleo 15w40,5604260276943,10652,10102,Embalagem de 5 l,PorSi,,"4,00€/L","19,99€",https://cdn.intermarche.pt/pt/Content/images/boitmal/produit/zoom/5B82658D38E36680FD3925C55DBB27DD.jpg,,/product/oleo-15w40/5604260276943
19691,Multi-usos,5032227349629,10652,10102,Embalagem de 250 ml + 40 ml grátis,Wd40,,"31,00€/L","8,99€",https://cdn.intermarche.pt/pt/Content/images/boitmal/produit/zoom/96A2D76FB2684C5AD7B5F8E7CD4F3459.jpg,,/product/multi-usos/5032227349629
2020,Limpa injetores diesel,5604260128464,10652,10102,Embalagem de 250 ml,PorSi,,"15,96€/L","3,99€",https://cdn.intermarche.pt/pt/Content/images/boitmal/produit/zoom/BC122101F3BA10BBC51B5BD80753FA6E.jpg,,/product/limpa-injetores-diesel/5604260128464
2021,Limpa injetores gasolina,5604260128471,10652,10102,Embalagem de 250 ml,PorSi,,"15,96€/L","3,99€",https://cdn.intermarche.pt/pt/Content/images/boitmal/produit/zoom/89BB15EA2F3F079E5C73710517DA54C7.jpg,,/product/limpa-injetores-gasolina/5604260128471
2033,Lubrificante para correntes,5604260128617,10652,10102,Embalagem de 400 ml,PorSi,,"12,48€/L","4,99€",https://cdn.intermarche.pt/pt/Content/images/boitmal/produit/zoom/448595692DB53E6C85FEA5982B364B06.jpg,,/product/lubrificante-para-correntes/5604260128617
2034,Anticongelante vermelho 20%,5604260128624,10652,10102,Embalagem de 5 l,PorSi,,"1,40€/L","6,99€",https://cdn.intermarche.pt/pt/Content/images/boitmal/produit/zoom/5EC924503D6098E7A188D8644664238D.jpg,,/product/anticongelante-vermelho-20%25/5604260128624
2038,Aditivo gasolina,5604260128686,10652,10102,Embalagem de 250 ml,PorSi,,"11,96€/L","2,99€",https://cdn.intermarche.pt/pt/Content/images/boitmal/produit/zoom/E7B76D688D68FCE15ABD06EAA1B9325E.jpg,,/product/aditivo-gasolina/5604260128686
33414,Óleo sintético 5w-40,5604260276899,10652,10102,1 litro,PorSi,,"9,99€/L","9,99€",https://cdn.intermarche.pt/pt/Content/images/boitmal/produit/zoom/CEE1A2E76DC0B9D9AB2D8DFA2C26E1C2.jpg,,/product/oleo-sintetico-5w-40/5604260276899
47980,Limpa radiadores,5604260274475,10652,10102,Embalagem de 250 ml,PorSi,,"19,96€/L","4,99€",https://cdn.intermarche.pt/pt/Content/images/boitmal/produit/zoom/A0FE5FA37CD43741EF2E47CF52955AFC.jpg,,/product/limpa-radiadores/5604260274475
49150,Spray massa consistente,5032227342170,10652,10102,400 ml,Wd40,,"28,48€/L","11,39€",https://cdn.intermarche.pt/pt/Content/images/boitmal/produit/zoom/0D3FC02553AC1D3FA525259949CF53B9.jpg,,/product/spray-massa-consistente/5032227342170
49694,Óleo 15w40,5604260276936,10652,10102,Embalagem de 1 l,PorSi,,"6,99€/L","6,99€",https://cdn.intermarche.pt/pt/Content/images/boitmal/produit/zoom/EF6F5BE14C2B0FD27668E9733A0BA5B9.jpg,,/product/oleo-15w40/5604260276936
51431,Kit Inspeção Periódica Diesel,8430624757615,10652,10102,2 x 200 ml,Stp,,"34,98€/L","13,99€",https://cdn.intermarche.pt/pt/Content/images/boitmal/produit/zoom/BE15E780CE9A60F2EBF82996E4255952.jpg,,/product/kit-inspecao-periodica-diesel/8430624757615
8080,Limpa injectores diesel,5020144814597,10652,10102,Embalagem de 200 ml,Stp,,"39,95€/L","7,99€",https://cdn.intermarche.pt/pt/Content/images/boitmal/produit/zoom/A67EBACA4820D558581DD3D74B8A259D.jpg,,/product/limpa-injectores-diesel/5020144814597
8479,Óleo Performa 15W40,5601084111054,10652,10102,Embalagem de 5 l,Galp,,"7,60€/L","37,99€",https://cdn.intermarche.pt/pt/Content/images/boitmal/produit/zoom/B723EA8A78EA9D9340D0BA649D6A4A2D.jpg,,/product/oleo-performa-15w40/5601084111054
8747,Óleo travões,5601214456031,10652,10102,Embalagem de 500 ml,Redex,,"9,98€/L","4,99€",https://cdn.intermarche.pt/pt/Content/images/boitmal/produit/zoom/760F316475BC9E507E1ACAF6FDA0F9DD.jpg,,/product/oleo-travoes/5601214456031
19153,Óleo 10w40 Semi-Sintectico,5604260276912,10652,10102,Embalagem de 1 l,PorSi,,"9,99€/L","9,99€",https://cdn.intermarche.pt/pt/Content/images/boitmal/produit/zoom/57E9F5A57CC8956C93FFDF623FB4E419.jpg,,/product/oleo-10w40-semi-sintectico/5604260276912
46349,Óleo 5w40,5604260276905,10652,10102,Embalagem de 5 litros,PorSi,,"6,60€/L","32,99€",https://cdn.intermarche.pt/pt/Content/images/boitmal/produit/zoom/A8EAE4DCAE68CF244136DC1EC9F49332.jpg,,/product/oleo-5w40/5604260276905
48803,Óleo direção assistida aditivado,5601214461011,10652,10102,Embalagem de 500 ml,Redex,,"19,98€/L","9,99€",https://cdn.intermarche.pt/pt/Content/images/boitmal/produit/zoom/9230A279ABB377BFE8206C4D79B19C02.jpg,,/product/oleo-direcao-assistida-aditivado/5601214461011
49695,Óleo 10w40 Semi-Sintectico,5604260276929,10652,10102,Embalagem de 5 l,PorSi,,"5,20€/L","25,99€",https://cdn.intermarche.pt/pt/Content/images/boitmal/produit/zoom/2B60FD9796929A48F9ACDBB1E65C8479.jpg,,/product/oleo-10w40-semi-sintectico/5604260276929
1389,Aditivo gasolina sem chumbo,5601214406012,10653,10102,Embalagem de 250 ml,Redex,,"17,96€/L","4,49€",https://cdn.intermarche.pt/pt/Content/images/boitmal/produit/zoom/0695125C66C4EC7CA08FDFA48BE25115.jpg,,/product/aditivo-gasolina-sem-chumbo/5601214406012
19929,Colete Alta Visibilidade Verde,5606820016211,10653,10102,Uma unidade,Audiocar,,"3,49€/Unidade","3,49€",https://cdn.intermarche.pt/pt/Content/images/boitmal/produit/zoom/630DB5AACE1DDC0101462ED0DE8BE17D.jpg,,/product/colete-alta-visibilidade-verde/5606820016211
52576,"Adblue, 10 litros",5600240465024,10653,10102,,Bluechem,,"1,10€/L","10,99€",https://cdn.intermarche.pt/pt/Content/images/boitmal/produit/zoom/D8D8990C4CBDE8BC7C8CD8290046598E.jpg,,/product/adblue-10-litros/5600240465024
49885,Ambientador auto coco,5604260275021,10564,10082,1 unidade,PorSi,,"0,99€/Unidade","0,99€",https://cdn.intermarche.pt/pt/Content/images/boitmal/produit/zoom/65624AD842D72E00AF52111F3D49D97A.jpg,,/product/ambientador-auto-coco/5604260275021
49886,Ambientador auto morango,5604260275052,10564,10082,1 unidade,PorSi,,"0,99€/Unidade","0,99€",https://cdn.intermarche.pt/pt/Content/images/boitmal/produit/zoom/E5222DE915BC43DBC42924C83448E4E5.jpg,,/product/ambientador-auto-morango/5604260275052
3402,Ambientador arbre magique côco,8001365055362,10564,10082,1 unidade,Arbre Magique,,"1,99€/Unidade","1,99€",https://cdn.intermarche.pt/pt/Content/images/boitmal/produit/zoom/CB63563D5BB10A733FC81A33BA080780.jpg,,/product/ambientador-arbre-magique-coco/8001365055362
38209,Ambientador auto limão,5604260275045,10564,10082,1 unidade,PorSi,,"0,99€/Unidade","0,99€",https://cdn.intermarche.pt/pt/Content/images/boitmal/produit/zoom/ED237EC21C698755F65F67BD8D9A13DD.jpg,,/product/ambientador-auto-limao/5604260275045
48894,Ambientador limão,5604260322589,10564,10082,frasco de 5 ml,PorSi,,"398,00€/L","1,99€",https://cdn.intermarche.pt/pt/Content/images/boitmal/produit/zoom/C3A15A666EA0D656F5A5D2C6AE6D277C.jpg,,/product/ambientador-limao/5604260322589
48895,Ambientador carro novo,5604260322596,10564,10082,frasco de 5 ml,PorSi,,"398,00€/L","1,99€",https://cdn.intermarche.pt/pt/Content/images/boitmal/produit/zoom/832BCB654781C72797CFE3F136BEFF18.jpg,,/product/ambientador-carro-novo/5604260322596
49212,Ambientador carro baunilha,5604260322565,10564,10082,Frasco de 5 ml,PorSi,,"398,00€/L","1,99€",https://cdn.intermarche.pt/pt/Content/images/boitmal/produit/zoom/7537778E541E3634038F907899D07A92.jpg,,/product/ambientador-carro-baunilha/5604260322565
28894,Ambientador Anti-Tabaco,8001090245311,10564,10082,1 un.,Ambipur,,"3,49€/Unidade","3,49€",https://cdn.intermarche.pt/pt/Content/images/boitmal/produit/zoom/7A6E7B8749D8C5505BFE2393311E4ECF.jpg,,/product/ambientador-anti-tabaco/8001090245311
3404,Ambientador Baunilha,8001365051012,10787,10102,1 unidade,Arbre Magique,,"2,99€/Unidade","2,99€",https://cdn.intermarche.pt/pt/Content/images/boitmal/produit/zoom/7C99BCAC411F54449BFD4C916080C5E9.jpg,,/product/ambientador-baunilha/8001365051012
38210,Ambientador auto pinho,5604260275038,10564,10082,1 unidade,PorSi,,"0,99€/Unidade","0,99€",https://cdn.intermarche.pt/pt/Content/images/boitmal/produit/zoom/3C1C9DCC1734ECB63F0131CF72172F82.jpg,,/product/ambientador-auto-pinho/5604260275038
49213,Ambientador carro morango,5604260322572,10564,10082,Frasco de 5 ml,PorSi,,"398,00€/L","1,99€",https://cdn.intermarche.pt/pt/Content/images/boitmal/produit/zoom/8DB6C37314593C1E9FEBBE13AFF8492E.jpg,,/product/ambientador-carro-morango/5604260322572
49884,Ambientador auto baunilha,5604260275014,10564,10082,1 unidade,PorSi,,"0,99€/Unidade","0,99€",https://cdn.intermarche.pt/pt/Content/images/boitmal/produit/zoom/36E91C5F4C295574EC23691495270FA5.jpg,,/product/ambientador-auto-baunilha/5604260275014
51695,Ambientador Fresh Water,8001365051036,10787,10102,1 unidade,Arbre Magique,,"2,99€/Unidade","2,99€",https://cdn.intermarche.pt/pt/Content/images/boitmal/produit/zoom/90937BDD8242CB9B4BA7F214722D76C0.jpg,,/product/ambientador-fresh-water/8001365051036
7804,"Ambientador carro para ventilador, difusor temporário noturno",4015600641405,10564,10082,1 unidade,Ambipur,,"3,49€/Unidade","3,49€",https://cdn.intermarche.pt/pt/Content/images/boitmal/produit/zoom/4F05E492656C93DC632EDE8AA5FB06AD.jpg,,/product/ambientador-carro-para-ventilador-difusor-temporario-noturno/4015600641405
7807,Ambientador carro para ventilador difusor brisa flor,4015600641610,10564,10082,,Ambipur,,"3,49€/Unidade","3,49€",https://cdn.intermarche.pt/pt/Content/images/boitmal/produit/zoom/AF54900827516E4B2CA17376D48A26F3.jpg,,/product/ambientador-carro-para-ventilador-difusor-brisa-flor/4015600641610
3400,Ambientador arbremagique pinho,8001365055003,10564,10082,1 unidade,Arbre Magique,,"1,99€/Unidade","1,99€",https://cdn.intermarche.pt/pt/Content/images/boitmal/produit/zoom/B484FDD58A5CC4E4691CB1C55914E3DE.jpg,,/product/ambientador-arbremagique-pinho/8001365055003
10921,Pilha alcalina classic lr6x4,3250390075394,10656,10095,1 unidade,Domédia,,"1,59€/Unidade","1,59€",https://cdn.intermarche.pt/pt/Content/images/boitmal/produit/zoom/6C428B6B6637030F49DE33B3A4E74A56.jpg,,/product/pilha-alcalina-classic-lr6x4/3250390075394
10922,Pilha alcalina classic lr03x4,3250390075400,10656,10095,1 unidade,Domédia,,"1,49€/Unidade","1,49€",https://cdn.intermarche.pt/pt/Content/images/boitmal/produit/zoom/DC02FA34BA4924EAFDD3C4C0F004B85A.jpg,,/product/pilha-alcalina-classic-lr03x4/3250390075400
33457,"Pilha alcalina, hightech lr6X8",3250391247486,10656,10095,1 unidade,Domédia,,"3,49€/Unidade","3,49€",https://cdn.intermarche.pt/pt/Content/images/boitmal/produit/zoom/7170A2DD61663FE9BBB300AA0B099224.jpg,,/product/pilha-alcalina-hightech-lr6x8/3250391247486
46369,Pilhas Alcalinas AAA Optimum,5000394139206,10656,10095,Blister 4 Pilhas,Duracell,,"5,99€/Unidade","5,99€",https://cdn.intermarche.pt/pt/Content/images/boitmal/produit/zoom/FE19A65927BF379BB3C0D44953860EE8.jpg,,/product/pilhas-alcalinas-aaa-optimum/5000394139206
11089,Pilha alcalina heightech lr6x4,3505390075760,10656,10095,1 unidade,Domédia,,"1,99€/Unidade","1,99€",https://cdn.intermarche.pt/pt/Content/images/boitmal/produit/zoom/9975E81F0552D7100C1043E5B227D3F8.jpg,,/product/pilha-alcalina-heightech-lr6x4/3505390075760
11090,"Pilha alcalina, hightech lr03x4",3505390075777,10656,10095,1 unidade,Domédia,,"1,99€/Unidade","1,99€",https://cdn.intermarche.pt/pt/Content/images/boitmal/produit/zoom/334AC08AE5BDF7526F310F9CFA2E037E.jpg,,/product/pilha-alcalina-hightech-lr03x4/3505390075777
35640,Pilhas recarregáveis AAA HR03 1.2V 800mAh,3250391230914,10656,10095,Embalagem com 4 unidades,Domédia,,"3,49€/Unidade","3,49€",https://cdn.intermarche.pt/pt/Content/images/boitmal/produit/zoom/1B877F3E095DB6CA333AB61B21608EFE.jpg,,/product/pilhas-recarregaveis-aaa-hr03-1.2v-800mah/3250391230914
35643,Pilhas recarregáveis AA HR6 1.2V 1900mAh,3250391230938,10656,10095,Embalagem com 4 unidades,Domédia,,"6,99€/Unidade","6,99€",https://cdn.intermarche.pt/pt/Content/images/boitmal/produit/zoom/11C18639C691B9341E51D5A5DCBA3544.jpg,,/product/pilhas-recarregaveis-aa-hr6-1.2v-1900mah/3250391230938
4775,2 Pilhas de Comando MN21,5000394203969,10656,10095,,Duracell,,"2,89€/Unidade","2,89€",https://cdn.intermarche.pt/pt/Content/images/boitmal/produit/zoom/E97AF57B61EBB891A818117B94C6D7CB.jpg,,/product/2-pilhas-de-comando-mn21/5000394203969
8031,2 Pilhas Alcalina LR44,5000394504424,10656,10095,,Duracell,,"1,99€/Unidade","1,99€",https://cdn.intermarche.pt/pt/Content/images/boitmal/produit/zoom/AE0C6D747CB39AA64F1AFE7E4375BCC6.jpg,,/product/2-pilhas-alcalina-lr44/5000394504424
46368,Pilhas Alcalinas AA Optimum,5000394139176,10656,10095,Blister 4 Pilhas,Duracell,,"4,99€/Unidade","4,99€",https://cdn.intermarche.pt/pt/Content/images/boitmal/produit/zoom/90E6AF4DBE9189BBDDE9888F74D35258.jpg,,/product/pilhas-alcalinas-aa-optimum/5000394139176
32453,Caixa Arrumação Reciclada,5601296104660,10857,10100,Cap.: 46L,Fapil,,"6,99€/Unidade","6,99€",https://cdn.intermarche.pt/pt/Content/images/boitmal/produit/zoom/6DB22C9FE017F7111934F2E4882AE34B.jpg,,/product/caixa-arrumacao-reciclada/5601296104660
41025,Caixa de arrumação reciclada,5604260304523,10857,10100,40 litros,PorSi,,"7,99€/Unidade","7,99€",https://cdn.intermarche.pt/pt/Content/images/boitmal/produit/zoom/09D479879FA56E5EFCB1D1EFA2095628.jpg,,/product/caixa-de-arrumacao-reciclada/5604260304523
43552,Saco de rede para roupa,5604260304509,10642,10097,Dim.: 30 x 25 cm,PorSi,,"2,79€/Unidade","2,79€",https://cdn.intermarche.pt/pt/Content/images/boitmal/produit/zoom/85BB3E1C7060566778975C0A0C3F71A4.jpg,,/product/saco-de-rede-para-roupa/5604260304509
43727,Escadote em alumínio,5601635626044,10894,10100,4 degraus,Tecrilana,,"42,99€/Unidade","42,99€",https://cdn.intermarche.pt/pt/Content/images/boitmal/produit/zoom/3710E91CF44CC2D926D21AF107ED1EA6.jpg,,/product/escadote-em-aluminio/5601635626044
45922,Tabuada Ratinho,9789899778931,11689,11486,1 un.,Ratinho,,"1,99€/Unidade","1,99€",https://cdn.intermarche.pt/pt/Content/images/boitmal/produit/zoom/09E126079C42963FCBB166D2AFE849D8.jpg,,/product/tabuada-ratinho/9789899778931
54196,Gramática Ratinho,9789729051043,11689,11486,,Ratinho,,"1,99€/Unidade","1,99€",https://cdn.intermarche.pt/pt/Content/images/boitmal/produit/zoom/741AA054BC6B00853ADD2875C49FC283.jpg,,/product/gramatica-ratinho/9789729051043
54154,Bloco de Atividades Pré-escolares Panda - Cores e Formas,9789720108364,11689,11486,,Porto Editora,,"7,69€/Unidade","7,69€",https://cdn.intermarche.pt/pt/Content/images/boitmal/produit/zoom/45EA9FE30F0DB5A97F31B4C92EC85FC1.jpg,,/product/bloco-de-atividades-pre-escolares-panda-cores-e-formas/9789720108364
3069,"Fita adesiva transparente com despensador, 25x19",3250391563791,11491,11487,1 unidade,Domédia,,"1,49€/Unidade","1,49€",https://cdn.intermarche.pt/pt/Content/images/boitmal/produit/zoom/72055CC991E57DC7574D0019DAAF0A00.jpg,,/product/fita-adesiva-transparente-com-despensador-25x19/3250391563791
51584,Caderno agrafado A4 Pautado,5604260324361,11491,11487,80 folhas,PorSi,,"2,39€/Unidade","2,39€",https://cdn.intermarche.pt/pt/Content/images/boitmal/produit/zoom/390ED6C7FF3DAD79060F64275BA405A2.jpg,,/product/caderno-agrafado-a4-pautado/5604260324361
5775,"Caderno A4 Quadriculado Agrafado Capa Preta, 80 Folhas",5604260030064,11491,11487,,PorSi,,"1,29€/Unidade","1,29€",https://cdn.intermarche.pt/pt/Content/images/boitmal/produit/zoom/3B35660DD64E01B8A799275CBEFAABC5.jpg,,/product/caderno-a4-quadriculado-agrafado-capa-preta-80-folhas/5604260030064
16197,Caderno Agrafado Openflex A4 Quadriculado,3020122878216,11491,11487,1 unidade,Oxford,,"3,99€/Unidade","3,99€",https://cdn.intermarche.pt/pt/Content/images/boitmal/produit/zoom/A62930DF435CD9160D7C5CF2010807CD.jpg,,/product/caderno-agrafado-openflex-a4-quadriculado/3020122878216
2908,24 etiquetas azuis,3250390039228,11491,11487,Uma embalagem,Domédia,,"0,59€/Unidade","0,59€",https://cdn.intermarche.pt/pt/Content/images/boitmal/produit/zoom/C7156A798476FFDDF35C28F940925BD1.jpg,,/product/24-etiquetas-azuis/3250390039228
2943,"Carteira etiquetas, 24x35",3250390369394,11491,11487,1 unidade,Domédia,,"0,59€/Unidade","0,59€",https://cdn.intermarche.pt/pt/Content/images/boitmal/produit/zoom/3AAE80CC28F320D995819181F5EA666A.jpg,,/product/carteira-etiquetas-24x35/3250390369394
2981,"Tesoura de escritório, 17 cm",3250391209262,11491,11487,1 unidade,Domédia,,"1,99€/Unidade","1,99€",https://cdn.intermarche.pt/pt/Content/images/boitmal/produit/zoom/9E0F389370EC32AD5B99C22C792F8FB2.jpg,,/product/tesoura-de-escritorio-17-cm/3250391209262
3046,"Elásticos grandes coloridos, pack de 20 unidades",3250391450039,11491,11487,1 embalagem,Domédia,,"0,89€/Unidade","0,89€",https://cdn.intermarche.pt/pt/Content/images/boitmal/produit/zoom/F6DC3A9C338ABF9950EA2825259DBB87.jpg,,/product/elasticos-grandes-coloridos-pack-de-20-unidades/3250391450039
35116,Papel para fotocópia eco-logical A4,5602024355156,11491,11487,,Navigator,,"5,49€/Unidade","5,49€",https://cdn.intermarche.pt/pt/Content/images/boitmal/produit/zoom/93D01C315011973171835E4E83ADF0B2.jpg,,/product/papel-para-fotocopia-eco-logical-a4/5602024355156
41490,Bloco de cartolinas A4 com 25 folhas sortidas,5604260279081,11491,11487,1 unidade,Domédia,,"2,79€/Unidade","2,79€",https://cdn.intermarche.pt/pt/Content/images/boitmal/produit/zoom/BD5109DD984C92108F92557098C08F39.jpg,,/product/bloco-de-cartolinas-a4-com-25-folhas-sortidas/5604260279081
49696,Bloco Notas A5 Pautado,5604260279753,11491,11487,100 folhas,PorSi,,"1,59€/Unidade","1,59€",https://cdn.intermarche.pt/pt/Content/images/boitmal/produit/zoom/35BE51E54885C62EB8E8426674E95B04.jpg,,/product/bloco-notas-a5-pautado/5604260279753
51582,Envelope sem janela com fita autocolante,5604260279043,11491,11487,25 unidades,PorSi,,"1,99€/Unidade","1,99€",https://cdn.intermarche.pt/pt/Content/images/boitmal/produit/zoom/E1E0E7DACFB5381A7D7561224F548094.jpg,,/product/envelope-sem-janela-com-fita-autocolante/5604260279043
51588,Caderno Espiral A5 Quadricular,5604260324514,11491,11487,80 folhas,PorSi,,"1,79€/Unidade","1,79€",https://cdn.intermarche.pt/pt/Content/images/boitmal/produit/zoom/1443848F8173407FECE9170FF2F6D80F.jpg,,/product/caderno-espiral-a5-quadricular/5604260324514
16196,Caderno Agrafado Openflex A4 Pautado,3020122878193,11491,11487,1 unidade,Oxford,,"3,99€/Unidade","3,99€",https://cdn.intermarche.pt/pt/Content/images/boitmal/produit/zoom/69423D6F58F67B4013EBD3B14707DAD5.jpg,,/product/caderno-agrafado-openflex-a4-pautado/3020122878193
21203,"Pasta de arquivo, lombada estreita, amarela",5604260279616,11491,11487,1 unidade,Domédia,,"2,49€/Unidade","2,49€",https://cdn.intermarche.pt/pt/Content/images/boitmal/produit/zoom/BBA190FF99FC96AC9E9C1F6ECB0258CF.jpg,,/product/pasta-de-arquivo-lombada-estreita-amarela/5604260279616
21205,"Pasta de arquivo, lombada estreita, verde",5604260279593,11491,11487,1 unidade,Domédia,,"2,49€/Unidade","2,49€",https://cdn.intermarche.pt/pt/Content/images/boitmal/produit/zoom/BE08B2433D2D279CF192A4E67A0436EA.jpg,,/product/pasta-de-arquivo-lombada-estreita-verde/5604260279593
26034,Bloco notas a6 pautado,5604260279784,11491,11487,1 un.,PorSi,,"0,99€/Unidade","0,99€",https://cdn.intermarche.pt/pt/Content/images/boitmal/produit/zoom/2D4E266B7ABCFEF360D020FB861E6786.jpg,,/product/bloco-notas-a6-pautado/5604260279784
27946,Separadores Index Verde + Amarelo,0051141906232,11491,11487,1 un.,Post-It,,"3,99€/Unidade","3,99€",https://cdn.intermarche.pt/pt/Content/images/boitmal/produit/zoom/9AE4DE3BF424E001FB30A4202E5C246F.jpg,,/product/separadores-index-verde-+-amarelo/0051141906232
28068,Separador A4 C/ 6 Patilhas,5604730000313,11491,11487,1 un.,Ancor,,"0,59€/Unidade","0,59€",https://cdn.intermarche.pt/pt/Content/images/boitmal/produit/zoom/FBB5994CA3529E09D7ED95482FFB7C23.jpg,,/product/separador-a4-c-ou-6-patilhas/5604730000313
28131,Bloco de Notas Aderente Amarelo,3134375234535,11491,11487,100 folhas,Post-It,,"2,79€/Unidade","2,79€",https://cdn.intermarche.pt/pt/Content/images/boitmal/produit/zoom/013E52D644918060DD30D8CE99BBA6D6.jpg,,/product/bloco-de-notas-aderente-amarelo/3134375234535
2907,Furador com 2 furos,3250390038962,11491,11487,1 unidade,Domédia,,"3,49€/Unidade","3,49€",https://cdn.intermarche.pt/pt/Content/images/boitmal/produit/zoom/55C04C0A50D0C8947BD80FA40504455D.jpg,,/product/furador-com-2-furos/3250390038962
2909,"Argolas, brancas, autocolante, 160 unidades, 13 mm",3250390039280,11491,11487,1 embalagem,Domédia,,"0,79€/Unidade","0,79€",https://cdn.intermarche.pt/pt/Content/images/boitmal/produit/zoom/39B07B86296B95261F140303730F0A58.jpg,,/product/argolas-brancas-autocolante-160-unidades-13-mm/3250390039280
2980,"Tesoura de escritório, 21cm",3250391209248,11491,11487,1 unidade,Domédia,,"2,49€/Unidade","2,49€",https://cdn.intermarche.pt/pt/Content/images/boitmal/produit/zoom/7F6E02A69453A4C5A5224C32191E7F15.jpg,,/product/tesoura-de-escritorio-21cm/3250391209248
3050,"Clips coloridos de metal, pack com 100 unidades",3250391450114,11491,11487,1 embalagem,Domédia,,"0,99€/Unidade","0,99€",https://cdn.intermarche.pt/pt/Content/images/boitmal/produit/zoom/45D9367BD37B0FAA8574DE2D1453AD76.jpg,,/product/clips-coloridos-de-metal-pack-com-100-unidades/3250391450114
3067,"Minas 0. 5 mm, pack de 2 caixas com 12 unidades",3250391563005,11491,11487,Uma embalagem,Domédia,,"1,39€/Unidade","1,39€",https://cdn.intermarche.pt/pt/Content/images/boitmal/produit/zoom/60F2C2F41ED10A57421CF7FA2B6C46A3.jpg,,/product/minas-0.-5-mm-pack-de-2-caixas-com-12-unidades/3250391563005
30922,Separadores A4 6 Pestanas,5609104220199,11491,11487,1 un.,Mab,,"0,69€/Unidade","0,69€",https://cdn.intermarche.pt/pt/Content/images/boitmal/produit/zoom/E8990419FB010F2D3B42BA808B9F95A4.jpg,,/product/separadores-a4-6-pestanas/5609104220199
3267,Pasta Arquivo Cinza Lombada Larga,5604260324705,11491,11487,,PorSi,,"2,79€/Unidade","2,79€",https://cdn.intermarche.pt/pt/Content/images/boitmal/produit/zoom/7093F6BE9F5511C1C6F4209591DC8203.jpg,,/product/pasta-arquivo-cinza-lombada-larga/5604260324705
3294,"Caderno A4 Pautado Agrafado Capa Preta, 80 Folhas",5604260030057,11491,11487,,PorSi,,"1,29€/Unidade","1,29€",https://cdn.intermarche.pt/pt/Content/images/boitmal/produit/zoom/98CE86BD920985FF2E4B16D9D2E0C34B.jpg,,/product/caderno-a4-pautado-agrafado-capa-preta-80-folhas/5604260030057
3295,"Caderno A4 Liso Agrafado Capa Preta, 80 Folhas",5604260030071,11491,11487,,PorSi,,"1,29€/Unidade","1,29€",https://cdn.intermarche.pt/pt/Content/images/boitmal/produit/zoom/EA5EFE5ECF5FF536CDBA5F3ED6B77EFE.jpg,,/product/caderno-a4-liso-agrafado-capa-preta-80-folhas/5604260030071
3296,"Caderno A5 Pautado Agrafado Capa Preta, 80 Folhas",5604260030088,11491,11487,,PorSi,,"0,89€/Unidade","0,89€",https://cdn.intermarche.pt/pt/Content/images/boitmal/produit/zoom/BB936E213FBA44F0B4CFEC0F153E45B2.jpg,,/product/caderno-a5-pautado-agrafado-capa-preta-80-folhas/5604260030088
3298,"Caderno A5 Quadriculado Agrafado Capa Preta, 80 Folhas",5604260030095,11491,11487,,PorSi,,"0,89€/Unidade","0,89€",https://cdn.intermarche.pt/pt/Content/images/boitmal/produit/zoom/5BDD27E2183541418BD2DA32C877B019.jpg,,/product/caderno-a5-quadriculado-agrafado-capa-preta-80-folhas/5604260030095
3997,Pioneses coloridos,3250391450138,11491,11487,Embalagem de 100 unidades,Domédia,,"0,99€/Unidade","0,99€",https://cdn.intermarche.pt/pt/Content/images/boitmal/produit/zoom/5018FE178316BDEB9423DA1764B9144C.jpg,,/product/pioneses-coloridos/3250391450138
41553,Caderno agrafado A4 open flex pautado,3020122878209,11491,11487,48 folhas,Oxford,,"3,99€/Unidade","3,99€",https://cdn.intermarche.pt/pt/Content/images/boitmal/produit/zoom/6750C705FCD52A4CD98836FB00CB10F8.jpg,,/product/caderno-agrafado-a4-open-flex-pautado/3020122878209
41726,Caderno Agrafado Capa Preta Plastificada | A4 Quadriculado,5604260305513,11491,11487,1 unidade,Domédia,,"2,69€/Unidade","2,69€",https://cdn.intermarche.pt/pt/Content/images/boitmal/produit/zoom/850A81F1ED32C89D1E2742CDF0A79C2A.jpg,,/product/caderno-agrafado-capa-preta-plastificada-|-a4-quadriculado/5604260305513
41727,Caderno Agrafado Capa Preta Plastificada | A5 Quadriculado,5604260305537,11491,11487,1 unidade,Domédia,,"1,69€/Unidade","1,69€",https://cdn.intermarche.pt/pt/Content/images/boitmal/produit/zoom/94DB6A9A9B8BAFA9F04BDA540F198799.jpg,,/product/caderno-agrafado-capa-preta-plastificada-|-a5-quadriculado/5604260305537
46068,Bloco esquiço A4,5601645302778,11491,11487,25 folhas,Firmo,,"1,79€/Unidade","1,79€",https://cdn.intermarche.pt/pt/Content/images/boitmal/produit/zoom/D0B7C24E7319EB0F61C5BA8C434F1AFF.jpg,,/product/bloco-esquico-a4/5601645302778
48890,Bloco notas A5 liso,5604260279777,11491,11487,100 folhas ,PorSi,,"1,59€/Unidade","1,59€",https://cdn.intermarche.pt/pt/Content/images/boitmal/produit/zoom/58DAE5E577B3B558F7A5C476866EDE91.jpg,,/product/bloco-notas-a5-liso/5604260279777
49697,Bloco Notas A5 Quadricular,5604260279760,11491,11487,100 folhas,PorSi,,"1,59€/Unidade","1,59€",https://cdn.intermarche.pt/pt/Content/images/boitmal/produit/zoom/C79FBE29D8807DB79FE6F24EDF9D8D84.jpg,,/product/bloco-notas-a5-quadricular/5604260279760
50228,Caderno A4 Quadricular,5604260325245,11491,11487,80 Folhas,PorSi,,"4,99€/Unidade","4,99€",https://cdn.intermarche.pt/pt/Content/images/boitmal/produit/zoom/933FB1FE07D86DF9A1475984F7F5F983.jpg,,/product/caderno-a4-quadricular/5604260325245
50233,Caderno A4 Pautado,5604260325382,11491,11487,80 Folhas,PorSi,,"4,99€/Unidade","4,99€",https://cdn.intermarche.pt/pt/Content/images/boitmal/produit/zoom/818BF72C8536FA3D037E7BE6CEABD5CA.jpg,,/product/caderno-a4-pautado/5604260325382
25407,Esferográfica Azul Média,5609104450008,11492,11487,Embalagem com 4 un.,Mab,,"0,79€/Unidade","0,79€",https://cdn.intermarche.pt/pt/Content/images/boitmal/produit/zoom/88F05690BD324F8288D0C5A729118FA9.jpg,,/product/esferografica-azul-media/5609104450008
3062,Fita corretora,3250391562701,11492,11487,1 unidade,Domédia,,"1,59€/Unidade","1,59€",https://cdn.intermarche.pt/pt/Content/images/boitmal/produit/zoom/886B14CCD822C1D435F99AA3D4739CEE.jpg,,/product/fita-corretora/3250391562701
46538,Apara lápis shakky simples,3154140340124,11492,11487,1 unidade,Maped,,"1,69€/Unidade","1,69€",https://cdn.intermarche.pt/pt/Content/images/boitmal/produit/zoom/793AB27475F269BB0E6C702975B46548.jpg,,/product/apara-lapis-shakky-simples/3154140340124
2848,Esferográfica cristal bl 5 az,0070330100749,11492,11487,1 unidade,Bic,,"2,99€/Unidade","2,99€",https://cdn.intermarche.pt/pt/Content/images/boitmal/produit/zoom/BE913BABB5F132E319F941D860D353BE.jpg,,/product/esferografica-cristal-bl-5-az/0070330100749
2904,Borracha para desenho técnico,3250390038122,11492,11487,1 unidade,Domédia,,"0,89€/Unidade","0,89€",https://cdn.intermarche.pt/pt/Content/images/boitmal/produit/zoom/D1E131139CB76C50DD93DADAC250261A.jpg,,/product/borracha-para-desenho-tecnico/3250390038122
2960,2 lápis hb.,3250391021819,11492,11487,Uma embalagem,Domédia,,"0,59€/Unidade","0,59€",https://cdn.intermarche.pt/pt/Content/images/boitmal/produit/zoom/4A3D6CC1D2D5F74DFA421B2051D2CD02.jpg,,/product/2-lapis-hb./3250391021819
3996,Afia lápis reserva,3250391445875,11492,11487,1 unidade,Domédia,,"0,99€/Unidade","0,99€",https://cdn.intermarche.pt/pt/Content/images/boitmal/produit/zoom/9E6A978D785F8DFE93481C5D24F44E4B.jpg,,/product/afia-lapis-reserva/3250391445875
16585,Esferográfica 4 Cores Shine,3086123307513,11492,11487,1 unidade,Bic,,"3,99€/Unidade","3,99€",https://cdn.intermarche.pt/pt/Content/images/boitmal/produit/zoom/4FA7B1ED5EB0F661582617FF7E3CCE73.jpg,,/product/esferografica-4-cores-shine/3086123307513
25993,Esferográfica Cristal Azul,3086121601118,11492,11487,Embalagem com 10 un.,Bic,,"4,79€/Unidade","4,79€",https://cdn.intermarche.pt/pt/Content/images/boitmal/produit/zoom/ACADC8C557065E57578A759E74220F32.jpg,,/product/esferografica-cristal-azul/3086121601118
2879,"Esferográfica, 4 cores",3086121601613,11492,11487,1 unidade,Bic,,"2,79€/Unidade","2,79€",https://cdn.intermarche.pt/pt/Content/images/boitmal/produit/zoom/B7BA9DB2007F26AE98664EA7576B0FC3.jpg,,/product/esferografica-4-cores/3086121601613
30451,Marcadores Intensity Fine Sortidos,3086123449336,11492,11487,Embalagem com 4 un.,Bic,,"4,79€/Unidade","4,79€",https://cdn.intermarche.pt/pt/Content/images/boitmal/produit/zoom/143234ECC76334A02D76582876173C83.jpg,,/product/marcadores-intensity-fine-sortidos/3086123449336
16153,Caneta BL. Eye UB-150 Verde,5605319150030,11492,11487,1 embalagem,Uni-Ball,,"2,99€/Unidade","2,99€",https://cdn.intermarche.pt/pt/Content/images/boitmal/produit/zoom/0604DA95EEF3F0E68BF9E5EB8A92CEBF.jpg,,/product/caneta-bl.-eye-ub-150-verde/5605319150030
16173,Esferográfica Cristal Ouro e Prata x2,3086123356085,11492,11487,1 unidade,Bic,,"3,69€/Unidade","3,69€",https://cdn.intermarche.pt/pt/Content/images/boitmal/produit/zoom/2F21EF3C687F21D96FFD61E4EEC7F6CF.jpg,,/product/esferografica-cristal-ouro-e-prata-x2/3086123356085
16174,Sublinhador Brite Liner - 3+1,3086126620671,11492,11487,1 unidade,Bic,,"3,69€/Unidade","3,69€",https://cdn.intermarche.pt/pt/Content/images/boitmal/produit/zoom/6C552461FCA07053FDFBEBC0CA1E1A82.jpg,,/product/sublinhador-brite-liner-3+1/3086126620671
16177,Caneta correctora  Shake & Squeeze 2+1,3086126100838,11492,11487,1 unidade,Bic,,"5,89€/Unidade","5,89€",https://cdn.intermarche.pt/pt/Content/images/boitmal/produit/zoom/4AEE0E9CA7E2652CB4C2C9077E82D9B4.jpg,,/product/caneta-correctora-shake-&-squeeze-2+1/3086126100838
25408,Esferográfica Preta Média,5609104450015,11492,11487,Embalagem com 4 un.,Mab,,"0,79€/Unidade","0,79€",https://cdn.intermarche.pt/pt/Content/images/boitmal/produit/zoom/E1DDD38A3AC3391174D531C534BC1060.jpg,,/product/esferografica-preta-media/5609104450015
25409,Esferográfica Verde Média,5609104450046,11492,11487,Embalagem com 4 un.,Mab,,"0,79€/Unidade","0,79€",https://cdn.intermarche.pt/pt/Content/images/boitmal/produit/zoom/509E1D38DF9EB3F27CB3AF15430CAC18.jpg,,/product/esferografica-verde-media/5609104450046
25410,Esferográfica Cor Sortida Média,5609104450022,11492,11487,Embalagem com 4 un.,Mab,,"0,79€/Unidade","0,79€",https://cdn.intermarche.pt/pt/Content/images/boitmal/produit/zoom/392B20A937CB1AAA8BA892ED0A1A06E6.jpg,,/product/esferografica-cor-sortida-media/5609104450022
25411,Esferográfica Azul 0.7mm,5609104290130,11492,11487,Embalagem com 1 un.,Mab,,"0,79€/Unidade","0,79€",https://cdn.intermarche.pt/pt/Content/images/boitmal/produit/zoom/B7D7E46442AFC87B581ECE96F8D9B496.jpg,,/product/esferografica-azul-0.7mm/5609104290130
25414,Esferográfica Azul Retratil 0.7mm,5609104290109,11492,11487,Embalagem com 1 un.,Mab,,"0,79€/Unidade","0,79€",https://cdn.intermarche.pt/pt/Content/images/boitmal/produit/zoom/93377AFD706A2E59EE3B02680CA5738B.jpg,,/product/esferografica-azul-retratil-0.7mm/5609104290109
25416,Esferográfica Vermelha Retratil 0.7mm,5609104290123,11492,11487,Embalagem com 1 un.,Mab,,"0,79€/Unidade","0,79€",https://cdn.intermarche.pt/pt/Content/images/boitmal/produit/zoom/2F98F405764DED978207252430D49217.jpg,,/product/esferografica-vermelha-retratil-0.7mm/5609104290123
25417,Esferográfica Sortida Média,5609104450039,11492,11487,Embalagem com 10 un.,Mab,,"1,29€/Unidade","1,29€",https://cdn.intermarche.pt/pt/Content/images/boitmal/produit/zoom/F1969077B55A8633DCDAAC9F0BCA2794.jpg,,/product/esferografica-sortida-media/5609104450039
25994,Esferográfica Cristal Soft Preta,3086123340701,11492,11487,Embalagem com 4 un.,Bic,,"2,19€/Unidade","2,19€",https://cdn.intermarche.pt/pt/Content/images/boitmal/produit/zoom/D4D082FBED17500811F250AA3F1D4EC1.jpg,,/product/esferografica-cristal-soft-preta/3086123340701
25995,Esferográfica Cristal Soft Azul,3086123340718,11492,11487,Embalagem com 4 un.,Bic,,"2,59€/Unidade","2,59€",https://cdn.intermarche.pt/pt/Content/images/boitmal/produit/zoom/5FCF60D5AC49FAADBA1B1FFF69680B13.jpg,,/product/esferografica-cristal-soft-azul/3086123340718
25996,Esferográfica Cristal Soft Cores Sortidas,3086123340749,11492,11487,Embalagem de 4 un.,Bic,,"2,59€/Unidade","2,59€",https://cdn.intermarche.pt/pt/Content/images/boitmal/produit/zoom/4F66355C50A7BAB86FE51FB1EF9A0A52.jpg,,/product/esferografica-cristal-soft-cores-sortidas/3086123340749
26313,Esferográfica 4 Cores Multi-Function,3086123449541,11492,11487,1 un.,Bic,,"5,79€/Unidade","5,79€",https://cdn.intermarche.pt/pt/Content/images/boitmal/produit/zoom/45DB1D03CEB3AC45241C71E29169BA74.jpg,,/product/esferografica-4-cores-multi-function/3086123449541
28112,Bloco de Notas Aderente Neon,3134375317160,11492,11487,Embalagem com 5 un.,Post-It,,"6,99€/Unidade","6,99€",https://cdn.intermarche.pt/pt/Content/images/boitmal/produit/zoom/844D908578DC486BC99352C6364263DF.jpg,,/product/bloco-de-notas-aderente-neon/3134375317160
2849,"Esferográfica cristal, 5 Uni",0070330100763,11492,11487,1 unidade,Bic,,"2,99€/Unidade","2,99€",https://cdn.intermarche.pt/pt/Content/images/boitmal/produit/zoom/FA19B12ABB26DDCDDBD8B8BD8E5613B5.jpg,,/product/esferografica-cristal-5-uni/0070330100763
2887,"Borracha Technic, 600",3154140117221,11492,11487,embalagem com 2 unidades,Maped,,"1,89€/Unidade","1,89€",https://cdn.intermarche.pt/pt/Content/images/boitmal/produit/zoom/56FE965B05C719B66A4BEEF8E9685965.jpg,,/product/borracha-technic-600/3154140117221
2888,"Borracha mini softy, pack de 3 unidades",3154140124038,11492,11487,1 embalagem,Maped,,"1,69€/Unidade","1,69€",https://cdn.intermarche.pt/pt/Content/images/boitmal/produit/zoom/ABEC7965DA70FE77E535B80107B7735A.jpg,,/product/borracha-mini-softy-pack-de-3-unidades/3154140124038
2903,Borracha para lápis e tinta,3250390038085,11492,11487,1 unidade,Domédia,,"0,59€/Unidade","0,59€",https://cdn.intermarche.pt/pt/Content/images/boitmal/produit/zoom/DE24843BAE7698BEA5DDAD6D95315A62.jpg,,/product/borracha-para-lapis-e-tinta/3250390038085
2915,"Afia lápis metálico, 1 furo",3250390054214,11492,11487,1 unidade,Domédia,,"0,39€/Unidade","0,39€",https://cdn.intermarche.pt/pt/Content/images/boitmal/produit/zoom/0ECEC93349626855F06F4ECFAA3FB3D7.jpg,,/product/afia-lapis-metalico-1-furo/3250390054214
2953,"Estilete lâmina, 9 mm",3250390676331,11492,11487,1 unidade,Domédia,,"1,79€/Unidade","1,79€",https://cdn.intermarche.pt/pt/Content/images/boitmal/produit/zoom/03C64C239A7C4E6699E4DB401F2D0C6D.jpg,,/product/estilete-lamina-9-mm/3250390676331
2984,"Roller azul, ponta media, pack de 2 unidades",3250391323678,11492,11487,1 embalagem,Domédia,,"1,69€/Unidade","1,69€",https://cdn.intermarche.pt/pt/Content/images/boitmal/produit/zoom/43F2D2081597B640D6BE6E7C836857F0.jpg,,/product/roller-azul-ponta-media-pack-de-2-unidades/3250391323678
2985,"Roller preto, ponta media, pack de 2 unidades",3250391323692,11492,11487,Uma embalagem,Domédia,,"1,69€/Unidade","1,69€",https://cdn.intermarche.pt/pt/Content/images/boitmal/produit/zoom/0148A14BBF09CCCA2D9B44BFED794219.jpg,,/product/roller-preto-ponta-media-pack-de-2-unidades/3250391323692
30449,Esferográfica Cristal Up Color Sortido,3086123494633,11492,11487,Embalagem com 4 un.,Parker,,"2,65€/Unidade","2,65€",https://cdn.intermarche.pt/pt/Content/images/boitmal/produit/zoom/64DE50A8F7805BB7C61EF934C224420D.jpg,,/product/esferografica-cristal-up-color-sortido/3086123494633
3066,Lapiseira minas 0. 5mm,3250391562947,11492,11487,1 unidade,Domédia,,"1,59€/Unidade","1,59€",https://cdn.intermarche.pt/pt/Content/images/boitmal/produit/zoom/AFFCBD208EDC39EA7FF1C2DD3CBFC512.jpg,,/product/lapiseira-minas-0.-5mm/3250391562947
3067,"Minas 0. 5 mm, pack de 2 caixas com 12 unidades",3250391563005,11491,11487,Uma embalagem,Domédia,,"1,39€/Unidade","1,39€",https://cdn.intermarche.pt/pt/Content/images/boitmal/produit/zoom/60F2C2F41ED10A57421CF7FA2B6C46A3.jpg,,/product/minas-0.-5-mm-pack-de-2-caixas-com-12-unidades/3250391563005
30836,Marcadores fineliner 0.3 mm,4007817331248,11492,11487,Embalagem com 3 Canetas sortidas,Staedtler,,"3,99€/Unidade","3,99€",https://cdn.intermarche.pt/pt/Content/images/boitmal/produit/zoom/59D9B24039470617059ED4C0F94E5407.jpg,,/product/marcadores-fineliner-0.3-mm/4007817331248
30839,Corretor Roller Pen,4026700353808,11492,11487,10 m x 4.2 mm,Uhu,,"2,89€/Unidade","2,89€",https://cdn.intermarche.pt/pt/Content/images/boitmal/produit/zoom/8C37705C3C698606BD79C7412368CC36.jpg,,/product/corretor-roller-pen/4026700353808
2908,24 etiquetas azuis,3250390039228,11491,11487,Uma embalagem,Domédia,,"0,59€/Unidade","0,59€",https://cdn.intermarche.pt/pt/Content/images/boitmal/produit/zoom/C7156A798476FFDDF35C28F940925BD1.jpg,,/product/24-etiquetas-azuis/3250390039228
2943,"Carteira etiquetas, 24x35",3250390369394,11491,11487,1 unidade,Domédia,,"0,59€/Unidade","0,59€",https://cdn.intermarche.pt/pt/Content/images/boitmal/produit/zoom/3AAE80CC28F320D995819181F5EA666A.jpg,,/product/carteira-etiquetas-24x35/3250390369394
16158,Capa com Elástico A3,5601199163825,11493,11487,1 unidade,Ambar,,"3,49€/Unidade","3,49€",https://cdn.intermarche.pt/pt/Content/images/boitmal/produit/zoom/5F5498D3753C6EFCC07C79A36F1B659A.jpg,,/product/capa-com-elastico-a3/5601199163825
21199,"Pasta de arquivo, lombada larga, cinza",5604260279562,11493,11487,1 unidade,Domédia,,"2,99€/Unidade","2,99€",https://cdn.intermarche.pt/pt/Content/images/boitmal/produit/zoom/716426CC2610F21481D3DADBA1356219.jpg,,/product/pasta-de-arquivo-lombada-larga-cinza/5604260279562
21203,"Pasta de arquivo, lombada estreita, amarela",5604260279616,11491,11487,1 unidade,Domédia,,"2,49€/Unidade","2,49€",https://cdn.intermarche.pt/pt/Content/images/boitmal/produit/zoom/BBA190FF99FC96AC9E9C1F6ECB0258CF.jpg,,/product/pasta-de-arquivo-lombada-estreita-amarela/5604260279616
21205,"Pasta de arquivo, lombada estreita, verde",5604260279593,11491,11487,1 unidade,Domédia,,"2,49€/Unidade","2,49€",https://cdn.intermarche.pt/pt/Content/images/boitmal/produit/zoom/BE08B2433D2D279CF192A4E67A0436EA.jpg,,/product/pasta-de-arquivo-lombada-estreita-verde/5604260279593
27946,Separadores Index Verde + Amarelo,0051141906232,11491,11487,1 un.,Post-It,,"3,99€/Unidade","3,99€",https://cdn.intermarche.pt/pt/Content/images/boitmal/produit/zoom/9AE4DE3BF424E001FB30A4202E5C246F.jpg,,/product/separadores-index-verde-+-amarelo/0051141906232
28068,Separador A4 C/ 6 Patilhas,5604730000313,11491,11487,1 un.,Ancor,,"0,59€/Unidade","0,59€",https://cdn.intermarche.pt/pt/Content/images/boitmal/produit/zoom/FBB5994CA3529E09D7ED95482FFB7C23.jpg,,/product/separador-a4-c-ou-6-patilhas/5604730000313
28131,Bloco de Notas Aderente Amarelo,3134375234535,11491,11487,100 folhas,Post-It,,"2,79€/Unidade","2,79€",https://cdn.intermarche.pt/pt/Content/images/boitmal/produit/zoom/013E52D644918060DD30D8CE99BBA6D6.jpg,,/product/bloco-de-notas-aderente-amarelo/3134375234535
2909,"Argolas, brancas, autocolante, 160 unidades, 13 mm",3250390039280,11491,11487,1 embalagem,Domédia,,"0,79€/Unidade","0,79€",https://cdn.intermarche.pt/pt/Content/images/boitmal/produit/zoom/39B07B86296B95261F140303730F0A58.jpg,,/product/argolas-brancas-autocolante-160-unidades-13-mm/3250390039280
30921,Bolsa p/ Cadernos e Livros A4,5609104460410,11493,11487,5 un.,Mab,,"2,19€/Unidade","2,19€",https://cdn.intermarche.pt/pt/Content/images/boitmal/produit/zoom/887DE0430178C3BC6FBAFB145F0E129B.jpg,,/product/bolsa-p-ou-cadernos-e-livros-a4/5609104460410
30922,Separadores A4 6 Pestanas,5609104220199,11491,11487,1 un.,Mab,,"0,69€/Unidade","0,69€",https://cdn.intermarche.pt/pt/Content/images/boitmal/produit/zoom/E8990419FB010F2D3B42BA808B9F95A4.jpg,,/product/separadores-a4-6-pestanas/5609104220199
3267,Pasta Arquivo Cinza Lombada Larga,5604260324705,11491,11487,,PorSi,,"2,79€/Unidade","2,79€",https://cdn.intermarche.pt/pt/Content/images/boitmal/produit/zoom/7093F6BE9F5511C1C6F4209591DC8203.jpg,,/product/pasta-arquivo-cinza-lombada-larga/5604260324705
50244,Planner de Secretária,5604260325450,11491,11487,Dim.: 40 x 30 cm,PorSi,,"4,99€/Unidade","4,99€",https://cdn.intermarche.pt/pt/Content/images/boitmal/produit/zoom/D601F707A12FC9CC78322A1FE83FD9E8.jpg,,/product/planner-de-secretaria/5604260325450
50246,Pasta Arquivo Vermelha Lombada Larga,5604260324675,11491,11487,,PorSi,,"2,79€/Unidade","2,79€",https://cdn.intermarche.pt/pt/Content/images/boitmal/produit/zoom/FD309F3C6E0161BF214A06D0C2058CEE.jpg,,/product/pasta-arquivo-vermelha-lombada-larga/5604260324675
51591,Pasta arquivo A4,5604260324750,11491,11487,,PorSi,,"2,59€/Unidade","2,59€",https://cdn.intermarche.pt/pt/Content/images/boitmal/produit/zoom/852792050B37B70A85E3084664FB50FB.jpg,,/product/pasta-arquivo-a4/5604260324750
51595,Capa A4 com Argolas,5604260325719,11491,11487,1 unidade,PorSi,,"8,99€/Unidade","8,99€",https://cdn.intermarche.pt/pt/Content/images/boitmal/produit/zoom/A11D4F9C187EE3DA42BB1CA1279E86F0.jpg,,/product/capa-a4-com-argolas/5604260325719
53389,Capa Catalogo A4 20 Bolsas,3135255040871,11493,11487,,Viquel,,"3,99€/Unidade","3,99€",https://cdn.intermarche.pt/pt/Content/images/boitmal/produit/zoom/7AC06FBD15DE10003D715F39D4F28B03.jpg,,/product/capa-catalogo-a4-20-bolsas/3135255040871
52458,Pack Micas A4 60mc,8426307421324,11491,11487,10 Unidades,Plus Office,,"1,39€/Unidade","1,39€",https://cdn.intermarche.pt/pt/Content/images/boitmal/produit/zoom/612C18B473C6370A582EA2E132CC95E5.jpg,,/product/pack-micas-a4-60mc/8426307421324
49538,Pasta arquivo ll cores pastel,5604260324767,11491,11487,,PorSi,,"2,79€/Unidade","2,79€",https://cdn.intermarche.pt/pt/Content/images/boitmal/produit/zoom/EC54B909731164974FD8D3A82036AAF2.jpg,,/product/pasta-arquivo-ll-cores-pastel/5604260324767
50247,Pasta arquivo preta lombada larga,5604260324668,11491,11487,1 unidade,PorSi,,"2,79€/Unidade","2,79€",https://cdn.intermarche.pt/pt/Content/images/boitmal/produit/zoom/3E23568A7A8A0DF330046BB444652FE3.jpg,,/product/pasta-arquivo-preta-lombada-larga/5604260324668
50254,Dossier A4,5604260325351,11491,11487,1 unidade,PorSi,,"3,29€/Unidade","3,29€",https://cdn.intermarche.pt/pt/Content/images/boitmal/produit/zoom/6B37396F9AFB412A997375195B3A8A06.jpg,,/product/dossier-a4/5604260325351
50263,Planner de Secretária,5604260325306,11491,11487,Dim.: 40 x 30 cm,PorSi,,"4,99€/Unidade","4,99€",https://cdn.intermarche.pt/pt/Content/images/boitmal/produit/zoom/42E71C9856177C40ACE542D8DA3B2604.jpg,,/product/planner-de-secretaria/5604260325306
52460,Pasta Arquivo Lombada Larga Verde,5604260324699,11491,11487,,PorSi,,"2,79€/Unidade","2,79€",https://cdn.intermarche.pt/pt/Content/images/boitmal/produit/zoom/747FD3118BD39E168A3A6B8533CB71F8.jpg,,/product/pasta-arquivo-lombada-larga-verde/5604260324699
795,Stick cola,4026700402667,11494,11487,Embalagem de 8 g,Uhu,,"248,75€/Kg","1,99€",https://cdn.intermarche.pt/pt/Content/images/boitmal/produit/zoom/FB97E75BFC018031561733A3BB896975.jpg,,/product/stick-cola/4026700402667
2904,Borracha para desenho técnico,3250390038122,11492,11487,1 unidade,Domédia,,"0,89€/Unidade","0,89€",https://cdn.intermarche.pt/pt/Content/images/boitmal/produit/zoom/D1E131139CB76C50DD93DADAC250261A.jpg,,/product/borracha-para-desenho-tecnico/3250390038122
794,Cola universal,4026700400632,11494,11487,Embalagem de 35 ml,Uhu,,"75,71€/L","2,65€",https://cdn.intermarche.pt/pt/Content/images/boitmal/produit/zoom/FA41E1660A685D34C4F6D37D9C5FFC9B.jpg,,/product/cola-universal/4026700400632
11268,Patafix branco,4026700417104,11494,11487,Embalagem com 80 pastilhas adesivas,Uhu,,"2,79€/Unidade","2,79€",https://cdn.intermarche.pt/pt/Content/images/boitmal/produit/zoom/EAE900A9CDC8DEDFB742DFAA9F5ECAE8.jpg,,/product/patafix-branco/4026700417104
16187,Aguarelas 30mm x 12,8000825967702,11494,11487,1 unidade,Giotto,,"4,49€/Unidade","4,49€",https://cdn.intermarche.pt/pt/Content/images/boitmal/produit/zoom/4E230A2B6977FEA68F63B85F0F8554FA.jpg,,/product/aguarelas-30mm-x-12/8000825967702
2964,Régua duplo decimetro,3250391022137,11494,11487,1 unidade,Domédia,,"0,69€/Unidade","0,69€",https://cdn.intermarche.pt/pt/Content/images/boitmal/produit/zoom/C36EA7CA09279AFD8F1D8BDB04ADC89F.jpg,,/product/regua-duplo-decimetro/3250391022137
31666,Guache,8000825000461,11494,11487,6 x 7.5 ml,Giotto,,"155,33€/L","6,99€",https://cdn.intermarche.pt/pt/Content/images/boitmal/produit/zoom/512800AABD414DE671B517FC6E455F83.jpg,,/product/guache/8000825000461
41733,Lápis de cor stilnovo,8000825256509,11494,11487,embalagem com 12 unidades,Giotto,,"3,99€/Unidade","3,99€",https://cdn.intermarche.pt/pt/Content/images/boitmal/produit/zoom/F3D936FC157BD93E4C9D7EE76A64A4A2.jpg,,/product/lapis-de-cor-stilnovo/8000825256509
45065,Lápis de cor kids,3086123499133,11494,11487,24 unidades,Bic,,"4,89€/Unidade","4,89€",https://cdn.intermarche.pt/pt/Content/images/boitmal/produit/zoom/2EC5BA06FA9976DCD379CD300DB76424.jpg,,/product/lapis-de-cor-kids/3086123499133
4615,Cola Universal,4026700395952,11494,11487,Embalagem de 2x20ml,Uhu,,"174,50€/L","3,49€",https://cdn.intermarche.pt/pt/Content/images/boitmal/produit/zoom/5AE51282CEF47DA015298E3464BDED74.jpg,,/product/cola-universal/4026700395952
4617,Stick de cola,4026700501926,11494,11487,40 g,Uhu,,"3,29€/Unidade","3,29€",https://cdn.intermarche.pt/pt/Content/images/boitmal/produit/zoom/3BAC9F477DE03126FB915848675CB45C.jpg,,/product/stick-de-cola/4026700501926
52435,Canetas Feltro de Colorir Kids,3086123329249,11494,11487,18 Unidades,Bic,,"5,25€/Unidade","5,25€",https://cdn.intermarche.pt/pt/Content/images/boitmal/produit/zoom/63DCC6B9AE9D498F0604CEEAC2602349.jpg,,/product/canetas-feltro-de-colorir-kids/3086123329249
16184,Marcador Turbo Color x12,8000825071201,11494,11487,Uma embalagem,Giotto,,"2,99€/Unidade","2,99€",https://cdn.intermarche.pt/pt/Content/images/boitmal/produit/zoom/E33835711F82472E7919F4529568A696.jpg,,/product/marcador-turbo-color-x12/8000825071201
16185,Lápis de cera,8000825059001,11494,11487,embalagem com 12 unidades,Giotto,,"2,59€/Unidade","2,59€",https://cdn.intermarche.pt/pt/Content/images/boitmal/produit/zoom/C2BB7F0ACD47F31872FF5E07FEF0D955.jpg,,/product/lapis-de-cera/8000825059001
16193,Compasso Origin 3 peças,3154143058118,11494,11487,1 unidade,Maped,,"4,69€/Unidade","4,69€",https://cdn.intermarche.pt/pt/Content/images/boitmal/produit/zoom/D5A3C68E4702E97F7BCADEB7A4E92221.jpg,,/product/compasso-origin-3-pecas/3154143058118
26015,Lápis de Colorir,4007817018804,11494,11487,Embalagem com 20 un. + 4 un. grátis,Staedtler,,"4,99€/Unidade","4,99€",https://cdn.intermarche.pt/pt/Content/images/boitmal/produit/zoom/6A184D9464B3A036372917115516B6C6.jpg,,/product/lapis-de-colorir/4007817018804
26017,Pasta de Moldar Branca,8000144074105,11494,11487,Embalagem com 1 kg,DAS,,"5,49€/Unidade","5,49€",https://cdn.intermarche.pt/pt/Content/images/boitmal/produit/zoom/B2565ABD4DB3B6B6398E42E6255ABC4D.jpg,,/product/pasta-de-moldar-branca/8000144074105
26018,Pasta de Moldar Terracota,8000144002375,11494,11487,Embalagem com 1 kg,DAS,,"5,49€/Unidade","5,49€",https://cdn.intermarche.pt/pt/Content/images/boitmal/produit/zoom/ECAFF2E342EC4C415198CDF0D0AEBC47.jpg,,/product/pasta-de-moldar-terracota/8000144002375
2887,"Borracha Technic, 600",3154140117221,11492,11487,embalagem com 2 unidades,Maped,,"1,89€/Unidade","1,89€",https://cdn.intermarche.pt/pt/Content/images/boitmal/produit/zoom/56FE965B05C719B66A4BEEF8E9685965.jpg,,/product/borracha-technic-600/3154140117221
2888,"Borracha mini softy, pack de 3 unidades",3154140124038,11492,11487,1 embalagem,Maped,,"1,69€/Unidade","1,69€",https://cdn.intermarche.pt/pt/Content/images/boitmal/produit/zoom/ABEC7965DA70FE77E535B80107B7735A.jpg,,/product/borracha-mini-softy-pack-de-3-unidades/3154140124038
2903,Borracha para lápis e tinta,3250390038085,11492,11487,1 unidade,Domédia,,"0,59€/Unidade","0,59€",https://cdn.intermarche.pt/pt/Content/images/boitmal/produit/zoom/DE24843BAE7698BEA5DDAD6D95315A62.jpg,,/product/borracha-para-lapis-e-tinta/3250390038085
2913,5 gouaches de cores primárias,3250390053149,11494,11487,Uma embalagem,Domédia,,"1,99€/Unidade","1,99€",https://cdn.intermarche.pt/pt/Content/images/boitmal/produit/zoom/495FBE1FEF58D70235F1C1B7E52D79B6.jpg,,/product/5-gouaches-de-cores-primarias/3250390053149
2933,Conjunto de 3 pinceis nº 4/8/12,3250390167501,11494,11487,Uma embalagem,Domédia,,"0,99€/Unidade","0,99€",https://cdn.intermarche.pt/pt/Content/images/boitmal/produit/zoom/07273BB3A326CFD2EEDC9FDD33B43382.jpg,,/product/conjunto-de-3-pinceis-nº-4-ou-8-ou-12/3250390167501
2961,"12 lápis de cor, 18cm",3250391022038,11494,11487,Uma embalagem,Domédia,,"1,49€/Unidade","1,49€",https://cdn.intermarche.pt/pt/Content/images/boitmal/produit/zoom/61B7F6D9D9C3587C7F31E0435253B9CE.jpg,,/product/12-lapis-de-cor-18cm/3250391022038
2962,Lápis de cor 18 cm,3250391022052,11494,11487,embalagem com 18 unidades,Domédia,,"1,99€/Unidade","1,99€",https://cdn.intermarche.pt/pt/Content/images/boitmal/produit/zoom/73E6ED9B15931AC64D0DE6CEAD98A615.jpg,,/product/lapis-de-cor-18-cm/3250391022052
2965,"Esquadro, 21 cm 60.",3250391022182,11494,11487,1 unidade,Domédia,,"0,69€/Unidade","0,69€",https://cdn.intermarche.pt/pt/Content/images/boitmal/produit/zoom/0C01BEC7A370384221ABE2E55E205569.jpg,,/product/esquadro-21-cm-60./3250391022182
2966,"Transferidor, 12 cm, 180 graus",3250391022229,11494,11487,1 unidade,Domédia,,"0,49€/Unidade","0,49€",https://cdn.intermarche.pt/pt/Content/images/boitmal/produit/zoom/84D4997F5A3421AD7F4D24D6B5F5D59B.jpg,,/product/transferidor-12-cm-180-graus/3250391022229
2968,Marcadores para colorir,3250391024643,11494,11487,embalagem com 18 unidades,Domédia,,"3,79€/Unidade","3,79€",https://cdn.intermarche.pt/pt/Content/images/boitmal/produit/zoom/7317F1828FE8FE29F2FFF12F5884FC5A.jpg,,/product/marcadores-para-colorir/3250391024643
3045,Caixa com 12 aguarelas + pincel,3250391445851,11494,11487,1 unidade,Domédia,,"2,79€/Unidade","2,79€",https://cdn.intermarche.pt/pt/Content/images/boitmal/produit/zoom/28CB9BEAD12D322E2B71927C4D5E3E8C.jpg,,/product/caixa-com-12-aguarelas-+-pincel/3250391445851
30818,Marcadores,8000825018565,11494,11487,Embalagem com 12 un.,Giotto,,"8,99€/Unidade","8,99€",https://cdn.intermarche.pt/pt/Content/images/boitmal/produit/zoom/3EF2FD1A3471DDB82DD9E6417671FBB0.jpg,,/product/marcadores/8000825018565
31659,Lápis de Cor Color'Peps Animal,3154148322122,11494,11487,Embalagem com 12 un.,Maped,,"3,09€/Unidade","3,09€",https://cdn.intermarche.pt/pt/Content/images/boitmal/produit/zoom/A1166D3FB540676EA6EA6C334C1F1359.jpg,,/product/lapis-de-cor-color'peps-animal/3154148322122
31663,Lápis de Cor Sortidos,4007817018132,11494,11487,10 un. + 2 Grátis,Staedtler,,"3,49€/Unidade","3,49€",https://cdn.intermarche.pt/pt/Content/images/boitmal/produit/zoom/D1C97EE7504688986F2AB4E0ACA64EDD.jpg,,/product/lapis-de-cor-sortidos/4007817018132
35960,Marcador turbo color x 24,8000825072208,11494,11487,1 embalagem,Giotto,,"4,99€/Unidade","4,99€",https://cdn.intermarche.pt/pt/Content/images/boitmal/produit/zoom/D65584B2F923EB9CBCAD203B6961833F.jpg,,/product/marcador-turbo-color-x-24/8000825072208
35966,Avental com mangas para pintura,3154148203100,11494,11487,1 unidade,Maped,,"5,69€/Unidade","5,69€",https://cdn.intermarche.pt/pt/Content/images/boitmal/produit/zoom/EED4EFFAD5A75E0E397B2033826CCDEF.jpg,,/product/avental-com-mangas-para-pintura/3154148203100
36094,Cola stick,4026700501827,11494,11487,Conjunto de 2 x 8.2 g,Uhu,,"230,63€/Kg","3,69€",https://cdn.intermarche.pt/pt/Content/images/boitmal/produit/zoom/E6262032A45EDD71F22FA1679C509B97.jpg,,/product/cola-stick/4026700501827
36095,Cola stick,4026700521900,11494,11487,Conjunto de 2 x 21 g,Uhu,,"118,81€/Kg","4,99€",https://cdn.intermarche.pt/pt/Content/images/boitmal/produit/zoom/D9CB345106B2B809950DE58F642A14B6.jpg,,/product/cola-stick/4026700521900
36099,Compasso Origin 5 peças,3154143058125,11494,11487,Uma embalagem,Maped,,"5,99€/Unidade","5,99€",https://cdn.intermarche.pt/pt/Content/images/boitmal/produit/zoom/21F3D538E1981DA825CA78DFE79097E5.jpg,,/product/compasso-origin-5-pecas/3154143058125
3692,"Feltros color peps lavaváveis, 12 unidades",3154148450207,11494,11487,1 embalagem,Maped,,"4,99€/Unidade","4,99€",https://cdn.intermarche.pt/pt/Content/images/boitmal/produit/zoom/786284C4EE0EA8242564440E28B38E90.jpg,,/product/feltros-color-peps-lavavaveis-12-unidades/3154148450207
3876,Régua 40 cm,3250391022113,11494,11487,1 unidade,Domédia,,"0,89€/Unidade","0,89€",https://cdn.intermarche.pt/pt/Content/images/boitmal/produit/zoom/8F9E239B5032C48ED1B395444055C7D1.jpg,,/product/regua-40-cm/3250391022113
3995,Guaches de pintura,3250391445837,11494,11487,Embalagem de 10 unidades,Domédia,,"3,99€/Unidade","3,99€",https://cdn.intermarche.pt/pt/Content/images/boitmal/produit/zoom/254E4C0547B4131CF10BBAF5081190F8.jpg,,/product/guaches-de-pintura/3250391445837
54066,Mochila Bcolor 43Cm,5601645857339,11495,11487,,Firmo,,"9,99€/Unidade","9,99€",https://cdn.intermarche.pt/pt/Content/images/boitmal/produit/zoom/BA3F0AD1917E4DC8571524468AE4C883.jpg,,/product/mochila-bcolor-43cm/5601645857339
54068,Mochila Eco Magic Heart 45Cm,5601645859807,11495,11487,,Firmo,,"29,99€/Unidade","29,99€",https://cdn.intermarche.pt/pt/Content/images/boitmal/produit/zoom/C49515C50E929DA2314851A731165BD3.jpg,,/product/mochila-eco-magic-heart-45cm/5601645859807
54070,Lancheira Eco Magic Heart,5601645859821,11495,11487,,Firmo,,"14,99€/Unidade","14,99€",https://cdn.intermarche.pt/pt/Content/images/boitmal/produit/zoom/DA79A7BED2DCB504EFCC692B635D24FC.jpg,,/product/lancheira-eco-magic-heart/5601645859821
54074,Estojo Duplo Cosmic Dream,5601645860018,11495,11487,,Firmo,,"9,99€/Unidade","9,99€",https://cdn.intermarche.pt/pt/Content/images/boitmal/produit/zoom/B908AB494DBED10071035E376560951A.jpg,,/product/estojo-duplo-cosmic-dream/5601645860018
54076,Estojo Xxl Reversivel Barbie,3154149319152,11495,11487,,Maped,,"8,99€/Unidade","8,99€",https://cdn.intermarche.pt/pt/Content/images/boitmal/produit/zoom/8B47457AE0BF62F56C5833A549B27AAC.jpg,,/product/estojo-xxl-reversivel-barbie/3154149319152
54077,Estojo Triplo 21Cm,8430957164852,11495,11487,,Barbie,,"4,99€/Unidade","4,99€",https://cdn.intermarche.pt/pt/Content/images/boitmal/produit/zoom/6F15056651B67CA447F58DC4DE7CD4B4.jpg,,/product/estojo-triplo-21cm/8430957164852
54078,Mochila Escolar 41Cm,8430957164869,11495,11487,,Barbie,,"14,99€/Unidade","14,99€",https://cdn.intermarche.pt/pt/Content/images/boitmal/produit/zoom/E904768DDB1B7625C79876ABD913162F.jpg,,/product/mochila-escolar-41cm/8430957164869
54084,Mochila 2 Divisões Rosa 43Cm,8427291056899,11495,11487,,Enri,,"19,99€/Unidade","19,99€",https://cdn.intermarche.pt/pt/Content/images/boitmal/produit/zoom/EC3F822E3B991E0F05F04FDDD1AC1FF9.jpg,,/product/mochila-2-divisoes-rosa-43cm/8427291056899
54086,Estojo Happy Pink 21Cm,5600446652303,11495,11487,,Marshmallow,,"9,99€/Unidade","9,99€",https://cdn.intermarche.pt/pt/Content/images/boitmal/produit/zoom/369D360299821A2A9B3CA1AA3D54D63A.jpg,,/product/estojo-happy-pink-21cm/5600446652303
54087,Lancheira Happy Pink,5600446652310,11495,11487,,Marshmallow,,"16,99€/Unidade","16,99€",https://cdn.intermarche.pt/pt/Content/images/boitmal/produit/zoom/B2407A24EC5BC415F04A91A309E9AF32.jpg,,/product/lancheira-happy-pink/5600446652310
54090,Mochila Escolar 41Cm,8430957164777,11495,11487,,Marvel,,"14,99€/Unidade","14,99€",https://cdn.intermarche.pt/pt/Content/images/boitmal/produit/zoom/4BD2D90C7380BA99B39BDB254D525A2F.jpg,,/product/mochila-escolar-41cm/8430957164777
54095,Estojo Redondo 21Cm,8430957164166,11495,11487,,Mickey,,"3,49€/Unidade","3,49€",https://cdn.intermarche.pt/pt/Content/images/boitmal/produit/zoom/C82277CF5CAEECBDD38F5B67FE74AE75.jpg,,/product/estojo-redondo-21cm/8430957164166
54097,Mochila Infantil 24Cm,8430957164203,11495,11487,,Mickey,,"5,99€/Unidade","5,99€",https://cdn.intermarche.pt/pt/Content/images/boitmal/produit/zoom/B2B984F170DD8594D200F1425B7A9761.jpg,,/product/mochila-infantil-24cm/8430957164203
54098,Lancheira,8430957164210,11495,11487,,Mickey,,"12,99€/Unidade","12,99€",https://cdn.intermarche.pt/pt/Content/images/boitmal/produit/zoom/7D73DBAB5F1120244CEE55AAAE8D5710.jpg,,/product/lancheira/8430957164210
54103,Estojo Redondo 21Cm,8430957164005,11495,11487,,Minnie,,"3,49€/Unidade","3,49€",https://cdn.intermarche.pt/pt/Content/images/boitmal/produit/zoom/B633BA8AB4716A6C08208AC657A94598.jpg,,/product/estojo-redondo-21cm/8430957164005
54106,Lancheira,8430957164050,11495,11487,,Minnie,,"12,99€/Unidade","12,99€",https://cdn.intermarche.pt/pt/Content/images/boitmal/produit/zoom/2E7A547D4BBDABB74C67AE73EBFCCB66.jpg,,/product/lancheira/8430957164050
25966,Mochila,8435376326706,11495,11487,1 un.,Minions,,"22,99€/Unidade","22,99€",https://cdn.intermarche.pt/pt/Content/images/boitmal/produit/zoom/92BF57ADE27C3313EBEA33F9DFFC8473.jpg,,/product/mochila/8435376326706
25979,Mochila Blue Lovers,5601645846500,11495,11487,1 un.,Firmo,,"18,99€/Unidade","18,99€",https://cdn.intermarche.pt/pt/Content/images/boitmal/produit/zoom/FA84FDE2198ADCBF4AC39286ED5E83FE.jpg,,/product/mochila-blue-lovers/5601645846500
36022,Mochila infantil pj masks,8414778554887,11495,11487,1 unidade,Diversos,,"15,99€/Unidade","15,99€",https://cdn.intermarche.pt/pt/Content/images/boitmal/produit/zoom/C7F54074C6D1C5894E34EE555BE90AC6.jpg,,/product/mochila-infantil-pj-masks/8414778554887
36075,Estojo retangular sugar & spice,5601199199282,11495,11487,1 unidade,Diversos,,"7,99€/Unidade","7,99€",https://cdn.intermarche.pt/pt/Content/images/boitmal/produit/zoom/5002A3E47A0F55E2C401C36663F05420.jpg,,/product/estojo-retangular-sugar-&-spice/5601199199282
41461,Estojo cilíndrico jeans,5201912013163,11495,11487,1 unidade,LOL,,"4,99€/Unidade","4,99€",https://cdn.intermarche.pt/pt/Content/images/boitmal/produit/zoom/6858C7415AA486C0A67F0EE3CAF823AA.jpg,,/product/estojo-cilindrico-jeans/5201912013163
45942,Mochila City Life,5601645856066,11495,11487,1 unidade,Firmo,,"29,99€/Unidade","29,99€",https://cdn.intermarche.pt/pt/Content/images/boitmal/produit/zoom/DE454F5FA6117B447316E8A7789C5D6A.jpg,,/product/mochila-city-life/5601645856066
45943,Mochila Vintage Flower,5600446615827,11495,11487,1 unidade,Ambar,,"16,99€/Unidade","16,99€",https://cdn.intermarche.pt/pt/Content/images/boitmal/produit/zoom/919EA97E5EB9DE969C545E7B65ADC4C8.jpg,,/product/mochila-vintage-flower/5600446615827
45945,Mochila 3 Fechos Flower + Etnic,5600446615803,11495,11487,1 unidade,Ambar,,"19,99€/Unidade","19,99€",https://cdn.intermarche.pt/pt/Content/images/boitmal/produit/zoom/296C4CB6C3A4D265E60B04C70B6A004D.jpg,,/product/mochila-3-fechos-flower-+-etnic/5600446615803
45949,Estojo Redondo,5600446635917,11495,11487,1 unidade,Chill,,"5,99€/Unidade","5,99€",https://cdn.intermarche.pt/pt/Content/images/boitmal/produit/zoom/443061DE0CC4328D3D383332DC9C8EC7.jpg,,/product/estojo-redondo/5600446635917
45958,Bolsa redonda Magical,5601199209486,11495,11487,1 unidade,Ambar,,"7,99€/Unidade","7,99€",https://cdn.intermarche.pt/pt/Content/images/boitmal/produit/zoom/90D142B7A774C5ADD6412C90C1D6401C.jpg,,/product/bolsa-redonda-magical/5601199209486
45964,Bolsa Porta Moedas Flower + Etnic,5600446615896,11495,11487,1 unidade,Ambar,,"3,99€/Unidade","3,99€",https://cdn.intermarche.pt/pt/Content/images/boitmal/produit/zoom/23DFFA5E2091BF6294DCB7ED7C5C1F31.jpg,,/product/bolsa-porta-moedas-flower-+-etnic/5600446615896
46094,Pasta Tiracolo Flower + Etnic,5600446615872,11495,11487,1 unidade,Ambar,,"19,99€/Unidade","19,99€",https://cdn.intermarche.pt/pt/Content/images/boitmal/produit/zoom/D3B772A6ACFF1E0DC4F3425380E3EF04.jpg,,/product/pasta-tiracolo-flower-+-etnic/5600446615872
50126,Mochila,5604260325320,11495,11487,Dim.: 40x30x18 cm,PorSi,,"24,99€/Unidade","24,99€",https://cdn.intermarche.pt/pt/Content/images/boitmal/produit/zoom/A373B154AA5C8DB6B498030221C3A3C0.jpg,,/product/mochila/5604260325320
50127,Lancheira,5604260325337,11495,11487,Dim.: 20x14x15 cm,PorSi,,"19,99€/Unidade","19,99€",https://cdn.intermarche.pt/pt/Content/images/boitmal/produit/zoom/F027EF35DFD0165D450E5EC6F58F2358.jpg,,/product/lancheira/5604260325337
50134,Estojo,8712645263628,11495,11487,1 unidade,Minnie,,"6,99€/Unidade","6,99€",https://cdn.intermarche.pt/pt/Content/images/boitmal/produit/zoom/1DF83EA5D1668BD98A39BBD0AABD7104.jpg,,/product/estojo/8712645263628
50137,Mochila,5410574411846,11495,11487,Dim.: 33x43 cm,Superman,,"14,99€/Unidade","14,99€",https://cdn.intermarche.pt/pt/Content/images/boitmal/produit/zoom/080CB863D2C9CE785BDDA4F57F56E4C1.jpg,,/product/mochila/5410574411846
50139,Mochila,5411217459515,11495,11487,Dim.: 41x16x32 cm,Spider-Man,,"22,99€/Unidade","22,99€",https://cdn.intermarche.pt/pt/Content/images/boitmal/produit/zoom/595592404D3AF1EE38B5D8D2BAA8EE5E.jpg,,/product/mochila/5411217459515
50141,Mochila Eco Girl c/ Bolsa PC,5601645857148,11495,11487,1 unidade,Firmo,,"29,99€/Unidade","29,99€",https://cdn.intermarche.pt/pt/Content/images/boitmal/produit/zoom/5239B76280FB480EFBC35F2C8CEE3A6A.jpg,,/product/mochila-eco-girl-c-ou-bolsa-pc/5601645857148
50147,Mochila Eco Happiness c/ Bolsa Pc,5601645857230,11495,11487,1 unidade,Firmo,,"29,99€/Unidade","29,99€",https://cdn.intermarche.pt/pt/Content/images/boitmal/produit/zoom/51CA1264C1C2BB9AC718FEF5BB738A67.jpg,,/product/mochila-eco-happiness-c-ou-bolsa-pc/5601645857230
50148,Bolsa Happiness,5601645857247,11495,11487,1 unidade,Firmo,,"11,99€/Unidade","11,99€",https://cdn.intermarche.pt/pt/Content/images/boitmal/produit/zoom/344A2A16A133E028BCB9E69401028219.jpg,,/product/bolsa-happiness/5601645857247
52398,Estojo Triplo Wonderland,5601645858695,11495,11487,1 unidade,Firmo,,"12,99€/Unidade","12,99€",https://cdn.intermarche.pt/pt/Content/images/boitmal/produit/zoom/2427B482E22E7BE5BEBBD207BBB41952.jpg,,/product/estojo-triplo-wonderland/5601645858695
52412,Estojo Benchmark Core,5415187811052,11495,11487,1 unidade,Eastpak,,"12,99€/Unidade","12,99€",https://cdn.intermarche.pt/pt/Content/images/boitmal/produit/zoom/878A32A167419993D33320B4968FDF46.jpg,,/product/estojo-benchmark-core/5415187811052
54069,Estojo Triplo Eco Magic Heart,5601645859814,11495,11487,,Firmo,,"11,99€/Unidade","11,99€",https://cdn.intermarche.pt/pt/Content/images/boitmal/produit/zoom/EC06C9CA13C4A97BA642006A1504A834.jpg,,/product/estojo-triplo-eco-magic-heart/5601645859814
54073,Mochila Cosmic Dream 45Cm,5601645860001,11495,11487,,Firmo,,"39,99€/Unidade","39,99€",https://cdn.intermarche.pt/pt/Content/images/boitmal/produit/zoom/A183346B3FEF517B6DBADE055C53DEEE.jpg,,/product/mochila-cosmic-dream-45cm/5601645860001
3062,Fita corretora,3250391562701,11492,11487,1 unidade,Domédia,,"1,59€/Unidade","1,59€",https://cdn.intermarche.pt/pt/Content/images/boitmal/produit/zoom/886B14CCD822C1D435F99AA3D4739CEE.jpg,,/product/fita-corretora/3250391562701
46538,Apara lápis shakky simples,3154140340124,11492,11487,1 unidade,Maped,,"1,69€/Unidade","1,69€",https://cdn.intermarche.pt/pt/Content/images/boitmal/produit/zoom/793AB27475F269BB0E6C702975B46548.jpg,,/product/apara-lapis-shakky-simples/3154140340124
54052,Bloco Nota Adesivas 50X75 100F Amarelas,8426307780063,11496,11487,,Paper-In,,"0,49€/Unidade","0,49€",https://cdn.intermarche.pt/pt/Content/images/boitmal/produit/zoom/38C8ED8895ABE98C2B1F371F2007F335.jpg,,/product/bloco-nota-adesivas-50x75-100f-amarelas/8426307780063
3069,"Fita adesiva transparente com despensador, 25x19",3250391563791,11491,11487,1 unidade,Domédia,,"1,49€/Unidade","1,49€",https://cdn.intermarche.pt/pt/Content/images/boitmal/produit/zoom/72055CC991E57DC7574D0019DAAF0A00.jpg,,/product/fita-adesiva-transparente-com-despensador-25x19/3250391563791
2981,"Tesoura de escritório, 17 cm",3250391209262,11491,11487,1 unidade,Domédia,,"1,99€/Unidade","1,99€",https://cdn.intermarche.pt/pt/Content/images/boitmal/produit/zoom/9E0F389370EC32AD5B99C22C792F8FB2.jpg,,/product/tesoura-de-escritorio-17-cm/3250391209262
3046,"Elásticos grandes coloridos, pack de 20 unidades",3250391450039,11491,11487,1 embalagem,Domédia,,"0,89€/Unidade","0,89€",https://cdn.intermarche.pt/pt/Content/images/boitmal/produit/zoom/F6DC3A9C338ABF9950EA2825259DBB87.jpg,,/product/elasticos-grandes-coloridos-pack-de-20-unidades/3250391450039
51582,Envelope sem janela com fita autocolante,5604260279043,11491,11487,25 unidades,PorSi,,"1,99€/Unidade","1,99€",https://cdn.intermarche.pt/pt/Content/images/boitmal/produit/zoom/E1E0E7DACFB5381A7D7561224F548094.jpg,,/product/envelope-sem-janela-com-fita-autocolante/5604260279043
2893,"Agrafos nº24/6, 2000 unidades",3154143244023,11496,11487,Uma embalagem,Maped,,"1,19€/Unidade","1,19€",https://cdn.intermarche.pt/pt/Content/images/boitmal/produit/zoom/C6647F324A7CB2A628753F285F679124.jpg,,/product/agrafos-nº24-ou-6-2000-unidades/3154143244023
2907,Furador com 2 furos,3250390038962,11491,11487,1 unidade,Domédia,,"3,49€/Unidade","3,49€",https://cdn.intermarche.pt/pt/Content/images/boitmal/produit/zoom/55C04C0A50D0C8947BD80FA40504455D.jpg,,/product/furador-com-2-furos/3250390038962
2970,Agrafador + 400 agrafos,3250391032587,11496,11487,Uma embalagem,Domédia,,"2,99€/Unidade","2,99€",https://cdn.intermarche.pt/pt/Content/images/boitmal/produit/zoom/C54266F03E40D47B216F671AE3E02060.jpg,,/product/agrafador-+-400-agrafos/3250391032587
2980,"Tesoura de escritório, 21cm",3250391209248,11491,11487,1 unidade,Domédia,,"2,49€/Unidade","2,49€",https://cdn.intermarche.pt/pt/Content/images/boitmal/produit/zoom/7F6E02A69453A4C5A5224C32191E7F15.jpg,,/product/tesoura-de-escritorio-21cm/3250391209248
3050,"Clips coloridos de metal, pack com 100 unidades",3250391450114,11491,11487,1 embalagem,Domédia,,"0,99€/Unidade","0,99€",https://cdn.intermarche.pt/pt/Content/images/boitmal/produit/zoom/45D9367BD37B0FAA8574DE2D1453AD76.jpg,,/product/clips-coloridos-de-metal-pack-com-100-unidades/3250391450114
3174,Corrector de fita 5mm 10m,4026700503654,11496,11487,1 unidade,Uhu,,"3,69€/Unidade","3,69€",https://cdn.intermarche.pt/pt/Content/images/boitmal/produit/zoom/A6CA6FFBEEC08482A273387107E1E0F4.jpg,,/product/corrector-de-fita-5mm-10m/4026700503654
33782,Agrafador pocket universal nº10,3154140435004,11496,11487,1 unidade,Maped,,"4,99€/Unidade","4,99€",https://cdn.intermarche.pt/pt/Content/images/boitmal/produit/zoom/88BEBED114E5BE24F259A4714C138E71.jpg,,/product/agrafador-pocket-universal-nº10/3154140435004
36100,Flauta,4009126031680,11496,11487,1 unidade,Hohner,,"7,99€/Unidade","7,99€",https://cdn.intermarche.pt/pt/Content/images/boitmal/produit/zoom/31F2AFA98D0022B3403E866A1D9D1420.jpg,,/product/flauta/4009126031680
3997,Pioneses coloridos,3250391450138,11491,11487,Embalagem de 100 unidades,Domédia,,"0,99€/Unidade","0,99€",https://cdn.intermarche.pt/pt/Content/images/boitmal/produit/zoom/5018FE178316BDEB9423DA1764B9144C.jpg,,/product/pioneses-coloridos/3250391450138
4619,Corrector em frasco líquido,4026700504552,11496,11487,1 unidade,Uhu,,"2,59€/Unidade","2,59€",https://cdn.intermarche.pt/pt/Content/images/boitmal/produit/zoom/D96EB45D13C48CBD04A31D69EFABD095.jpg,,/product/corrector-em-frasco-liquido/4026700504552
46559,X-ato mini,3154140922115,11494,11487,9 mm,Maped,,"0,79€/Unidade","0,79€",https://cdn.intermarche.pt/pt/Content/images/boitmal/produit/zoom/A3501C2D8192577F6517BE403625B7E6.jpg,,/product/x-ato-mini/3154140922115
51581,Envelope com janela e fita autocolante,5604260279012,11491,11487,25 unidades,PorSi,,"1,49€/Unidade","1,49€",https://cdn.intermarche.pt/pt/Content/images/boitmal/produit/zoom/050387DA15E01829BD2247642C16290D.jpg,,/product/envelope-com-janela-e-fita-autocolante/5604260279012
51583,Envelopes com fita autocolante 229x324 mm,5604260279050,11491,11487,25 unidades,PorSi,,"3,99€/Unidade","3,99€",https://cdn.intermarche.pt/pt/Content/images/boitmal/produit/zoom/5255913D47A8EFF87E7D2AD880AA8C43.jpg,,/product/envelopes-com-fita-autocolante-229x324-mm/5604260279050
54036,Régua 15 Cm Study Inquebrável Cores,3154142791108,11496,11487,,Maped,,"1,29€/Unidade","1,29€",https://cdn.intermarche.pt/pt/Content/images/boitmal/produit/zoom/C2DEA3A846AC0EC64A33BC436EC7D3DD.jpg,,/product/regua-15-cm-study-inquebravel-cores/3154142791108
54037,Tesoura 13 Cm Barbie,3154144642132,11496,11487,,Maped,,"3,29€/Unidade","3,29€",https://cdn.intermarche.pt/pt/Content/images/boitmal/produit/zoom/14DEE87E16C9FC518A0CDFE6DFE106B6.jpg,,/product/tesoura-13-cm-barbie/3154144642132
54040,Tesoura Precisão 13Cm,3154146817002,11496,11487,,Maped,,"2,99€/Unidade","2,99€",https://cdn.intermarche.pt/pt/Content/images/boitmal/produit/zoom/FB1A4760F662EF72F9B316FD571F0832.jpg,,/product/tesoura-precisao-13cm/3154146817002
54043,Etiquetas ivros Coloridas 28X65Mm 42Un,8426307731287,11496,11487,,Plus Offi,,"0,99€/Unidade","0,99€",https://cdn.intermarche.pt/pt/Content/images/boitmal/produit/zoom/B67880B1F4F04911710D8C12980EDA25.jpg,,/product/etiquetas-ivros-coloridas-28x65mm-42un/8426307731287
54045,Compasso com Mina Automática + Recarga 2B,8003511401221,11496,11487,,Carioca,,"2,99€/Unidade","2,99€",https://cdn.intermarche.pt/pt/Content/images/boitmal/produit/zoom/AF27687C0EE15DE9BF2983DDAF755A84.jpg,,/product/compasso-com-mina-automatica-+-recarga-2b/8003511401221
54046,Nota Adesiva Indice,8426307313575,11496,11487,,Paper-In,,"0,99€/Unidade","0,99€",https://cdn.intermarche.pt/pt/Content/images/boitmal/produit/zoom/38D7D4D7EF397289B98CDB021F15029E.jpg,,/product/nota-adesiva-indice/8426307313575
54047,Notas Adesivas Pastel 75X75Mm 300F,8426307313599,11496,11487,,Paper-In,,"2,49€/Unidade","2,49€",https://cdn.intermarche.pt/pt/Content/images/boitmal/produit/zoom/B232A811A10864ED7ECC24F2C97B5F33.jpg,,/product/notas-adesivas-pastel-75x75mm-300f/8426307313599
54049,Bloco Notas Adesivas Transparente,8426307478823,11496,11487,,Paper-In,,"1,79€/Unidade","1,79€",https://cdn.intermarche.pt/pt/Content/images/boitmal/produit/zoom/B855F48ED180599F8C5B0C3E1FD1721C.jpg,,/product/bloco-notas-adesivas-transparente/8426307478823
54050,Bloco Nota Adesivas 40X50 Amarelas 3U,8426307780018,11496,11487,,Paper-In,,"0,99€/Unidade","0,99€",https://cdn.intermarche.pt/pt/Content/images/boitmal/produit/zoom/7CBE59B117784DEC603A11350F554CD8.jpg,,/product/bloco-nota-adesivas-40x50-amarelas-3u/8426307780018
54051,Bloco Nota Adesivas 75X75 100F Amarelas,8426307780025,11496,11487,,Paper-In,,"0,59€/Unidade","0,59€",https://cdn.intermarche.pt/pt/Content/images/boitmal/produit/zoom/2BF2F3AF96EC7D98933C23588D891905.jpg,,/product/bloco-nota-adesivas-75x75-100f-amarelas/8426307780025
54053,Notas Adesivas Neon 75X75Mm 300F,8426307780070,11496,11487,,Paper-In,,"2,99€/Unidade","2,99€",https://cdn.intermarche.pt/pt/Content/images/boitmal/produit/zoom/6E0027289864536B5E969D94499652C6.jpg,,/product/notas-adesivas-neon-75x75mm-300f/8426307780070
54064,Base Secretaria Pvc Mundo,3135251359090,11496,11487,,Viquel,,"7,99€/Unidade","7,99€",https://cdn.intermarche.pt/pt/Content/images/boitmal/produit/zoom/55416CA4E22F82DF4F15A75A58CBAEE9.jpg,,/product/base-secretaria-pvc-mundo/3135251359090
50194,Tesoura Essentials,3154144642101,11494,11487,13 cm,Maped,,"1,79€/Unidade","1,79€",https://cdn.intermarche.pt/pt/Content/images/boitmal/produit/zoom/C926AEDDCAEF5F5340D20D93F34262B5.jpg,,/product/tesoura-essentials/3154144642101
7299,Agrafador universal +400 agrafos,3154140392000,11496,11487,1 unidade,Maped,,"8,99€/Unidade","8,99€",https://cdn.intermarche.pt/pt/Content/images/boitmal/produit/zoom/9D9BC1665107E43D0F2738A269349500.jpg,,/product/agrafador-universal-+400-agrafos/3154140392000
3049,"Pioneses metalizados, pack de 100 unidades",3250391450091,11491,11487,1 embalagem,Domédia,,"0,79€/Unidade","0,79€",https://cdn.intermarche.pt/pt/Content/images/boitmal/produit/zoom/7B1080592D9922F4BFEA47E447C2DD32.jpg,,/product/pioneses-metalizados-pack-de-100-unidades/3250391450091
3691,Afia Lápis,3154146347547,11492,11487,1 unidade,Maped,,"1,99€/Unidade","1,99€",https://cdn.intermarche.pt/pt/Content/images/boitmal/produit/zoom/9F9A4D5719C8759F6C30803591D914F8.jpg,,/product/afia-lapis/3154146347547
46379,Agrafador + perfurador,3154148980148,11496,11487,Agrafes 24/6,Maped,,"12,99€/Unidade","12,99€",https://cdn.intermarche.pt/pt/Content/images/boitmal/produit/zoom/453B9E0C13B94161225F6B0C7882E35F.jpg,,/product/agrafador-+-perfurador/3154148980148
52438,Tesoura Soft Pastel 13 cm,3154144644112,11494,11487,1 unidade,Maped,,"1,19€/Unidade","1,19€",https://cdn.intermarche.pt/pt/Content/images/boitmal/produit/zoom/690304A1A490EC86695614EA93F05391.jpg,,/product/tesoura-soft-pastel-13-cm/3154144644112
54034,Conjunti Desenho Start 4 Peças,3154142428301,11496,11487,,Maped,,"1,69€/Unidade","1,69€",https://cdn.intermarche.pt/pt/Content/images/boitmal/produit/zoom/EF12153B91FB1861DB28F71CBBE1D98B.jpg,,/product/conjunti-desenho-start-4-pecas/3154142428301
54035,Régua 15 Cm Study Inquebrável,3154142453204,11496,11487,,Maped,,"0,59€/Unidade","0,59€",https://cdn.intermarche.pt/pt/Content/images/boitmal/produit/zoom/247C6CF4ABA68429EC6B52FB00A0B367.jpg,,/product/regua-15-cm-study-inquebravel/3154142453204
36100,Flauta,4009126031680,11496,11487,1 unidade,Hohner,,"7,99€/Unidade","7,99€",https://cdn.intermarche.pt/pt/Content/images/boitmal/produit/zoom/31F2AFA98D0022B3403E866A1D9D1420.jpg,,/product/flauta/4009126031680
42219,Puzzle Canal Panda,5600261547266,11680,11678,60 peças,Olivo,,"8,99€/Unidade","8,99€",https://cdn.intermarche.pt/pt/Content/images/boitmal/produit/zoom/B3FA43B3501BFB984BA12C351E5CC2C2.jpg,,/product/puzzle-canal-panda/5600261547266
46084,Puzzle Avengers,8005125216055,11680,11678,2 x 60 peças,Clementoni,,"6,99€/Unidade","6,99€",https://cdn.intermarche.pt/pt/Content/images/boitmal/produit/zoom/F3DBF5BDFAA0BFC49A4ADDAFF0CE3EB1.jpg,,/product/puzzle-avengers/8005125216055
40380,Puzzle Spiderman,8005125216086,11680,11678,2 x 60 peças,Clementoni,,"6,99€/Unidade","6,99€",https://cdn.intermarche.pt/pt/Content/images/boitmal/produit/zoom/9325FB1577941D9CAFA433753544BB75.jpg,,/product/puzzle-spiderman/8005125216086
47232,Puzzle Mickey e Amigos,8005125216208,11680,11678,2 x 60 peças,Clementoni,,"6,99€/Unidade","6,99€",https://cdn.intermarche.pt/pt/Content/images/boitmal/produit/zoom/424FA6CA2CB9C77A0EF11C1F238D2F64.jpg,,/product/puzzle-mickey-e-amigos/8005125216208
47273,Puzzles Sereia / Lama,5600309466351,11680,11678,60 peças,Olivo,,"11,99€/Unidade","11,99€",https://cdn.intermarche.pt/pt/Content/images/boitmal/produit/zoom/152E60C9824D3594FBF696356D629A33.jpg,,/product/puzzles-sereia-ou-lama/5600309466351
50857,Puzzles Astro Kid / T-Rex,5600309466429,11680,11678,60 peças,Olivo,,"11,99€/Unidade","11,99€",https://cdn.intermarche.pt/pt/Content/images/boitmal/produit/zoom/A50D16E77FB00A1286AB796047701D90.jpg,,/product/puzzles-astro-kid-ou-t-rex/5600309466429
37131,Festa Mágica,8410779063892,11681,11678,1 unidade,Nenuco,,"39,99€/Unidade","39,99€",https://cdn.intermarche.pt/pt/Content/images/boitmal/produit/zoom/9C2DEBFF34F0481E590BA28ACB5D83E4.jpg,,/product/festa-magica/8410779063892
42334,Sereia,0887961812978,11681,11678,1 unidade,Barbie,,"17,99€/Unidade","17,99€",https://cdn.intermarche.pt/pt/Content/images/boitmal/produit/zoom/97ABD0D54D919066143157D4586C295A.jpg,,/product/sereia/0887961812978
42344,Fashionista,0887961439540,11681,11678,1 unidade,Barbie,,"16,99€/Unidade","16,99€",https://cdn.intermarche.pt/pt/Content/images/boitmal/produit/zoom/4224B4CFA661FB039B0B76FA01BE909A.jpg,,/product/fashionista/0887961439540
45805,Pack A Quinta,8693830035582,11681,11678,1 unidade,4Kidoh,,"5,99€/Unidade","5,99€",https://cdn.intermarche.pt/pt/Content/images/boitmal/produit/zoom/10C5C2346D32C1245334B3755EDB289F.jpg,,/product/pack-a-quinta/8693830035582
47191,Busto com 24 cm,8436561396405,11681,11678,1 unidade,Vicam,,"18,99€/Unidade","18,99€",https://cdn.intermarche.pt/pt/Content/images/boitmal/produit/zoom/844D6292A90C73A398C170BEEC8668E5.jpg,,/product/busto-com-24-cm/8436561396405
47193,Carrinho com boneco,8437010732447,11681,11678,1 unidade,Vicam,,"19,99€/Unidade","19,99€",https://cdn.intermarche.pt/pt/Content/images/boitmal/produit/zoom/293EB198097E1BF762DE3CFE825117A8.jpg,,/product/carrinho-com-boneco/8437010732447
47365,Batman XL,5601849017614,11681,11678,,Concentra,,"19,99€/Unidade","19,99€",https://cdn.intermarche.pt/pt/Content/images/boitmal/produit/zoom/C00FFE3DBFE369AD4F59F8C77B42ABD2.jpg,,/product/batman-xl/5601849017614
49008,Kit veterinário,5010993954469,11681,11678,1 unidade,Play-Doh,,"27,99€/Unidade","27,99€",https://cdn.intermarche.pt/pt/Content/images/boitmal/produit/zoom/9238E25408C3DE83F57DB04EE5E9A7C7.jpg,,/product/kit-veterinario/5010993954469
50112,O meu primeiro tablet,5601849023653,11681,11678,1 unidade,Vtech Baby,,"34,99€/Unidade","34,99€",https://cdn.intermarche.pt/pt/Content/images/boitmal/produit/zoom/46A16DA9F140AE7DD8B3EFA433F32FB8.jpg,,/product/o-meu-primeiro-tablet/5601849023653
50719,Soft 3 Funções,8410779055811,11681,11678,1 unidade,Nenuco,,"22,99€/Unidade","22,99€",https://cdn.intermarche.pt/pt/Content/images/boitmal/produit/zoom/9DCAC12FF84D27A075190DCF54AD0011.jpg,,/product/soft-3-funcoes/8410779055811
51796,Baby Pipi + Acessórios,8436561392001,11681,11678,,Vicam,,"12,99€/Unidade","12,99€",https://cdn.intermarche.pt/pt/Content/images/boitmal/produit/zoom/928E44CAB0D7884AE01CFF8CAD0CF421.jpg,,/product/baby-pipi-+-acessorios/8436561392001
52480,Kit Iniciantes - Um Dia na Lagoa,5010994208387,11681,11678,1 unidade,Play-Doh,,"10,99€/Unidade","10,99€",https://cdn.intermarche.pt/pt/Content/images/boitmal/produit/zoom/1976E49AE75160C2F3754D5F2E7323B4.jpg,,/product/kit-iniciantes-um-dia-na-lagoa/5010994208387
52481,Primeiras criações para o picnic,5010994208400,11681,11678,1 unidade,Play-Doh,,"19,99€/Unidade","19,99€",https://cdn.intermarche.pt/pt/Content/images/boitmal/produit/zoom/62D4BE66DF7E9D39D2112BF18A868301.jpg,,/product/primeiras-criacoes-para-o-picnic/5010994208400
52699,Cachorro Robot Ycoo Dackel Júnior,5601849028573,11681,11678,1 unidade,Concentra,,"44,49€/Unidade","44,49€",https://cdn.intermarche.pt/pt/Content/images/boitmal/produit/zoom/AF5C4DCAC69451B5EB8833D417BDB9FA.jpg,,/product/cachorro-robot-ycoo-dackel-junior/5601849028573
52713,Figura de Spider Man Marvel Super Heroes,5702017154664,11681,11678,1 unidade,Lego,,"26,99€/Unidade","26,99€",https://cdn.intermarche.pt/pt/Content/images/boitmal/produit/zoom/CEA7A01C85E1BF917B459ECB7D7EEC3E.jpg,,/product/figura-de-spider-man-marvel-super-heroes/5702017154664
51795,Mini Casa de Bonecas,5601849026906,11681,11678,1 unidade,Valuvic,,"29,99€/Unidade","29,99€",https://cdn.intermarche.pt/pt/Content/images/boitmal/produit/zoom/F1CE6E34D938B8238BD8782F5053A62A.jpg,,/product/mini-casa-de-bonecas/5601849026906
37133,Sara,8410779069818,11681,11678,1 unidade,Nenuco,,"69,99€/Unidade","69,99€",https://cdn.intermarche.pt/pt/Content/images/boitmal/produit/zoom/F1EC6235DECADD95856220B1B64FD349.jpg,,/product/sara/8410779069818
37135,Baby Pipi Comiditas,8436561392278,11681,11678,1 unidade,Vicam,,"19,99€/Unidade","19,99€",https://cdn.intermarche.pt/pt/Content/images/boitmal/produit/zoom/3420026668EB41F6C497B8750B1409E3.jpg,,/product/baby-pipi-comiditas/8436561392278
42336,Posso ser,0887961368062,11681,11678,1 unidade,Barbie,,"16,99€/Unidade","16,99€",https://cdn.intermarche.pt/pt/Content/images/boitmal/produit/zoom/22614F2626DC96E987AE5DD9BB357642.jpg,,/product/posso-ser/0887961368062
42343,Ken fashionista,0887961422283,11681,11678,1 unidade,Barbie,,"16,99€/Unidade","16,99€",https://cdn.intermarche.pt/pt/Content/images/boitmal/produit/zoom/FA08E2E6605D0BD6704B0BD6C87A515E.jpg,,/product/ken-fashionista/0887961422283
42354,Ups. Faz Chichi,8410779075802,11681,11678,1 unidade,Nenuco,,"34,99€/Unidade","34,99€",https://cdn.intermarche.pt/pt/Content/images/boitmal/produit/zoom/A531C16E24DEB0ED0E8B8752A09E4447.jpg,,/product/ups.-faz-chichi/8410779075802
45800,Pack Dinossauros 3D,8693830035490,11681,11678,1 unidade,4Kidoh,,"4,99€/Unidade","4,99€",https://cdn.intermarche.pt/pt/Content/images/boitmal/produit/zoom/019F8254687720D1D2515E1509FEE499.jpg,,/product/pack-dinossauros-3d/8693830035490
46012,Plasticina Cabeleireiro,5010993791859,11681,11678,,Play-Doh,,"27,99€/Unidade","27,99€",https://cdn.intermarche.pt/pt/Content/images/boitmal/produit/zoom/8D6AAA5EBE1EAFDBE02119EFD2C27DC7.jpg,,/product/plasticina-cabeleireiro/5010993791859
50114,O Meu Primeiro Computador,5601849022113,11681,11678,1 unidade,Vtech Baby,,"41,99€/Unidade","41,99€",https://cdn.intermarche.pt/pt/Content/images/boitmal/produit/zoom/0F2FEAC681921D7D900120A3FED788C7.jpg,,/product/o-meu-primeiro-computador/5601849022113
50710,Katia Beijinhos,5601849017171,11681,11678,1 unidade,Miss Concentra,,"49,99€/Unidade","49,99€",https://cdn.intermarche.pt/pt/Content/images/boitmal/produit/zoom/1077CFC5A03AB1E9AF5FF995ABB45C83.jpg,,/product/katia-beijinhos/5601849017171
50771,Bebé,8436561392407,11681,11678,c/ Acessórios Médico,Vicam,,"19,99€/Unidade","19,99€",https://cdn.intermarche.pt/pt/Content/images/boitmal/produit/zoom/B558625C077E2E8EA32881C449FB15DE.jpg,,/product/bebe/8436561392407
50836,Animais Selvagens,4895229404632,11681,11678,set 30 peças,Discovery Channel,,"16,99€/Unidade","16,99€",https://cdn.intermarche.pt/pt/Content/images/boitmal/produit/zoom/0F4413EE7347DEFDD5B71AEDE03E0937.jpg,,/product/animais-selvagens/4895229404632
52482,Plasticina Chefe de Cozinha,5010996169099,11681,11678,1 unidade,Play-Doh,,"36,99€/Unidade","36,99€",https://cdn.intermarche.pt/pt/Content/images/boitmal/produit/zoom/D16DB9DDB3E15E6F6DF332B3D013A487.jpg,,/product/plasticina-chefe-de-cozinha/5010996169099
52624,Tweens Surprise Swap,0035051591733,11681,11678,1 unidade,LOL,,"49,99€/Unidade","49,99€",https://cdn.intermarche.pt/pt/Content/images/boitmal/produit/zoom/17E76B724DA71575DEDA1F3170BA4FB6.jpg,,/product/tweens-surprise-swap/0035051591733
52628,Magic Flyers,0035051593546,11681,11678,1 unidade,LOL,,"44,99€/Unidade","44,99€",https://cdn.intermarche.pt/pt/Content/images/boitmal/produit/zoom/DA35CB2D634012DFF8E4D5DA8891D706.jpg,,/product/magic-flyers/0035051593546
52749,Robô Super Mio,8005125673414,11681,11678,1 Unidade,Clementoni,,"39,99€/Unidade","39,99€",https://cdn.intermarche.pt/pt/Content/images/boitmal/produit/zoom/15F16E083F3DD5E517971D4CFEAF68B3.jpg,,/product/robo-super-mio/8005125673414
49516,Forntnite Microhots,5010993605200,11682,11678,1 unidade,Nerf,,"12,99€/Unidade","12,99€",https://cdn.intermarche.pt/pt/Content/images/boitmal/produit/zoom/A3F7A5F076BDE4CD9B22BABABEC34602.jpg,,/product/forntnite-microhots/5010993605200
52652,Blaster Elite 2.0 Prospect,5010993948031,11682,11678,1 unidade,Nerf,,"12,99€/Unidade","12,99€",https://cdn.intermarche.pt/pt/Content/images/boitmal/produit/zoom/EAF71BD6A6D9F463C38E691B5B5090C8.jpg,,/product/blaster-elite-2.0-prospect/5010993948031
53868,"Pistola de Água Espuma, 44 cm",8711295038884,11683,11678,,*,,"2,29€/Unidade","2,29€",https://cdn.intermarche.pt/pt/Content/images/boitmal/produit/zoom/4F5349690822C20C21FD26033B87B492.jpg,,/product/pistola-de-agua-espuma-44-cm/8711295038884
52124,Super Soaker Torrent,5010993967230,11683,11678,1 un.,Nerf,,"8,99€/Unidade","8,99€",https://cdn.intermarche.pt/pt/Content/images/boitmal/produit/zoom/5AFA886F9A6CB0F911527F2A1D747EEF.jpg,,/product/super-soaker-torrent/5010993967230
53864,Pistola Água com Mochila,8711252135946,11683,11678,1 un.,Waterzone,,"11,99€/Unidade","11,99€",https://cdn.intermarche.pt/pt/Content/images/boitmal/produit/zoom/2333FED18D7F128E20E83A63F03F0B0B.jpg,,/product/pistola-agua-com-mochila/8711252135946
53865,Conjunto Paddle Infantil,8711252172675,11683,11678,1 un.,Scatch,,"14,99€/Unidade","14,99€",https://cdn.intermarche.pt/pt/Content/images/boitmal/produit/zoom/562C6F6E31A6D98C2AB03602E26C5810.jpg,,/product/conjunto-paddle-infantil/8711252172675
2852,Pack 5 veículos sortidos,0074299018060,11684,11678,1 embalagem,Hot Wheels,,"12,99€/Unidade","12,99€",https://cdn.intermarche.pt/pt/Content/images/boitmal/produit/zoom/E66A785086F405D44E86ECEC556B312F.jpg,,/product/pack-5-veiculos-sortidos/0074299018060
2853,Veiculo Hot wheels,0074299057854,11684,11678,1 unidade,Hot Wheels,,"2,49€/Unidade","2,49€",https://cdn.intermarche.pt/pt/Content/images/boitmal/produit/zoom/412CAACAE3DD44A9C242BDCDCD2D8ABA.jpg,,/product/veiculo-hot-wheels/0074299057854
47359,Camião Trail Sea Race,4006333076114,11684,11678,Dim.: 41 cm,Dickie,,"14,99€/Unidade","14,99€",https://cdn.intermarche.pt/pt/Content/images/boitmal/produit/zoom/A177B97AAA28DA17CE21F84C202040E4.jpg,,/product/camiao-trail-sea-race/4006333076114
47360,Camião Missão Espacial,4006333076121,11684,11678,Dim.: 41 cm,Dickie,,"14,99€/Unidade","14,99€",https://cdn.intermarche.pt/pt/Content/images/boitmal/produit/zoom/0EDFECDF9AB35FBE47F812F58BB7CB6F.jpg,,/product/camiao-missao-espacial/4006333076121
50797,Pista Dragstrip Champion,0887961713787,11684,11678,1 embalagem,Hot Wheels,,"24,49€/Unidade","24,49€",https://cdn.intermarche.pt/pt/Content/images/boitmal/produit/zoom/70998B974844B9913F66B4065994195A.jpg,,/product/pista-dragstrip-champion/0887961713787
47367,Grave Digger,5601849022397,11684,11678,Escala: 1:24,Monster Jam,,"36,99€/Unidade","36,99€",https://cdn.intermarche.pt/pt/Content/images/boitmal/produit/zoom/2E770FDF1AD7B8D554F8F2EDC823425B.jpg,,/product/grave-digger/5601849022397
47368,Avião patrulheiro,5601849007851,11684,11678,1 unidade,Patrulha Pata,,"84,99€/Unidade","84,99€",https://cdn.intermarche.pt/pt/Content/images/boitmal/produit/zoom/5CF40E11173FD976F0D3A06B3ADC9698.jpg,,/product/aviao-patrulheiro/5601849007851
50796,Pista dinossauro,5050841657616,11684,11678,com 3 carros,HTI,,"18,99€/Unidade","18,99€",https://cdn.intermarche.pt/pt/Content/images/boitmal/produit/zoom/B406D1BC8673C39F759F3D8659101476.jpg,,/product/pista-dinossauro/5050841657616
49008,Kit veterinário,5010993954469,11681,11678,1 unidade,Play-Doh,,"27,99€/Unidade","27,99€",https://cdn.intermarche.pt/pt/Content/images/boitmal/produit/zoom/9238E25408C3DE83F57DB04EE5E9A7C7.jpg,,/product/kit-veterinario/5010993954469
50105,"Jogo ""Tangram""",5601795007844,11685,11679,1 unidade,Europrice,,"5,99€/Unidade","5,99€",https://cdn.intermarche.pt/pt/Content/images/boitmal/produit/zoom/BE69CA3D0A20EDE1528189AE95D011C4.jpg,,"/product/jogo-""tangram""/5601795007844"
50159,Dino pescoço grande,5010993795734,11685,11679,1 Embalagem,Play-Doh,,"21,99€/Unidade","21,99€",https://cdn.intermarche.pt/pt/Content/images/boitmal/produit/zoom/2A867F359DC15CA532244BFF0899DEA4.jpg,,/product/dino-pescoco-grande/5010993795734
50165,"Jogo ""Números Táteis""",8005125677412,11685,11679,1 unidade,Clementoni,,"14,99€/Unidade","14,99€",https://cdn.intermarche.pt/pt/Content/images/boitmal/produit/zoom/818E855D3CCC87405604C9E053887466.jpg,,"/product/jogo-""numeros-tateis""/8005125677412"
50175,"Jogo ""Descobre as palavras""",8005125677542,11685,11679,1 unidade,Clementoni,,"14,99€/Unidade","14,99€",https://cdn.intermarche.pt/pt/Content/images/boitmal/produit/zoom/76BA37119C639EB63F95B9844489449A.jpg,,"/product/jogo-""descobre-as-palavras""/8005125677542"
50176,"Jogo ""Matemática Divertida""",8005125677719,11685,11679,1 unidade,Clementoni,,"14,99€/Unidade","14,99€",https://cdn.intermarche.pt/pt/Content/images/boitmal/produit/zoom/7E5D4DFB615731033375D09DF9354723.jpg,,"/product/jogo-""matematica-divertida""/8005125677719"
50178,"Jogo ""A Volta ao Mundo""",8005125677535,11685,11679,1 unidade,Clementoni,,"14,99€/Unidade","14,99€",https://cdn.intermarche.pt/pt/Content/images/boitmal/produit/zoom/8F180AC2E5D74DC9312035CEE903F295.jpg,,"/product/jogo-""a-volta-ao-mundo""/8005125677535"
50200,"Jogo ""Primeiras Palavras""",8005125677405,11685,11679,1 unidade,Clementoni,,"14,99€/Unidade","14,99€",https://cdn.intermarche.pt/pt/Content/images/boitmal/produit/zoom/67670C9D96B5DCA37EF3959357A409D2.jpg,,"/product/jogo-""primeiras-palavras""/8005125677405"
50807,Laboratório Mecânica Carro Bombeiros,8005125677450,11685,11679,1 unidade,Clementoni,,"49,99€/Unidade","49,99€",https://cdn.intermarche.pt/pt/Content/images/boitmal/produit/zoom/0568A2A2E891B689DB0DC8CDA1CD1028.jpg,,/product/laboratorio-mecanica-carro-bombeiros/8005125677450
50818,"Jogo ""Casa das Palavras""",8005125677436,11685,11679,1 unidade,Clementoni,,"19,99€/Unidade","19,99€",https://cdn.intermarche.pt/pt/Content/images/boitmal/produit/zoom/DEAFC30E6BE67EBE0A58999E50D08BD5.jpg,,"/product/jogo-""casa-das-palavras""/8005125677436"
50846,50 Jogos Reunidos,8005125677214,11685,11679,1 unidade,Clementoni,,"16,99€/Unidade","16,99€",https://cdn.intermarche.pt/pt/Content/images/boitmal/produit/zoom/E3C34E7486B426DF8FB2A8FE57C2CE34.jpg,,/product/50-jogos-reunidos/8005125677214
51798,Jogo Aprendo Inglês,8005125673339,11685,11679,1 un.,Clementoni,,"6,99€/Unidade","6,99€",https://cdn.intermarche.pt/pt/Content/images/boitmal/produit/zoom/D570F449254C9EDE1B7847A102FA8502.jpg,,/product/jogo-aprendo-ingles/8005125673339
52480,Kit Iniciantes - Um Dia na Lagoa,5010994208387,11681,11678,1 unidade,Play-Doh,,"10,99€/Unidade","10,99€",https://cdn.intermarche.pt/pt/Content/images/boitmal/produit/zoom/1976E49AE75160C2F3754D5F2E7323B4.jpg,,/product/kit-iniciantes-um-dia-na-lagoa/5010994208387
52481,Primeiras criações para o picnic,5010994208400,11681,11678,1 unidade,Play-Doh,,"19,99€/Unidade","19,99€",https://cdn.intermarche.pt/pt/Content/images/boitmal/produit/zoom/62D4BE66DF7E9D39D2112BF18A868301.jpg,,/product/primeiras-criacoes-para-o-picnic/5010994208400
52484,"Jogo ""Alfabeto""",8005125673322,11685,11679,1 unidade,Clementoni,,"6,99€/Unidade","6,99€",https://cdn.intermarche.pt/pt/Content/images/boitmal/produit/zoom/C1799CD290ED63D074D090103A19BFBE.jpg,,"/product/jogo-""alfabeto""/8005125673322"
52485,"Jogo ""Números""",8005125673353,11685,11679,1 unidade,Clementoni,,"6,99€/Unidade","6,99€",https://cdn.intermarche.pt/pt/Content/images/boitmal/produit/zoom/A6CC166E9A555C8A43051932D58F4D3A.jpg,,"/product/jogo-""numeros""/8005125673353"
52486,"Jogo ""Animais da Quinta""",8005125673315,11685,11679,1 unidade,Clementoni,,"6,99€/Unidade","6,99€",https://cdn.intermarche.pt/pt/Content/images/boitmal/produit/zoom/C6D444DD0A7ACB08023684ABDDFBD745.jpg,,"/product/jogo-""animais-da-quinta""/8005125673315"
52487,"Jogo ""Veículos e Profissões""",8005125673346,11685,11679,1 unidade,Clementoni,,"6,99€/Unidade","6,99€",https://cdn.intermarche.pt/pt/Content/images/boitmal/produit/zoom/6D66C06E5A43F080D869A4AF9BE39E26.jpg,,"/product/jogo-""veiculos-e-profissoes""/8005125673346"
52488,"Jogo ""Que horas são?""",8005125673360,11685,11679,1 unidade,Clementoni,,"6,99€/Unidade","6,99€",https://cdn.intermarche.pt/pt/Content/images/boitmal/produit/zoom/3285DC491771B9686C47A9576E6FEB3E.jpg,,"/product/jogo-""que-horas-sao?""/8005125673360"
52489,"Jogo ""Aprende com as primeiras atividades""",8005125676323,11685,11679,1 unidade,Clementoni,,"13,99€/Unidade","13,99€",https://cdn.intermarche.pt/pt/Content/images/boitmal/produit/zoom/6A2CD69EB1779F7BFCFE8385F5D1D570.jpg,,"/product/jogo-""aprende-com-as-primeiras-atividades""/8005125676323"
54214,Kit Plasticina Iniciantes Avião Explorador,5010996201423,11685,11679,,Play-Doh,,"17,99€/Unidade","17,99€",https://cdn.intermarche.pt/pt/Content/images/boitmal/produit/zoom/76CB9383FE4D006C7D38A79C67C0F715.jpg,,/product/kit-plasticina-iniciantes-aviao-explorador/5010996201423
54217,Tangram,5600849487632,11685,11679,,Science4Yo,,"6,99€/Unidade","6,99€",https://cdn.intermarche.pt/pt/Content/images/boitmal/produit/zoom/32886A13D3BF1FB2231FBA7FAD2E9888.jpg,,/product/tangram/5600849487632
54218,Geoplano,5600983622692,11685,11679,,Science4Yo,,"9,99€/Unidade","9,99€",https://cdn.intermarche.pt/pt/Content/images/boitmal/produit/zoom/33FE139F4FDC5C00FC1AD41EDB920346.jpg,,/product/geoplano/5600983622692
54221,Super Pintura A Dedos,8000825006371,11685,11679,,Giotto B.B,,"13,99€/Unidade","13,99€",https://cdn.intermarche.pt/pt/Content/images/boitmal/produit/zoom/126BD16E0D20F2BA307B13B098C95A2D.jpg,,/product/super-pintura-a-dedos/8000825006371
54225,Dicionário Interativo,8005125676354,11685,11679,,Clementoni,,"19,99€/Unidade","19,99€",https://cdn.intermarche.pt/pt/Content/images/boitmal/produit/zoom/2D7384F8CA5BFC18B36CDF9EFBA63F9F.jpg,,/product/dicionario-interativo/8005125676354
54226,Jogos De Cálculo,8005125677658,11685,11679,,Clementoni,,"14,99€/Unidade","14,99€",https://cdn.intermarche.pt/pt/Content/images/boitmal/produit/zoom/E64E8ACF8BEE9264D1E9C9B5E304A018.jpg,,/product/jogos-de-calculo/8005125677658
54228,Jogos De Leitura,8005125677696,11685,11679,,Clementoni,,"14,99€/Unidade","14,99€",https://cdn.intermarche.pt/pt/Content/images/boitmal/produit/zoom/DA5E5A1881884239DD703C7C4E1109FF.jpg,,/product/jogos-de-leitura/8005125677696
36064,Quadro júnior,8410788530293,11685,11679,Inclui: 10 Paus Giz Coloridos + 1 Marcador + Pano p/ Apagar,Chicos,,"27,99€/Unidade","27,99€",https://cdn.intermarche.pt/pt/Content/images/boitmal/produit/zoom/838B2C62DBEAD0B5EC5D105538DB2E3E.jpg,,/product/quadro-junior/8410788530293
46012,Plasticina Cabeleireiro,5010993791859,11681,11678,,Play-Doh,,"27,99€/Unidade","27,99€",https://cdn.intermarche.pt/pt/Content/images/boitmal/produit/zoom/8D6AAA5EBE1EAFDBE02119EFD2C27DC7.jpg,,/product/plasticina-cabeleireiro/5010993791859
46016,Quadro magnético,5601199600597,11685,11679,1 unidade,Ambar Science,,"19,99€/Unidade","19,99€",https://cdn.intermarche.pt/pt/Content/images/boitmal/produit/zoom/5ECA6E01231F8BF1F69F38AEA5BDAAD2.jpg,,/product/quadro-magnetico/5601199600597
47326,Jogo Os Números,8412668187238,11685,11679,1 unidade,Educa,,"8,99€/Unidade","8,99€",https://cdn.intermarche.pt/pt/Content/images/boitmal/produit/zoom/A97415684E2A2C2624573F10DF5DE6F7.jpg,,/product/jogo-os-numeros/8412668187238
49530,Vulcão brilhante,8005125677320,11685,11679,1 unidade,Clementoni,,"21,99€/Unidade","21,99€",https://cdn.intermarche.pt/pt/Content/images/boitmal/produit/zoom/3F53D4EA00F85C9CB2763FACB8D3A2F1.jpg,,/product/vulcao-brilhante/8005125677320
52482,Plasticina Chefe de Cozinha,5010996169099,11681,11678,1 unidade,Play-Doh,,"36,99€/Unidade","36,99€",https://cdn.intermarche.pt/pt/Content/images/boitmal/produit/zoom/D16DB9DDB3E15E6F6DF332B3D013A487.jpg,,/product/plasticina-chefe-de-cozinha/5010996169099
52490,"Jogo ""Interativo Quiz Pre-Escolar""",8005125673377,11685,11679,1 unidade,Clementoni,,"16,99€/Unidade","16,99€",https://cdn.intermarche.pt/pt/Content/images/boitmal/produit/zoom/85154B0531B252F87DB427ED7A3F0D49.jpg,,"/product/jogo-""interativo-quiz-pre-escolar""/8005125673377"
52676,Barbie Meu Primeiro Spa,5600983628465,11685,11679,1 unidade,Science4You,,"18,99€/Unidade","18,99€",https://cdn.intermarche.pt/pt/Content/images/boitmal/produit/zoom/70D5E0FA4E0B4B8E3A90C313F2454110.jpg,,/product/barbie-meu-primeiro-spa/5600983628465
54211,Kit Plasticina 5Un,5010996119223,11685,11679,,Play-Doh,,"5,99€/Unidade","5,99€",https://cdn.intermarche.pt/pt/Content/images/boitmal/produit/zoom/80F41E4C6398C740FA4C9EF163A43726.jpg,,/product/kit-plasticina-5un/5010996119223
54231,Telescópio Nasa,8005125677849,11685,11679,,Clementoni,,"69,99€/Unidade","69,99€",https://cdn.intermarche.pt/pt/Content/images/boitmal/produit/zoom/C1D26AF84DC254D181626E104C077C58.jpg,,/product/telescopio-nasa/8005125677849
20344,Jogo de Viagem Conecta 4,5010994851934,11686,11679,,Hasbro,,"11,99€/Unidade","11,99€",https://cdn.intermarche.pt/pt/Content/images/boitmal/produit/zoom/FB01FDA990C99405FCABAB73780D701F.jpg,,/product/jogo-de-viagem-conecta-4/5010994851934
29620,Cluedo,5010993324880,11686,11679,,Hasbro,,"34,99€/Unidade","34,99€",https://cdn.intermarche.pt/pt/Content/images/boitmal/produit/zoom/B5ADD9225E2E28F171D96CD41EAF77B2.jpg,,/product/cluedo/5010993324880
32854,"Jogo ""Quem Sou Eu?""",5601849341573,11686,11679,1 unidade,Concentra,,"24,99€/Unidade","24,99€",https://cdn.intermarche.pt/pt/Content/images/boitmal/produit/zoom/ACE0F5BBD4195F2B9AC11ED51B241B19.jpg,,"/product/jogo-""quem-sou-eu?""/5601849341573"
42436,Jogo das escadas,5600261547501,11686,11679,1 unidade,Olivo,,"7,99€/Unidade","7,99€",https://cdn.intermarche.pt/pt/Content/images/boitmal/produit/zoom/8A0F63498457D4369B1811A7A47512DD.jpg,,/product/jogo-das-escadas/5600261547501
42444,Canalizador desastrado,5010993640102,11686,11679,1 un.,Hasbro,,"27,99€/Unidade","27,99€",https://cdn.intermarche.pt/pt/Content/images/boitmal/produit/zoom/62E133B2E725EB4F6A8D366F481F447E.jpg,,/product/canalizador-desastrado/5010993640102
47245,O Grande Jogo das Curiosidades,8005125677184,11686,11679,1 unidade,Clementoni,,"19,99€/Unidade","19,99€",https://cdn.intermarche.pt/pt/Content/images/boitmal/produit/zoom/23204917F660CD9D9CC60DE535CB3EA0.jpg,,/product/o-grande-jogo-das-curiosidades/8005125677184
48545,Dominó,5600261547464,11686,11679,caixa metálica,Olivo,,"5,99€/Unidade","5,99€",https://cdn.intermarche.pt/pt/Content/images/boitmal/produit/zoom/0330C4DB61E2ECD0C29F0F80E157E4FB.jpg,,/product/domino/5600261547464
48546,Jogo de Damas,5600261547150,11686,11679,caixa metálica,Olivo,,"8,99€/Unidade","8,99€",https://cdn.intermarche.pt/pt/Content/images/boitmal/produit/zoom/17F1C5525CF4823CC2747219592CA85B.jpg,,/product/jogo-de-damas/5600261547150
50858,"Jogo ""Mentiroso""",5601849345458,11686,11679,1 unidade,Concentra,,"24,99€/Unidade","24,99€",https://cdn.intermarche.pt/pt/Content/images/boitmal/produit/zoom/373C99172C90BCCCC9DC22707E6D98B8.jpg,,"/product/jogo-""mentiroso""/5601849345458"
52655,Cluedo Junior,5010996111104,11686,11679,1 unidade,Hasbro,,"26,99€/Unidade","26,99€",https://cdn.intermarche.pt/pt/Content/images/boitmal/produit/zoom/C996FC62960B8896AA1F1A87EF68107E.jpg,,/product/cluedo-junior/5010996111104
52692,Jogo de Equilíbrio Madeira,5601849027293,11686,11679,1 unidade,Concentra,,"22,99€/Unidade","22,99€",https://cdn.intermarche.pt/pt/Content/images/boitmal/produit/zoom/20952844C0D7989BA59C7821EC03E763.jpg,,/product/jogo-de-equilibrio-madeira/5601849027293
52750,"Nomes, Coisas e Cidades",8005125673421,11686,11679,1 Unidade,Clementoni,,"16,99€/Unidade","16,99€",https://cdn.intermarche.pt/pt/Content/images/boitmal/produit/zoom/95DB8B582D2FEDC4FC9FC7CDBB1766F0.jpg,,/product/nomes-coisas-e-cidades/8005125673421
52751,Batalha Naval,8005125673438,11686,11679,1 Unidade,Clementoni,,"13,99€/Unidade","13,99€",https://cdn.intermarche.pt/pt/Content/images/boitmal/produit/zoom/E701A8602348FC360E1CBD1FF60468FD.jpg,,/product/batalha-naval/8005125673438
52752,Vamos Viajar!,8005125673490,11686,11679,1 Unidade,Clementoni,,"24,99€/Unidade","24,99€",https://cdn.intermarche.pt/pt/Content/images/boitmal/produit/zoom/99C45EE201183A07C28B4AFC0C98762F.jpg,,/product/vamos-viajar!/8005125673490
52753,Fica Calado,8005125673506,11686,11679,1 Unidade,Clementoni,,"27,99€/Unidade","27,99€",https://cdn.intermarche.pt/pt/Content/images/boitmal/produit/zoom/95E36087ABDB43163422258775C3A671.jpg,,/product/fica-calado/8005125673506
52661,Monopoly Chance,5010996170910,11686,11679,1 unidade,Hasbro,,"29,99€/Unidade","29,99€",https://cdn.intermarche.pt/pt/Content/images/boitmal/produit/zoom/C917C47E3D9A192EFCCFF772F8639542.jpg,,/product/monopoly-chance/5010996170910
21966,Macacos Acrobatas,5601849071272,11686,11679,unidade,Concentra,,"29,99€/Unidade","29,99€",https://cdn.intermarche.pt/pt/Content/images/boitmal/produit/zoom/F8D84675C284C842D58217AAE350512B.jpg,,/product/macacos-acrobatas/5601849071272
47000,Jogo da Forca + Jogo do Galo,8005125163045,11686,11679,1 unidade,Clementoni,,"7,99€/Unidade","7,99€",https://cdn.intermarche.pt/pt/Content/images/boitmal/produit/zoom/5EC42677629B497B9156D9687CE663F6.jpg,,/product/jogo-da-forca-+-jogo-do-galo/8005125163045
50850,Tragabolas,5010993471409,11686,11679,1 un.,Hasbro,,"29,99€/Unidade","29,99€",https://cdn.intermarche.pt/pt/Content/images/boitmal/produit/zoom/2F509F7B108760CD27C4BE2F171055D8.jpg,,/product/tragabolas/5010993471409
50859,"Jogo ""Da Banho ao Cão""",5601849026241,11686,11679,1 unidade,Concentra,,"31,99€/Unidade","31,99€",https://cdn.intermarche.pt/pt/Content/images/boitmal/produit/zoom/BBDEC75BCDAEB5CC6783B93C46DED2F6.jpg,,"/product/jogo-""da-banho-ao-cao""/5601849026241"
51010,"Jogo ""Mikado""",5600801214047,11686,11679,1 un.,Top Brands,,"4,99€/Unidade","4,99€",https://cdn.intermarche.pt/pt/Content/images/boitmal/produit/zoom/49F0CF86A1EFB9D2B9E1657577D00D6C.jpg,,"/product/jogo-""mikado""/5600801214047"
52634,Pictionary Air 2,0194735149469,11686,11679,1 unidade,Mattel,,"34,99€/Unidade","34,99€",https://cdn.intermarche.pt/pt/Content/images/boitmal/produit/zoom/925E947FEC3FD99AC3A26F9F43980157.jpg,,/product/pictionary-air-2/0194735149469
52660,Twister Air,5010996149343,11686,11679,1 unidade,Hasbro,,"29,99€/Unidade","29,99€",https://cdn.intermarche.pt/pt/Content/images/boitmal/produit/zoom/FC0D3A8DE17A66E2442C789D871F4635.jpg,,/product/twister-air/5010996149343
52754,O Jogo das Palavras,8005125673520,11686,11679,1 Unidade,Clementoni,,"16,99€/Unidade","16,99€",https://cdn.intermarche.pt/pt/Content/images/boitmal/produit/zoom/DD09FE633D03D63F23424DD14C657A17.jpg,,/product/o-jogo-das-palavras/8005125673520
24803,Bola insuflável patrulha pata 50 cm,8001011166305,11772,11467,1 un.,Mondo,,"2,99€/Unidade","2,99€",https://cdn.intermarche.pt/pt/Content/images/boitmal/produit/zoom/9CFFF9AE0C5559951D205DB2EA3CBC43.jpg,,/product/bola-insuflavel-patrulha-pata-50-cm/8001011166305
30226,Poncho,8435507830300,11772,11467,1 unidade,Patrulha Pata,,"4,99€/Unidade","4,99€",https://cdn.intermarche.pt/pt/Content/images/boitmal/produit/zoom/1E8DB5BD3DD22A3837F2784807262D9B.jpg,,/product/poncho/8435507830300
49578,Poncho Unicórnio,8435507828765,11772,11467,1 unidade,Exterior,,"4,99€/Unidade","4,99€",https://cdn.intermarche.pt/pt/Content/images/boitmal/produit/zoom/C2DBC4BB2341205075A8558E1A97002F.jpg,,/product/poncho-unicornio/8435507828765
49579,Toalha,8435507830287,11772,11467,1 unidade,Patrulha Pata,,"5,00€/Unidade","5,00€",https://cdn.intermarche.pt/pt/Content/images/boitmal/produit/zoom/95CB461E80F26C77FBD335C8E33517EC.jpg,,/product/toalha/8435507830287
52116,Foca Insuflável,6941607312223,11772,11467,Dim.: 157 x 114 cm,Bestway,,"12,99€/Unidade","12,99€",https://cdn.intermarche.pt/pt/Content/images/boitmal/produit/zoom/ED88B807B80E28330FDCA3C920BDE9CE.jpg,,/product/foca-insuflavel/6941607312223
52121,Jogo volleyball,6942138982367,11772,11467,1 unidade,Bestway,,"14,99€/Unidade","14,99€",https://cdn.intermarche.pt/pt/Content/images/boitmal/produit/zoom/E6D234CF0302FA3F89D1865E706ED0F5.jpg,,/product/jogo-volleyball/6942138982367
52122,Insuflável monstro,6941607322017,11772,11467,Dim.: 120 cm,Bestway,,"17,99€/Unidade","17,99€",https://cdn.intermarche.pt/pt/Content/images/boitmal/produit/zoom/4212F22394EDB3AAE3A9C0254DDCB99B.jpg,,/product/insuflavel-monstro/6941607322017
52240,Braçadeiras Mickey & Friends,6941607330166,11772,11467,,Bestway,,"2,99€/Unidade","2,99€",https://cdn.intermarche.pt/pt/Content/images/boitmal/produit/zoom/D578F8FFBC4D684A3C9F277FCF860A28.jpg,,/product/bracadeiras-mickey-&-friends/6941607330166
53856,Kit Mini Piscinas,8410857000993,11772,11467,,PQS,,"11,99€/Unidade","11,99€",https://cdn.intermarche.pt/pt/Content/images/boitmal/produit/zoom/54B1FD86BB5F51538442DBEE5C51CEC9.jpg,,/product/kit-mini-piscinas/8410857000993
52119,Jogo aquático splash,6942138981964,11772,11467,1 unidade,Bestway,,"8,99€/Unidade","8,99€",https://cdn.intermarche.pt/pt/Content/images/boitmal/produit/zoom/EDB63AFA15624B4F8A28ED607809EF10.jpg,,/product/jogo-aquatico-splash/6942138981964
49124,Escorrega para água,6942138968996,11772,11467,"Dim.: 4,88 m",Bestway,,"12,99€/Unidade","12,99€",https://cdn.intermarche.pt/pt/Content/images/boitmal/produit/zoom/33BE0DDF99BD61DA976B92D7E71DA625.jpg,,/product/escorrega-para-agua/6942138968996
49573,Piscina c/ Guarda Sol,6942138951448,11772,11467,Dim.: 140 x 140 cm,Bestway,,"34,99€/Unidade","34,99€",https://cdn.intermarche.pt/pt/Content/images/boitmal/produit/zoom/B6EAC55458A730BB7774B8FBB63767D0.jpg,,/product/piscina-c-ou-guarda-sol/6942138951448
52237,Balde de Praia com Gelados,8412896180063,11772,11467,,Mondo,,"4,99€/Unidade","4,99€",https://cdn.intermarche.pt/pt/Content/images/boitmal/produit/zoom/D22DC39D0F84D0DB6C8C786178AAEF48.jpg,,/product/balde-de-praia-com-gelados/8412896180063
52242,Braçadeiras Minnie,6941607331958,11772,11467,,Bestway,,"2,99€/Unidade","2,99€",https://cdn.intermarche.pt/pt/Content/images/boitmal/produit/zoom/AD9C74DB2009061C77E3E9599A2CC5A0.jpg,,/product/bracadeiras-minnie/6941607331958
5977,"Acendalha branca, 32 cubos",5604260274086,11771,11467,,PorSi,,"0,89€/Unidade","0,89€",https://cdn.intermarche.pt/pt/Content/images/boitmal/produit/zoom/1FFF9F1373872F7DE961EE146FD1DAB4.jpg,,/product/acendalha-branca-32-cubos/5604260274086
3248,Fósforos cozinha,5601354200150,10726,10093,Embalagem com 4 caixas por unidade,Quinas,,"1,29€/Unidade","1,29€",https://cdn.intermarche.pt/pt/Content/images/boitmal/produit/zoom/83DC91B00F2737312970F27068860669.jpg,,/product/fosforos-cozinha/5601354200150
35089,"Acendalha ecológicas, 32 cubos",5604260287246,11771,11467,,PorSi,,"0,99€/Unidade","0,99€",https://cdn.intermarche.pt/pt/Content/images/boitmal/produit/zoom/29564BA30AA406C9BA090AFD50CA428D.jpg,,/product/acendalha-ecologicas-32-cubos/5604260287246
5363,Acendalhas Sólidas Brancas,5601233813006,11771,11467,,Diprochama,,"1,39€/Unidade","1,39€",https://cdn.intermarche.pt/pt/Content/images/boitmal/produit/zoom/93BD9DA9A83EC68A6F893D2B95D0877A.jpg,,/product/acendalhas-solidas-brancas/5601233813006
12205,"Briquetes madeira, 12 unidades",5608272000039,11771,11467,1 embalagem,Nova lenha,,"4,49€/Unidade","4,49€",https://cdn.intermarche.pt/pt/Content/images/boitmal/produit/zoom/A8E99EB97F30E11E22461C21993F1803.jpg,,/product/briquetes-madeira-12-unidades/5608272000039
40818,Saco carvão vegetal,5600991983525,11771,11467,Embalagem de 5 kg,BBQ Lovers,,"1,20€/Kg","5,99€",https://cdn.intermarche.pt/pt/Content/images/boitmal/produit/zoom/C59B8CA1A1A529140213BD6229B3033F.jpg,,/product/saco-carvao-vegetal/5600991983525
52139,"Biocarvão, 17 dm3",5600363421068,11771,11467,,Ecobrasa,,"2,00€/Kg","5,99€",https://cdn.intermarche.pt/pt/Content/images/boitmal/produit/zoom/E7DAAC395B1532F33131E65C9C35B7A6.jpg,,/product/biocarvao-17-dm3/5600363421068
52137,Acendalhas,5600111629814,11771,11467,2 x 32 Cubos,Diprochama,,"1,69€/Unidade","1,69€",https://cdn.intermarche.pt/pt/Content/images/boitmal/produit/zoom/B979A25FEFE01AA03ACA467CFB5A3E82.jpg,,/product/acendalhas/5600111629814
52257,"Carvão vegetal, 17dm3",5600363421105,11771,11467,,Ecobrasa,,"4,99€/Unidade","4,99€",https://cdn.intermarche.pt/pt/Content/images/boitmal/produit/zoom/E1575729CAC70C4DE3189B56FFCA8578.jpg,,/product/carvao-vegetal-17dm3/5600363421105
52142,Escova de churrasco,8430540540957,11771,11467,Dim.: 21 x 70 x 62 cm,Koopman,,"0,99€/Unidade","0,99€",https://cdn.intermarche.pt/pt/Content/images/boitmal/produit/zoom/FA7642922C91E81D6545D414768F4425.jpg,,/product/escova-de-churrasco/8430540540957
49139,Limpa barbecue,5601214393305,11407,11403,500 ml,Pluricor,,"5,58€/L","2,79€",https://cdn.intermarche.pt/pt/Content/images/boitmal/produit/zoom/637D15A70CAF87253019848647C00053.jpg,,/product/limpa-barbecue/5601214393305
45218,"Saco Carvão Vegetal Cuba Marabu, 5 kg",5600801216485,11771,11467,,BBQ Lovers,,"1,40€/Kg","6,99€",https://cdn.intermarche.pt/pt/Content/images/boitmal/produit/zoom/405ED3C5316D199E82DC070697094CE5.jpg,,/product/saco-carvao-vegetal-cuba-marabu-5-kg/5600801216485
12159,Abanico de palha com cabo,5604394130593,11771,11467,1 unidade,Larmil,,"1,89€/Unidade","1,89€",https://cdn.intermarche.pt/pt/Content/images/boitmal/produit/zoom/1017AE391C93D92E5853C3CEFB854575.jpg,,/product/abanico-de-palha-com-cabo/5604394130593
5697,Cadeira Casablanca Branca,5603288000011,11773,11467,1 unidade,Joluce,,"6,99€/Unidade","6,99€",https://cdn.intermarche.pt/pt/Content/images/boitmal/produit/zoom/833A2DECB1F7800C93735101CE2DA8E1.jpg,,/product/cadeira-casablanca-branca/5603288000011
5698,"Cadeira casablanca, verde",5603288000028,11773,11467,1 unidade,Joluce,,"6,99€/Unidade","6,99€",https://cdn.intermarche.pt/pt/Content/images/boitmal/produit/zoom/031233775B29BA56F976850FAA33B773.jpg,,/product/cadeira-casablanca-verde/5603288000028
24506,Banco Monobloco Verde Escuro,5603288005740,11773,11467,1 unidade 36X36X46cm,Joluce,,"4,99€/Unidade","4,99€",https://cdn.intermarche.pt/pt/Content/images/boitmal/produit/zoom/2E2C6113DAA0A916BC05BD68596F7838.jpg,,/product/banco-monobloco-verde-escuro/5603288005740
35306,Cadeira caribe branca,5603288003814,11773,11467,Dim.: 57 x 54 x 85 cm,Joluce,,"12,99€/Unidade","12,99€",https://cdn.intermarche.pt/pt/Content/images/boitmal/produit/zoom/8EB415668A2D117EFA2506957BE5733F.jpg,,/product/cadeira-caribe-branca/5603288003814
49562,Cadeira Chilienne Cinza,3664944178538,11773,11467,Dim.: 94 x 79 x 55 cm,HDF,,"27,99€/Unidade","27,99€",https://cdn.intermarche.pt/pt/Content/images/boitmal/produit/zoom/089A7AA00DC8742C518BB78388EEFE15.jpg,,/product/cadeira-chilienne-cinza/3664944178538
53836,"Horta Urbana Madeira, 90x90cm",3443440027782,11773,11467,,Jardipolys,,"17,99€/Unidade","17,99€",https://cdn.intermarche.pt/pt/Content/images/boitmal/produit/zoom/CA8AA25CC81D08A6E28563D2867C0576.jpg,,/product/horta-urbana-madeira-90x90cm/3443440027782
53840,Cadeira Mariposa Bege,3664944563129,11773,11467,,CMP,,"22,99€/Unidade","22,99€",https://cdn.intermarche.pt/pt/Content/images/boitmal/produit/zoom/01F3F4A9AA4DC5391E42B3BDFB2C8DFB.jpg,,/product/cadeira-mariposa-bege/3664944563129
53841,"Mesa Mariposa, 58x60cm",3664944563235,11773,11467,,CMP,,"33,99€/Unidade","33,99€",https://cdn.intermarche.pt/pt/Content/images/boitmal/produit/zoom/8352AB79661C29D9E9ED569F8A7209B4.jpg,,/product/mesa-mariposa-58x60cm/3664944563235
53842,Cadeira 5 Posições Antracite,5603288005108,11773,11467,,Joluce,,"29,99€/Unidade","29,99€",https://cdn.intermarche.pt/pt/Content/images/boitmal/produit/zoom/336D66C015F44C800CCADD3673544CE9.jpg,,/product/cadeira-5-posicoes-antracite/5603288005108
5703,"Mesa viana, 90 branca",5603288000134,11773,11467,1 unidade,Joluce,,"19,99€/Unidade","19,99€",https://cdn.intermarche.pt/pt/Content/images/boitmal/produit/zoom/E5B08E22E09EF1FFEE57C94AE81C0900.jpg,,/product/mesa-viana-90-branca/5603288000134
44535,Pulverizador,5604612667382,11774,11467,Capacidade: 1.5 litros,Itools,,"5,99€/Unidade","5,99€",https://cdn.intermarche.pt/pt/Content/images/boitmal/produit/zoom/D18FDAD1198F49A7B2364D1E41DF22FC.jpg,,/product/pulverizador/5604612667382
44545,Adubo liquido universal,3121970173376,11774,11467,250 ml,KB,,"23,96€/L","5,99€",https://cdn.intermarche.pt/pt/Content/images/boitmal/produit/zoom/2A3A63B6DBF09F739AF58CE13DF06FC7.jpg,,/product/adubo-liquido-universal/3121970173376
52135,Tesoura de Poda,5604612014575,11774,11467,1 unidade,Itools,,"7,99€/Unidade","7,99€",https://cdn.intermarche.pt/pt/Content/images/boitmal/produit/zoom/07B52838EBC9DA82D8A25CC3918D6304.jpg,,/product/tesoura-de-poda/5604612014575
52140,Mangueira Espiral com Pistola,8424385250645,11774,11467,10 metros,Garden People,,"19,99€/Unidade","19,99€",https://cdn.intermarche.pt/pt/Content/images/boitmal/produit/zoom/B77227039EE5E7C94EF2D407C4C3448F.jpg,,/product/mangueira-espiral-com-pistola/8424385250645
52256,Contentor,8718158095732,11774,11467,10L,Casa e Jardim,,"4,49€/Unidade","4,49€",https://cdn.intermarche.pt/pt/Content/images/boitmal/produit/zoom/B4BA7572F09426975146E90668C127A2.jpg,,/product/contentor/8718158095732
19718,Kit Rega completo com 5 peças,5604612662196,11774,11467,1 unidade,Itools,,"18,99€/Unidade","18,99€",https://cdn.intermarche.pt/pt/Content/images/boitmal/produit/zoom/7E76244F082068E9C48D124A78054BB7.jpg,,/product/kit-rega-completo-com-5-pecas/5604612662196
46367,Carretel mangueira com acessórios,5607379124815,11774,11467,15 Metros,Moveo,,"42,99€/Unidade","42,99€",https://cdn.intermarche.pt/pt/Content/images/boitmal/produit/zoom/D415E87FC16CFEE5F0D93E37931F8939.jpg,,/product/carretel-mangueira-com-acessorios/5607379124815
49562,Cadeira Chilienne Cinza,3664944178538,11773,11467,Dim.: 94 x 79 x 55 cm,HDF,,"27,99€/Unidade","27,99€",https://cdn.intermarche.pt/pt/Content/images/boitmal/produit/zoom/089A7AA00DC8742C518BB78388EEFE15.jpg,,/product/cadeira-chilienne-cinza/3664944178538
53836,"Horta Urbana Madeira, 90x90cm",3443440027782,11773,11467,,Jardipolys,,"17,99€/Unidade","17,99€",https://cdn.intermarche.pt/pt/Content/images/boitmal/produit/zoom/CA8AA25CC81D08A6E28563D2867C0576.jpg,,/product/horta-urbana-madeira-90x90cm/3443440027782
5714,"Mesa para criança, multicolor",5603288001254,11774,11467,1 unidade,Joluce,,"12,99€/Unidade","12,99€",https://cdn.intermarche.pt/pt/Content/images/boitmal/produit/zoom/43D8D0CADCF583FA98345345A1E4A58B.jpg,,/product/mesa-para-crianca-multicolor/5603288001254
45174,Bomba de ar de pé,6942138917901,11775,11469,,Bestway,,"5,99€/Unidade","5,99€",https://cdn.intermarche.pt/pt/Content/images/boitmal/produit/zoom/B4F39EAAE999316817CE6D2239C39C3E.jpg,,/product/bomba-de-ar-de-pe/6942138917901
29603,Colchão Insuflável 1 Pessoa,6942138916188,11775,11469,,Bestway,,"14,99€/Unidade","14,99€",https://cdn.intermarche.pt/pt/Content/images/boitmal/produit/zoom/8A147BCAD70E3FD00503EACE46BD72E1.jpg,,/product/colchao-insuflavel-1-pessoa/6942138916188
35794,Pratos para pic nic 23 cm azuis,5604260290819,11775,11469,Embalagem com 4 unidades,PorSi,,"1,69€/Unidade","1,69€",https://cdn.intermarche.pt/pt/Content/images/boitmal/produit/zoom/C1A8E9310A40F0066D5DA958427442CF.jpg,,/product/pratos-para-pic-nic-23-cm-azuis/5604260290819
35797,Copos para pic nic 145 ml rosa,5604260290901,11775,11469,Embalagem com 4 unidades,PorSi,,"1,29€/Unidade","1,29€",https://cdn.intermarche.pt/pt/Content/images/boitmal/produit/zoom/B6F7C2ABB5FEF293919BAE60B47168D7.jpg,,/product/copos-para-pic-nic-145-ml-rosa/5604260290901
36014,Saco de cama para adulto,5603599000892,11775,11469,1 unidade,Saurium,,"19,99€/Unidade","19,99€",https://cdn.intermarche.pt/pt/Content/images/boitmal/produit/zoom/93CE0677BC125E7CB1CCBFD62C1EB339.jpg,,/product/saco-de-cama-para-adulto/5603599000892
44504,Parque aquático,6942138973686,11775,11469,Dim.: 239 x 206 cm,Bestway,,"52,99€/Unidade","52,99€",https://cdn.intermarche.pt/pt/Content/images/boitmal/produit/zoom/ADC0E64A4750FAA06F2FD19FD0D202BA.jpg,,/product/parque-aquatico/6942138973686
49558,Tenda 2 pessoas,6942138969832,11775,11469,Dim.: 220 x 120 x 90 cm,Bestway,,"39,99€/Unidade","39,99€",https://cdn.intermarche.pt/pt/Content/images/boitmal/produit/zoom/AF029B16DFDD5A254BB2B48190F70AFF.jpg,,/product/tenda-2-pessoas/6942138969832
52260,Colchão Duplo Insuflável,6941607343890,11775,11469,,Bestway,,"19,99€/Unidade","19,99€",https://cdn.intermarche.pt/pt/Content/images/boitmal/produit/zoom/A9E2D141841C64549954B8E979D3638C.jpg,,/product/colchao-duplo-insuflavel/6941607343890
45173,Almofada royal,6942138916034,11775,11469,,Bestway,,"2,49€/Unidade","2,49€",https://cdn.intermarche.pt/pt/Content/images/boitmal/produit/zoom/BE348B5DD3BC49450D43F207843294D4.jpg,,/product/almofada-royal/6942138916034
40836,Bomba de mão de insuflar,6942138917796,11775,11469,,Bestway,,"4,99€/Unidade","4,99€",https://cdn.intermarche.pt/pt/Content/images/boitmal/produit/zoom/7B0E9841A51BC729AC1F6609F56529F9.jpg,,/product/bomba-de-mao-de-insuflar/6942138917796
52251,Acumulador Térmico,8435123282859,11776,11469,400g,Atlantic,,"0,99€/Unidade","0,99€",https://cdn.intermarche.pt/pt/Content/images/boitmal/produit/zoom/5A5397C14319F6D059AFC520A6012216.jpg,,/product/acumulador-termico/8435123282859
52249,Geleira Vintage Verde,8436582992501,11776,11469,20 L,Polisur,,"29,99€/Unidade","29,99€",https://cdn.intermarche.pt/pt/Content/images/boitmal/produit/zoom/5BF4440E1F648F3135A2EFCA10F9BEAB.jpg,,/product/geleira-vintage-verde/8436582992501
52250,Geleira Vintage Rosa,8436582992624,11776,11469,20 L,Polisur,,"24,99€/Unidade","24,99€",https://cdn.intermarche.pt/pt/Content/images/boitmal/produit/zoom/3B80CB62BC4B2D60EC56D9F5A30558F1.jpg,,/product/geleira-vintage-rosa/8436582992624
41022,Geleira vintage,8436582992105,11776,11469,20 litros,Polisur,,"28,99€/Unidade","28,99€",https://cdn.intermarche.pt/pt/Content/images/boitmal/produit/zoom/FCCACD006645E47198D7C4554D2AE521.jpg,,/product/geleira-vintage/8436582992105
49569,Geleira vintage,8436582992600,11776,11469,20 litros,Polisur,,"28,99€/Unidade","28,99€",https://cdn.intermarche.pt/pt/Content/images/boitmal/produit/zoom/5A38FBC64F59B94A9BA1BBD66AD72F57.jpg,,/product/geleira-vintage/8436582992600
