Product ID,Title,EAN,Family ID,Department ID,Packaging,Brand,Category,Price,Price Per Unit,Image URL,Promo End,Product URL
34284,Gin,5000281015248,11668,11618,Garrafa de 700 ml,Tanqueray,,"35,70€/L","24,99€",https://cdn.intermarche.pt/pt/Content/images/boitmal/produit/zoom/A372B705B0FA25C22890986F5742850A.jpg,,/product/gin/5000281015248
14470,Gin dry,5000289925440,11668,11618,Garrafa de 700 ml,Gordons,,"24,84€/L","17,39€",https://cdn.intermarche.pt/pt/Content/images/boitmal/produit/zoom/FA33DEB6B75883A87B0823AC27BED0EE.jpg,,/product/gin-dry/5000289925440
8047,Gin sapphire,5010677714006,11668,11618,"Garrafa de 0,70L",Bombay,,"36,70€/L","25,69€",https://cdn.intermarche.pt/pt/Content/images/boitmal/produit/zoom/921865B5EC010D1B9671AEBD4E6F3212.jpg,,/product/gin-sapphire/5010677714006
25317,Gin pink,5000289929417,11668,11618,Garrafa de 700 ml,Gordons,,"28,41€/L","19,89€",https://cdn.intermarche.pt/pt/Content/images/boitmal/produit/zoom/0F56757DBC906CD8543AA1D2C69BBA86.jpg,,/product/gin-pink/5000289929417
14964,Gin london dry 40,0897076002010,11668,11618,Embalagem de 0.70L,Bulldog,,"42,84€/L","29,99€",https://cdn.intermarche.pt/pt/Content/images/boitmal/produit/zoom/A8745F6685EF75C3E5A0E785428D0157.jpg,,/product/gin-london-dry-40/0897076002010
15612,Gin dry beefeater,5000329002209,11668,11618,Garrafa de 700 ml,Beefeater,,"27,84€/L","19,49€",https://cdn.intermarche.pt/pt/Content/images/boitmal/produit/zoom/647450EEA605FE861EC11DD69E3131FD.jpg,,/product/gin-dry-beefeater/5000329002209
18860,Gin dry,3147690060703,11668,11618,Garrafa de 700 ml,Gibson's,,"18,27€/L","12,79€",https://cdn.intermarche.pt/pt/Content/images/boitmal/produit/zoom/356BCF7639C2931C45526A98D695FA83.jpg,,/product/gin-dry/3147690060703
49966,Gin pressé,7640175744168,11668,11618,Garrafa de 700 ml,Bombay,,"39,99€/L","27,99€",https://cdn.intermarche.pt/pt/Content/images/boitmal/produit/zoom/BCDBC53DC6948E6C3C1935BA2A4EBF85.jpg,,/product/gin-presse/7640175744168
52829,"Gin Black, garrafa de 700 ml",5000299634493,11668,11618,,Beefeater,,"36,41€/L","25,49€",https://cdn.intermarche.pt/pt/Content/images/boitmal/produit/zoom/8882B7BE4919640EC13F7CF28D867A8E.jpg,,/product/gin-black-garrafa-de-700-ml/5000299634493
14702,Gin premium hendricks 0.70l,5010327755014,11668,11618,Garrafa de 700 ml,Hendricks,,"55,56€/L","38,89€",https://cdn.intermarche.pt/pt/Content/images/boitmal/produit/zoom/D22E7B547237FE15A90109E1A226E00E.jpg,,/product/gin-premium-hendricks-0.70l/5010327755014
16328,Gin Ten Premium,5000281020761,11668,11618,Garrafa de 0.70L,Tanqueray,,"62,84€/L","43,99€",https://cdn.intermarche.pt/pt/Content/images/boitmal/produit/zoom/992706F26FCC88159FBF9F301D33DA2E.jpg,,/product/gin-ten-premium/5000281020761
18188,Gin Beefeater Light,5000299618981,11668,11618,"Garrafa de 0,70 l",Beefeater,,"27,13€/L","18,99€",https://cdn.intermarche.pt/pt/Content/images/boitmal/produit/zoom/0B49B9F35488B6D888DD84876781930C.jpg,,/product/gin-beefeater-light/5000299618981
21661,Irish whiskey original,5055966800022,11668,11618,Garrafa de 700 ml,Bushmills,,"28,56€/L","19,99€",https://cdn.intermarche.pt/pt/Content/images/boitmal/produit/zoom/74582FB0E0761B0FD5EEC3EE00FF6FF6.jpg,,/product/irish-whiskey-original/5055966800022
21977,Gin Premium |Blue Magic,5600267173063,11668,11618,"Embalagem de 0,50L + Oferta 1 Copo",Sharish,,"42,84€/L","29,99€",https://cdn.intermarche.pt/pt/Content/images/boitmal/produit/zoom/717CD6E7FFA3536AA1034A1357832C22.jpg,,/product/gin-premium-|blue-magic/5600267173063
30529,Beefeater «pink»  70cl,5000299605950,11668,11618,Garrafa de 700 ml,Beefeater,,"31,99€/L","22,39€",https://cdn.intermarche.pt/pt/Content/images/boitmal/produit/zoom/A72F0C236A65DAD9C4F7F18E818AECE1.jpg,,/product/beefeater-«pink»-70cl/5000299605950
30530,Beefeater 24              70cl,5000299605004,11668,11618,Garrafa de 700 ml,Beefeater,,"49,99€/L","34,99€",https://cdn.intermarche.pt/pt/Content/images/boitmal/produit/zoom/CCA3B8D8F71616EF5D9388B1450FE76E.jpg,,/product/beefeater-24-70cl/5000299605004
32958,Gin Sevilha,5000291023462,11668,11618,Garrafa de 0.70 l,Tanqueray,,"13,32€/L","9,99€",https://cdn.intermarche.pt/pt/Content/images/boitmal/produit/zoom/967CC4773464747022ADFDA478A92DE3.jpg,,/product/gin-sevilha/5000291023462
41824,Gin dry bombay bramble,7640175742522,11668,11618,Garrafa de 700 ml,Bombay,,"35,70€/L","24,99€",https://cdn.intermarche.pt/pt/Content/images/boitmal/produit/zoom/31BD9A23259880728BC3B896DF1B2BAF.jpg,,/product/gin-dry-bombay-bramble/7640175742522
49403,Gin zesty lemon,5000299634295,11668,11618,Garrafa de 700 ml,Beefeater,,"31,27€/L","21,89€",https://cdn.intermarche.pt/pt/Content/images/boitmal/produit/zoom/9C059C3741A9C1CCD8068EE3AA3F741E.jpg,,/product/gin-zesty-lemon/5000299634295
49734,Beefeater pink & tonic,5000299618448,11668,11618,Garrafa de 250 ml,Beefeater,,"11,96€/L","2,99€",https://cdn.intermarche.pt/pt/Content/images/boitmal/produit/zoom/A8601D72AF5E922B340D018F99D6E389.jpg,,/product/beefeater-pink-&-tonic/5000299618448
50070,Gin Sicilian Lemon,5000289932479,11668,11618,Garrafa de 1 l,Gordons,,"19,89€/L","19,89€",https://cdn.intermarche.pt/pt/Content/images/boitmal/produit/zoom/736ABFEECE19F3BA3C50ED741EDF56DF.jpg,,/product/gin-sicilian-lemon/5000289932479
8039,Whisky original,5010314700003,11668,11618,Garrafa de 700 ml,The Famous Grouse,,"28,56€/L","19,99€",https://cdn.intermarche.pt/pt/Content/images/boitmal/produit/zoom/F261A6493FB3F529D11343DF0C5C25C4.jpg,,/product/whisky-original/5010314700003
7354,Gin London Dry,3250390031918,11668,11618,Garrafa 0.70L,On/Off,,"14,27€/L","9,99€",https://cdn.intermarche.pt/pt/Content/images/boitmal/produit/zoom/5ED474A8F60BD5C315AEFA20A6CEFAE7.jpg,,/product/gin-london-dry/3250390031918
31905,Gin blue magic c/ oferta de copo,5600267173032,11668,11618,500 ml,Sharish,,"59,98€/L","29,99€",https://cdn.intermarche.pt/pt/Content/images/boitmal/produit/zoom/4DC79A6FC5C3AA043D662DACB493F167.jpg,,/product/gin-blue-magic-c-ou-oferta-de-copo/5600267173032
5985,Brandy,5604422145209,11669,11618,Garrafa de 1 l,Macieira,,"15,39€/L","15,39€",https://cdn.intermarche.pt/pt/Content/images/boitmal/produit/zoom/B32E3266FD6067B7F44159A4FC61A7F0.jpg,2024-09-25T22:59:59.999Z,/product/brandy/5604422145209
5320,Aguardente vínica velha,5601213170693,11669,11618,Garrafa de 700 ml,Aliança Velha,,"17,99€/L","12,59€",https://cdn.intermarche.pt/pt/Content/images/boitmal/produit/zoom/45D58F2BF4AFD79B5E14ED23C162BB4B.jpg,2024-10-02T22:59:59.999Z,/product/aguardente-vinica-velha/5601213170693
5395,Aguardente velha reserva,5601262301253,11669,11618,Garrafa de 700 ml,CRF,,"26,27€/L","18,39€",https://cdn.intermarche.pt/pt/Content/images/boitmal/produit/zoom/43A6A701477E710678922AE091C44D1C.jpg,2024-10-02T22:59:59.999Z,/product/aguardente-velha-reserva/5601262301253
12161,Brandy  (36º),5604422144202,11669,11618,Garrafa de 700 ml,Macieira,,"19,27€/L","13,49€",https://cdn.intermarche.pt/pt/Content/images/boitmal/produit/zoom/A2933D67CF9BBB746F87A9B950A40D21.jpg,,/product/brandy-(36º)/5604422144202
9041,Aguardente bagaceira,5601664110002,11669,11618,Garrafa de 1 l,São Domingos,,"17,89€/L","17,89€",https://cdn.intermarche.pt/pt/Content/images/boitmal/produit/zoom/FE40D571D8D81FEB48E12DF4A7655E0A.jpg,,/product/aguardente-bagaceira/5601664110002
50312,Aguardente,5604260312504,11669,11618,Garrafa de 0.70 l,Alma pura,,"20,27€/L","14,19€",https://cdn.intermarche.pt/pt/Content/images/boitmal/produit/zoom/433D1213A673557339F5407BC687BFE6.jpg,,/product/aguardente/5604260312504
8685,Aguardente bagaceira,5601168330012,11669,11618,"Garrafa de 0,70 l",Dinastia,,"13,84€/L","9,69€",https://cdn.intermarche.pt/pt/Content/images/boitmal/produit/zoom/87FD15359AEF327E2CDC20AD5BD17781.jpg,,/product/aguardente-bagaceira/5601168330012
8822,Brandy,5604260314591,11669,11618,"Garrafa de 0,70 l",Alma pura,,"17,13€/L","11,99€",https://cdn.intermarche.pt/pt/Content/images/boitmal/produit/zoom/DEBB75F516EF836146926602963C7EDF.jpg,,/product/brandy/5604260314591
11772,Aguardente velha,5601664130024,11669,11618,Garrafa de 700 ml,São Domingos,,"20,70€/L","14,49€",https://cdn.intermarche.pt/pt/Content/images/boitmal/produit/zoom/216D55870943DFF85264CBCA00CE2441.jpg,,/product/aguardente-velha/5601664130024
16972,Aguardente,5010278100482,11669,11618,Garrafa de 700 ml,1920,,"18,56€/L","12,99€",https://cdn.intermarche.pt/pt/Content/images/boitmal/produit/zoom/DD7E21B001B9AA1E8108BC7D35EA4E3E.jpg,,/product/aguardente/5010278100482
21986,Aguardente Vínica Velha,5600328290777,11669,11618,"Garrafa 0,70L c/ Caixa de Madeira",Martha's,,"29,70€/L","20,79€",https://cdn.intermarche.pt/pt/Content/images/boitmal/produit/zoom/F5503C0D1807BF09A97CC9A5081E13F0.jpg,,/product/aguardente-vinica-velha/5600328290777
22334,Aguardente velha,5601239000844,11669,11618,Garrafa de 700 ml,Fim de Século,,"28,56€/L","19,99€",https://cdn.intermarche.pt/pt/Content/images/boitmal/produit/zoom/2E8F21AC97974D17F85F2CFEBE1B1CE6.jpg,,/product/aguardente-velha/5601239000844
33901,Aguardente velhíssima,5602208000049,11669,11618,Garrafa de 0.70 l,Caves Bonifácio,,"38,56€/L","26,99€",https://cdn.intermarche.pt/pt/Content/images/boitmal/produit/zoom/F108F85E27F0312D06B05B38FC8C2932.jpg,,/product/aguardente-velhissima/5602208000049
5319,Aguardente velha vsop,5601213170648,11669,11618,Garrafa de 700 ml,Antiqua,,"28,56€/L","19,99€",https://cdn.intermarche.pt/pt/Content/images/boitmal/produit/zoom/B1841E23E4F68D3AE62314EB72758DCF.jpg,,/product/aguardente-velha-vsop/5601213170648
5506,Brandy,5601583081063,11669,11618,Garrafa de 700 ml,Constantin,,"15,13€/L","10,59€",https://cdn.intermarche.pt/pt/Content/images/boitmal/produit/zoom/2CF54FE2B6382DA1C5B750D4BB0B610E.jpg,,/product/brandy/5601583081063
9042,Aguardente velhíssima,5601664130123,11669,11618,Garrafa de 0.70 l,São Domingos,,"29,41€/L","20,59€",https://cdn.intermarche.pt/pt/Content/images/boitmal/produit/zoom/64EB8D34BB3E46996EA3750FD5B93CE7.jpg,,/product/aguardente-velhissima/5601664130123
3735,Champanhe meio seco,3250390033707,11670,11619,"Garrafa de 0,75 l",Delagne & Fils,,"30,65€/L","22,99€",https://cdn.intermarche.pt/pt/Content/images/boitmal/produit/zoom/CBFDB0F78F4E77A29DE9C2714CF07243.jpg,,/product/champanhe-meio-seco/3250390033707
7356,Champanhe rose bruto,3250390033677,11670,11619,"Garrafa de 0,75 l",Delagne & Fils,,"30,65€/L","22,99€",https://cdn.intermarche.pt/pt/Content/images/boitmal/produit/zoom/C67F8C7F5B830F4B7403ECD98A12FE61.jpg,,/product/champanhe-rose-bruto/3250390033677
3736,Champanhe bruto,3250390033714,11670,11619,"Garrafa de 0,75 l",Delagne & Fils,,"30,65€/L","22,99€",https://cdn.intermarche.pt/pt/Content/images/boitmal/produit/zoom/C275BA8D23FB250B07BE81D4D981EC5C.jpg,,/product/champanhe-bruto/3250390033714
7470,Champanhe tradicional bruto,3250391033218,11670,11619,Garrafa de 750 ml,Delagne & Fils,,"33,32€/L","24,99€",https://cdn.intermarche.pt/pt/Content/images/boitmal/produit/zoom/A639BC69D18BB568487B43B8E2F20632.jpg,,/product/champanhe-tradicional-bruto/3250391033218
10056,"Espumante cava bruto, reserva",8410036800468,11671,11619,Garrafa de 750 ml,Freixenet,,"10,65€/L","7,99€",https://cdn.intermarche.pt/pt/Content/images/boitmal/produit/zoom/71005F461E53AA0E268F973931CDE2DB.jpg,2024-10-02T22:59:59.999Z,/product/espumante-cava-bruto-reserva/8410036800468
19009,Lambrusco branco,8001900628051,11671,11619,Garrafa de 750 ml,Cavicchiol,,"4,65€/L","3,49€",https://cdn.intermarche.pt/pt/Content/images/boitmal/produit/zoom/8C39CCB09DDB664C487EBA826981DD79.jpg,2024-10-02T22:59:59.999Z,/product/lambrusco-branco/8001900628051
37723,Espumante Bruto Branco,5601578111010,11671,11619,"Garrafa de 0,75L",Terras do Demo,,"11,99€/L","8,99€",https://cdn.intermarche.pt/pt/Content/images/boitmal/produit/zoom/A3D67897F2B14BCB0CB9E3CEF482EED7.jpg,2024-10-02T22:59:59.999Z,/product/espumante-bruto-branco/5601578111010
46436,Espumante Rosé Bruto,5601578131018,11671,11619,Garrafa de 0.75 l,Terras do Demo,,"11,99€/L","8,99€",https://cdn.intermarche.pt/pt/Content/images/boitmal/produit/zoom/6BBA87FB029315E2B70EDC87A45D199D.jpg,2024-10-02T22:59:59.999Z,/product/espumante-rose-bruto/5601578131018
46814,Blanc de blancs,8410036807887,11671,11619,Garrafa de 750 ml,Freixenet,,"8,65€/L","6,49€",https://cdn.intermarche.pt/pt/Content/images/boitmal/produit/zoom/8443921EA647B3A561B8E54CBA9F0C34.jpg,2024-10-02T22:59:59.999Z,/product/blanc-de-blancs/8410036807887
10057,Espumante cava meio seco reserva,8410036800512,11671,11619,Garrafa de 750 ml,Freixenet,,"9,32€/L","6,99€",https://cdn.intermarche.pt/pt/Content/images/boitmal/produit/zoom/595A72B091587557F63E6DF8F5C0E8F8.jpg,2024-10-02T22:59:59.999Z,/product/espumante-cava-meio-seco-reserva/8410036800512
9141,Espumante doce reserva,5602068000081,11671,11619,Garrafa de 750 ml,Murganheira,,"14,65€/L","10,99€",https://cdn.intermarche.pt/pt/Content/images/boitmal/produit/zoom/04A0D24E8E481E5B508A2858B70C0E87.jpg,2024-10-02T22:59:59.999Z,/product/espumante-doce-reserva/5602068000081
5572,Espumante bruto reserva,5602068000272,11671,11619,Garrafa de 750 ml,Murganheira,,"14,65€/L","10,99€",https://cdn.intermarche.pt/pt/Content/images/boitmal/produit/zoom/59A61DD34B0C7F28DB00874D8168C5C5.jpg,2024-10-02T22:59:59.999Z,/product/espumante-bruto-reserva/5602068000272
9140,"Espumante meio seco, reserva",5602068000074,11671,11619,Garrafa de 750 ml,Murganheira,,"14,65€/L","10,99€",https://cdn.intermarche.pt/pt/Content/images/boitmal/produit/zoom/80A76E2943114C831A6E9FC142530A89.jpg,2024-10-02T22:59:59.999Z,/product/espumante-meio-seco-reserva/5602068000074
19010,Lambrusco tinto,8001900527057,11671,11619,Garrafa de 750 ml,Cavicchiol,,"4,65€/L","3,49€",https://cdn.intermarche.pt/pt/Content/images/boitmal/produit/zoom/D43E42D00772544305C459EA7D54BA16.jpg,2024-10-02T22:59:59.999Z,/product/lambrusco-tinto/8001900527057
19011,Lambrusco rosé,8001900234054,11671,11619,Garrafa de 750 ml,Cavicchiol,,"4,65€/L","3,49€",https://cdn.intermarche.pt/pt/Content/images/boitmal/produit/zoom/F84F579AE970ECE1A9C48F9C91C462BA.jpg,2024-10-02T22:59:59.999Z,/product/lambrusco-rose/8001900234054
5571,"Espumante meio seco, super reserva",5602068000067,11671,11619,Garrafa de 750 ml,Murganheira,,"17,32€/L","12,99€",https://cdn.intermarche.pt/pt/Content/images/boitmal/produit/zoom/330D9E3392E9E76A3C5A1018941312EF.jpg,2024-10-02T22:59:59.999Z,/product/espumante-meio-seco-super-reserva/5602068000067
12279,Esoumante prosecco branco,8000420742193,11671,11619,Garrafa de 750 ml,Gancia,,"15,99€/L","11,99€",https://cdn.intermarche.pt/pt/Content/images/boitmal/produit/zoom/F1F0FBC86F2D5945B4B6136F3984F62A.jpg,,/product/esoumante-prosecco-branco/8000420742193
8552,"Espumante doce celebration, garrafa de 750 ml",5601129035024,11671,11619,,Fita azul,,"8,25€/L","6,19€",https://cdn.intermarche.pt/pt/Content/images/boitmal/produit/zoom/66AA7B37E8175E3658377BC471F3EA7C.jpg,,/product/espumante-doce-celebration-garrafa-de-750-ml/5601129035024
40403,Espumante branco bruto,5604260298303,11671,11619,Garrafa de 0.75 l,Selecção de Enófilos,,"4,65€/L","3,49€",https://cdn.intermarche.pt/pt/Content/images/boitmal/produit/zoom/398E3D84BFC1E08E9F2B8B8F63CF437F.jpg,,/product/espumante-branco-bruto/5604260298303
42864,Espumante meio seco,5604260298280,11671,11619,Garrafa de 750 ml,Selecção de Enófilos,,"4,65€/L","3,49€",https://cdn.intermarche.pt/pt/Content/images/boitmal/produit/zoom/B7EDB9EB81AFB359E7FC8BA2D26301E7.jpg,,/product/espumante-meio-seco/5604260298280
8286,Espumante rosé bruto,5601012001310,11671,11619,Garrafa de 750 ml,Mateus,,"9,32€/L","6,99€",https://cdn.intermarche.pt/pt/Content/images/boitmal/produit/zoom/C4D8A14EE2E1841C04C49E6174952E01.jpg,,/product/espumante-rose-bruto/5601012001310
8550,"Espumante seco celebration, garrafa de 750 ml",5601129035000,11671,11619,,Fita azul,,"8,25€/L","6,19€",https://cdn.intermarche.pt/pt/Content/images/boitmal/produit/zoom/BE540DA9E0FC6CC577A94BB5B2F5E963.jpg,,/product/espumante-seco-celebration-garrafa-de-750-ml/5601129035000
9023,Espumante branco meio seco,5601626100195,11671,11619,Garrafa de 75 cl,Corte real,,"4,65€/L","3,49€",https://cdn.intermarche.pt/pt/Content/images/boitmal/produit/zoom/8D627E413F6CC28AC47E5DE54373A88F.jpg,,/product/espumante-branco-meio-seco/5601626100195
12307,Lambrusco bianco,8004300029053,11671,11619,Garrafa de 750 ml,Maestri Cantinieri,,"2,65€/L","1,99€",https://cdn.intermarche.pt/pt/Content/images/boitmal/produit/zoom/1D7434B347C301248CA250A7190031BB.jpg,,/product/lambrusco-bianco/8004300029053
51559,Espumante Branco Bruto Reserva,5604260321919,11671,11619,Garrafa de 750 ml,Selecção de Enófilos,,"6,65€/L","4,99€",https://cdn.intermarche.pt/pt/Content/images/boitmal/produit/zoom/283C0D6D62D50986CCB05A96494395BF.jpg,,/product/espumante-branco-bruto-reserva/5604260321919
5519,Espumante Doce,5601664111221,11671,11619,"Garrafa de 0,75 l",São Domingos,,"7,32€/L","5,49€",https://cdn.intermarche.pt/pt/Content/images/boitmal/produit/zoom/77C66A293456A710CF2C42C0016E9FC3.jpg,,/product/espumante-doce/5601664111221
5518,Espumante Meio Seco,5601664111214,11671,11619,"Garrafa de 0,75 l",São Domingos,,"8,39€/L","6,29€",https://cdn.intermarche.pt/pt/Content/images/boitmal/produit/zoom/70F9B992246B50940897E3A15517879D.jpg,,/product/espumante-meio-seco/5601664111214
2660,Lambrusco tinto,8004300653234,11671,11619,Garrafa de 750 ml,Maestri Cantinieri,,"2,65€/L","1,99€",https://cdn.intermarche.pt/pt/Content/images/boitmal/produit/zoom/FA9BAB26A9A263E43AC935EA84F225B0.jpg,,/product/lambrusco-tinto/8004300653234
6038,Espumante doce reserva,5606215060010,11671,11619,Garrafa de 0.75 l,Raposeira,,"11,72€/L","8,79€",https://cdn.intermarche.pt/pt/Content/images/boitmal/produit/zoom/349816E321A6A499647BB30A2315CD3B.jpg,,/product/espumante-doce-reserva/5606215060010
6039,Espumante bruto reserva,5606215090017,11671,11619,Garrafa de 0.75 l,Raposeira,,"11,72€/L","8,79€",https://cdn.intermarche.pt/pt/Content/images/boitmal/produit/zoom/D1246C608EB3BA32E60D61BDE2573490.jpg,,/product/espumante-bruto-reserva/5606215090017
29375,Cocktail mango,4001744068307,11671,11619,Garrafa de 750 ml,Bar Royal,,"5,72€/L","4,29€",https://cdn.intermarche.pt/pt/Content/images/boitmal/produit/zoom/18F18A0CF986CA08A3B62C052F84D744.jpg,,/product/cocktail-mango/4001744068307
29376,Cocktail limão,4001744045773,11671,11619,Garrafa de 750 ml,Bar Royal,,"5,72€/L","4,29€",https://cdn.intermarche.pt/pt/Content/images/boitmal/produit/zoom/87F27215C9EAD67DC826C878DCC9B29F.jpg,,/product/cocktail-limao/4001744045773
43454,Espumante Bairrada Bruto,5601271090049,11671,11619,Garrafa de 0.75 litros,Marquês de Marialva,,"9,32€/L","6,99€",https://cdn.intermarche.pt/pt/Content/images/boitmal/produit/zoom/80E7571FDED08F4A55882E37320D6A03.jpg,,/product/espumante-bairrada-bruto/5601271090049
47097,Asti martini,8000570435402,11671,11619,Garrafa de 750 ml,Martini,,"13,32€/L","9,99€",https://cdn.intermarche.pt/pt/Content/images/boitmal/produit/zoom/AE76CEF39ED4362D4E617F77CEE0DD70.jpg,,/product/asti-martini/8000570435402
12166,"Espumante bruto, garrafa de 750 ml",5604575000103,11671,11619,,Cabriz,,"10,65€/L","7,99€",https://cdn.intermarche.pt/pt/Content/images/boitmal/produit/zoom/C982BD08AB0A9B83C86D2F0740A298DF.jpg,,/product/espumante-bruto-garrafa-de-750-ml/5604575000103
18732,Lambrusco branco,8008820148485,11671,11619,Garrafa de 0.75 l,Sorbello,,"3,99€/L","2,99€",https://cdn.intermarche.pt/pt/Content/images/boitmal/produit/zoom/AA86C7CAE1ED4481A60ED25D1BEF42CA.jpg,,/product/lambrusco-branco/8008820148485
20864,"Espumante Danúbio, Meio Seco",5601213169390,11671,11619,Garrafa de 75 cl,Danúbio,,"8,79€/L","6,59€",https://cdn.intermarche.pt/pt/Content/images/boitmal/produit/zoom/F32049E3CFD3115EBC716F8D770082FC.jpg,,/product/espumante-danubio-meio-seco/5601213169390
20865,"Espumante Danúbio, Bruto",5601213169260,11671,11619,Garrafa de 75 cl,Danúbio,,"8,79€/L","6,59€",https://cdn.intermarche.pt/pt/Content/images/boitmal/produit/zoom/19C3704B1F7022EAFB56FE061C217794.jpg,,/product/espumante-danubio-bruto/5601213169260
36350,Espumante Super Reserva Meio Seco,5606215030013,11671,11619,Garrafa de 0.75 l,Raposeira,,"15,99€/L","11,99€",https://cdn.intermarche.pt/pt/Content/images/boitmal/produit/zoom/C4088311E8764371D6C1C4D20378C7D6.jpg,,/product/espumante-super-reserva-meio-seco/5606215030013
36351,Espumante Super Reserva Bruto,5606215020014,11671,11619,Garrafa de 0.75 l,Raposeira,,"15,99€/L","11,99€",https://cdn.intermarche.pt/pt/Content/images/boitmal/produit/zoom/87CC5EC81D5EAD67CD67A9E47931DCCA.jpg,,/product/espumante-super-reserva-bruto/5606215020014
42866,Espumante tinto bruto,5604260298266,11671,11619,Garrafa de 750 ml,Selecção de Enófilos,,"4,65€/L","3,49€",https://cdn.intermarche.pt/pt/Content/images/boitmal/produit/zoom/44DA08F3E0640D74E620A278088310D4.jpg,,/product/espumante-tinto-bruto/5604260298266
43455,Espumante Bairrada Meio Seco,5601271090032,11671,11619,Garrafa de 0.75 litros,Marquês de Marialva,,"9,32€/L","6,99€",https://cdn.intermarche.pt/pt/Content/images/boitmal/produit/zoom/C74E55E872162AE75129AD7B7C952306.jpg,,/product/espumante-bairrada-meio-seco/5601271090032
43456,Espumante Bairrada Doce,5601271090209,11671,11619,Garrafa de 0.75 litros,Marquês de Marialva,,"9,32€/L","6,99€",https://cdn.intermarche.pt/pt/Content/images/boitmal/produit/zoom/19FE75D5402BD88AE0ACBEB9D568EFAF.jpg,,/product/espumante-bairrada-doce/5601271090209
50397,Bar royal strawberry - spring limited edition,4001744069380,11671,11619,Garrafa de 750 ml,Bar Royal,,"5,72€/L","4,29€",https://cdn.intermarche.pt/pt/Content/images/boitmal/produit/zoom/29A4985081718D71ECA89F5FD8F0867D.jpg,,/product/bar-royal-strawberry-spring-limited-edition/4001744069380
52938,"Detergente Loiça Máquina Power Regular, 60 unidades",5601217137746,11404,11403,,Finish,,"11,99€/Unidade","11,99€",https://cdn.intermarche.pt/pt/Content/images/boitmal/produit/zoom/E450243CCF850E82EF5ADC69AB281BA1.jpg,2024-10-04T22:59:59.999Z,/product/detergente-loica-maquina-power-regular-60-unidades/5601217137746
54361,"Detergente Loiça Máquina Quantum Limão, 28 Pastilhas",8410104915186,11404,11403,,Finish,,"5,99€/Unidade","5,99€",https://cdn.intermarche.pt/pt/Content/images/boitmal/produit/zoom/1475A3F2DD398EC394FA4FC5F2649CB1.jpg,2024-10-04T22:59:59.999Z,/product/detergente-loica-maquina-quantum-limao-28-pastilhas/8410104915186
52518,Detergente Máquina Loiça Power Limão,5601217137753,11404,11403,60 pastilhas,Finish,,"11,99€/Unidade","11,99€",https://cdn.intermarche.pt/pt/Content/images/boitmal/produit/zoom/526D668404590B5225313BA14BAC66F5.jpg,2024-10-04T22:59:59.999Z,/product/detergente-maquina-loica-power-limao/5601217137753
51538,Detergente Loiça Máquina Platinum Plus Limão,8006540752333,11404,11403,Pack XXL de 48 pastilhas,Fairy,,"12,99€/Unidade","12,99€",https://cdn.intermarche.pt/pt/Content/images/boitmal/produit/zoom/BF9EA7B5A162D4EDE7649782C5368BA2.jpg,2024-10-04T22:59:59.999Z,/product/detergente-loica-maquina-platinum-plus-limao/8006540752333
54536,"Detergente Máquina Loiça Pastilhas Original Tudo em 1, 21D",8006540521830,11404,11403,,Fairy,,"5,98€/Unidade","5,98€",https://cdn.intermarche.pt/pt/Content/images/boitmal/produit/zoom/A8D6CE6871157DC51CCF082588F9CCD8.jpg,2024-10-04T22:59:59.999Z,/product/detergente-maquina-loica-pastilhas-original-tudo-em-1-21d/8006540521830
54537,"Detergente Máquina Loiça Pastilhas Original Tudo em 1 Limão, 41D",8700216323154,11404,11403,,Fairy,,"9,98€/Unidade","9,98€",https://cdn.intermarche.pt/pt/Content/images/boitmal/produit/zoom/F55CFBCFAFE35D0DCE9947575C357F88.jpg,2024-10-04T22:59:59.999Z,/product/detergente-maquina-loica-pastilhas-original-tudo-em-1-limao-41d/8700216323154
54538,"Detergente Máquina Loiça Pastilhas Original Tudo em 1 Limão, 71D",8006540763582,11404,11403,,Fairy,,"12,99€/Unidade","12,99€",https://cdn.intermarche.pt/pt/Content/images/boitmal/produit/zoom/69ADBEA2B32242A06164A6C2A87DA5AE.jpg,2024-10-04T22:59:59.999Z,/product/detergente-maquina-loica-pastilhas-original-tudo-em-1-limao-71d/8006540763582
54539,"Detergente Máquina Loiça Pastilhas Platinum Plus Tudo em 1 Limão, 19D",8700216236669,11404,11403,,Fairy,,"6,69€/Unidade","6,69€",https://cdn.intermarche.pt/pt/Content/images/boitmal/produit/zoom/8E71671E7563BD0742047C910AACC733.jpg,2024-10-04T22:59:59.999Z,/product/detergente-maquina-loica-pastilhas-platinum-plus-tudo-em-1-limao-19d/8700216236669
54615,"Detergente Loiça Máquina Pastilhas Ultra Original, 35D",8006540767603,11404,11403,,Fairy,,"9,99€/Unidade","9,99€",https://cdn.intermarche.pt/pt/Content/images/boitmal/produit/zoom/55070C516FF5F99782128F82B165B32E.jpg,2024-09-25T22:59:59.999Z,/product/detergente-loica-maquina-pastilhas-ultra-original-35d/8006540767603
54616,"Detergente Máquina Loiça Pastilhas Platinum Plus Tudo em 1 Limão, 30D",8700216322089,11404,11403,,Fairy,,"9,98€/Unidade","9,98€",https://cdn.intermarche.pt/pt/Content/images/boitmal/produit/zoom/91E8D8DB42DFD6C261F33FC7F7E99841.jpg,2024-09-25T22:59:59.999Z,/product/detergente-maquina-loica-pastilhas-platinum-plus-tudo-em-1-limao-30d/8700216322089
8752,Sal p/ máquina de lavar loiça,5601217102065,11404,11403,Embalagem de 1 kg,Finish,,"1,99€/Kg","1,99€",https://cdn.intermarche.pt/pt/Content/images/boitmal/produit/zoom/8EBDC7AE1197593D3539E53F449D6E79.jpg,,/product/sal-p-ou-maquina-de-lavar-loica/5601217102065
43429,"Detergente para máquina de loiça, gel",5604260310982,11404,11403,Embalagem de 1.5 litros,PorSi,,"2,66€/L","3,99€",https://cdn.intermarche.pt/pt/Content/images/boitmal/produit/zoom/773C3784B298DBA3371CCF709250CF63.jpg,,/product/detergente-para-maquina-de-loica-gel/5604260310982
5127,Sal para máquina de loiça,5601068015347,11404,11403,Embalagem de 1 kg,Sun,,"1,49€/Kg","1,49€",https://cdn.intermarche.pt/pt/Content/images/boitmal/produit/zoom/525B9A3DF59B77ABB2076A5D4B0DCD09.jpg,,/product/sal-para-maquina-de-loica/5601068015347
52156,Detergente Máquina Loica Gel Tudo em 1,5604260326303,11404,11403,Embalagem de 22 unidades,PorSi,,"3,65€/Unidade","3,65€",https://cdn.intermarche.pt/pt/Content/images/boitmal/produit/zoom/902CF8801DC9FC21D2CD1A7594017766.jpg,,/product/detergente-maquina-loica-gel-tudo-em-1/5604260326303
8068,Abrilhantador p/ máquina de lavar loiça,5011417544679,11404,11403,Garrafa de 400 ml,Finish,,"9,98€/L","3,99€",https://cdn.intermarche.pt/pt/Content/images/boitmal/produit/zoom/5D045CC65EE222532216DB5B0BF2A582.jpg,,/product/abrilhantador-p-ou-maquina-de-lavar-loica/5011417544679
45700,Detergente maquina loiça tudo em 1 limão,5604260314249,11404,11403,Embalagem de 40 cápsulas,PorSi,,"3,99€/Unidade","3,99€",https://cdn.intermarche.pt/pt/Content/images/boitmal/produit/zoom/D95DA51A76D8A36C365F56FE9785B8FE.jpg,,/product/detergente-maquina-loica-tudo-em-1-limao/5604260314249
43847,Sal para maquina loica 2k,5604260303601,11404,11403,Embalagem de 2 kg,PorSi,,"0,40€/Kg","0,79€",https://cdn.intermarche.pt/pt/Content/images/boitmal/produit/zoom/5DA32EBB5EA8272A5E80DDC74DED409A.jpg,,/product/sal-para-maquina-loica-2k/5604260303601
43848,Abrilhantador maquina loiça,5604260309986,11404,11403,Garrafa de 1 l,PorSi,,"1,39€/L","1,39€",https://cdn.intermarche.pt/pt/Content/images/boitmal/produit/zoom/4005B7634DC9DA8E01A981AE9A25467E.jpg,,/product/abrilhantador-maquina-loica/5604260309986
33482,Limpa máquinas de loiça tripla ação,5604260285105,11404,11403,Embalagem de 250 ml,PorSi,,"5,96€/L","1,49€",https://cdn.intermarche.pt/pt/Content/images/boitmal/produit/zoom/380427D665F582F7DD6CFE19369F93F5.jpg,,/product/limpa-maquinas-de-loica-tripla-acao/5604260285105
43428,Limpa máquinas de loiça limão,5604260304738,11404,11403,Embalagem de 250 ml,PorSi,,"5,96€/L","1,49€",https://cdn.intermarche.pt/pt/Content/images/boitmal/produit/zoom/D3D3C8E9CC2232B06DE27F0A6F1A935B.jpg,,/product/limpa-maquinas-de-loica-limao/5604260304738
47979,Detergentes máquina lavar loiça ecológico,5604260312740,11404,11403,26 pastilhas,PorSi,,"2,99€/Unidade","2,99€",https://cdn.intermarche.pt/pt/Content/images/boitmal/produit/zoom/78BEBFE1DB31B8C2D02C89E6CE3251D4.jpg,,/product/detergentes-maquina-lavar-loica-ecologico/5604260312740
45326,Detergentes máquina lavar loiça next generation,5604260314256,11404,11403,30 pastilhas,PorSi,,"5,49€/Unidade","5,49€",https://cdn.intermarche.pt/pt/Content/images/boitmal/produit/zoom/38CC85368EB129BF99523E9B1DE27129.jpg,,/product/detergentes-maquina-lavar-loica-next-generation/5604260314256
51779,Detergentes máquina lavar loiça,5604260327089,11404,11403,60 pastilhas,PorSi,,"3,89€/Unidade","3,89€",https://cdn.intermarche.pt/pt/Content/images/boitmal/produit/zoom/5D0E62FF3D9A0C755640BCC5F7832DD7.jpg,,/product/detergentes-maquina-lavar-loica/5604260327089
38312,Limpa máquinas de loiça limão,8410104702663,11404,11403,Embalagem com 250 ml,Finish,,"15,96€/L","3,99€",https://cdn.intermarche.pt/pt/Content/images/boitmal/produit/zoom/9D00E5B8A4B2948FDB414A41D501B929.jpg,,/product/limpa-maquinas-de-loica-limao/8410104702663
45046,"Detergente para máquina de loiça, gel",5604260310999,11404,11403,Embalagem de 720 ml,PorSi,,"4,99€/L","3,59€",https://cdn.intermarche.pt/pt/Content/images/boitmal/produit/zoom/03E6CFD8472C75C398B80D239A2A0CEF.jpg,,/product/detergente-para-maquina-de-loica-gel/5604260310999
10116,Limpa Máquina Loiça Regular,8410104702601,11404,11403,,Finish,,"3,99€/Unidade","3,99€",https://cdn.intermarche.pt/pt/Content/images/boitmal/produit/zoom/48C07A9F37A8CDCBE24415AE46D3B576.jpg,,/product/limpa-maquina-loica-regular/8410104702601
42047,Detergente pastilhas p/ Máquina Loiça Oxyplus Carvão Ativado + Vinagre de Maçã,5600356070167,11404,11403,Embalagem de 56 cápsulas,Super Pop,,"8,99€/Unidade","8,99€",https://cdn.intermarche.pt/pt/Content/images/boitmal/produit/zoom/BBB25D262A87680F47B592FFDF4498C2.jpg,,/product/detergente-pastilhas-p-ou-maquina-loica-oxyplus-carvao-ativado-+-vinagre-de-maca/5600356070167
45684,Detergente Máquina de Roupa Sabão de Marselha,5604260312856,11404,11403,Embalagem de 30 cápsulas,PorSi,,"6,49€/Unidade","6,49€",https://cdn.intermarche.pt/pt/Content/images/boitmal/produit/zoom/A3D36807D62FC9B92FF6665C9667AA9C.jpg,,/product/detergente-maquina-de-roupa-sabao-de-marselha/5604260312856
51391,Detergente Máquina Loiça Ultimate Plus Regular,8410104913977,11404,11403,51 pastilhas,Finish,,"12,99€/Unidade","12,99€",https://cdn.intermarche.pt/pt/Content/images/boitmal/produit/zoom/7EC4096B0B17737E5C96D8FEFD162FA8.jpg,,/product/detergente-maquina-loica-ultimate-plus-regular/8410104913977
28511,Pastilhas Limpa Máquinas,8410104889111,11404,11403,Embalagem c/ 3 un.,Finish,,"5,49€/Unidade","5,49€",https://cdn.intermarche.pt/pt/Content/images/boitmal/produit/zoom/84516A7D944B567D9C082DC899C1605F.jpg,,/product/pastilhas-limpa-maquinas/8410104889111
38313,Abrilhantador máquinas de loiça,8410104489090,11404,11403,800 ml,Finish,,"9,99€/L","7,99€",https://cdn.intermarche.pt/pt/Content/images/boitmal/produit/zoom/8B79CB925236D2DED71F7EF88F673037.jpg,,/product/abrilhantador-maquinas-de-loica/8410104489090
24748,Detergente líquido p/ máquina lavar loiça gel tudo em 1 limão,8410104124649,11404,11403,Garrafa de 1 l,Finish,,"9,49€/L","9,49€",https://cdn.intermarche.pt/pt/Content/images/boitmal/produit/zoom/F0EB1F6F4462DD8BDEA5E59E53F7C1E1.jpg,,/product/detergente-liquido-p-ou-maquina-lavar-loica-gel-tudo-em-1-limao/8410104124649
40882,Abrilhantador 0% máquina loiça,8410104894887,11404,11403,Embalagem de 400 ml,Finish,,"19,98€/L","7,99€",https://cdn.intermarche.pt/pt/Content/images/boitmal/produit/zoom/052F61E89B6E2DBD5D801D4413F73A3C.jpg,,/product/abrilhantador-0%25-maquina-loica/8410104894887
51389,Detergente Máquina Loiça Ultimate Plus Regular,8410104913908,11404,11403,28 pastilhas,Finish,,"9,29€/Unidade","9,29€",https://cdn.intermarche.pt/pt/Content/images/boitmal/produit/zoom/199F87BE26D176A214C98530B06CFC53.jpg,,/product/detergente-maquina-loica-ultimate-plus-regular/8410104913908
51390,Detergente Máquina Loiça Ultimate Plus Regular,8410104913885,11404,11403,39 pastilhas,Finish,,"10,99€/Unidade","10,99€",https://cdn.intermarche.pt/pt/Content/images/boitmal/produit/zoom/C9FC06C979C9CC0E9AF87AF0FD0E2D62.jpg,,/product/detergente-maquina-loica-ultimate-plus-regular/8410104913885
51941,"Detergente Loiça Máquina Optimum Limão, 52 Cápsulas",8720182599377,11404,11403,,Sun,,"9,99€/Unidade","9,99€",https://cdn.intermarche.pt/pt/Content/images/boitmal/produit/zoom/46EDD22C9188BD17E0F4DDC446EAA514.jpg,,/product/detergente-loica-maquina-optimum-limao-52-capsulas/8720182599377
52341,Detergente Máquina Loiça Pastilhas Ultra,8006540767849,11404,11403,21 Pastilhas,Fairy,,"5,98€/Unidade","5,98€",https://cdn.intermarche.pt/pt/Content/images/boitmal/produit/zoom/46BCA721C33310C4A1E37F7412916CD3.jpg,,/product/detergente-maquina-loica-pastilhas-ultra/8006540767849
54362,"Detergente Loiça Máquina Ultimate Limão, 32 Pastilhas",8410104914127,11404,11403,,Finish,,"8,99€/Unidade","8,99€",https://cdn.intermarche.pt/pt/Content/images/boitmal/produit/zoom/6B5BA0C829FDB677171C69D6803B3E34.jpg,,/product/detergente-loica-maquina-ultimate-limao-32-pastilhas/8410104914127
24747,Detergente líquido p/ máquina lavar loiça gel tudo em 1 regular,8410104124632,11404,11403,Garrafa de 1 l,Finish,,"9,99€/L","9,99€",https://cdn.intermarche.pt/pt/Content/images/boitmal/produit/zoom/5B8CF1AC322BE00746ABB129341D4241.jpg,,/product/detergente-liquido-p-ou-maquina-lavar-loica-gel-tudo-em-1-regular/8410104124632
40123,Detergente em pó maquina loiça limão,8710847872310,11404,11403,Embalagem de 2.5 kg,Sun,,"4,00€/Kg","9,99€",https://cdn.intermarche.pt/pt/Content/images/boitmal/produit/zoom/08BA0254CC920F29E857A923947AC7F7.jpg,,/product/detergente-em-po-maquina-loica-limao/8710847872310
32158,"Detergente Liquido da Loiça Limão, 480 ml",4015400917328,11405,11403,,Fairy,,"5,29€/L","2,54€",https://cdn.intermarche.pt/pt/Content/images/boitmal/produit/zoom/06821894A698BA7624B6C2AA9B108A8D.jpg,2024-09-25T22:59:59.999Z,/product/detergente-liquido-da-loica-limao-480-ml/4015400917328
26455,Detergente Líquido p/ Lavar Loiça Platinum Original,8006540830840,11405,11403,"Embalagem de 1,25 l",Fairy,,"3,99€/L","4,99€",https://cdn.intermarche.pt/pt/Content/images/boitmal/produit/zoom/C63787F1B77168388325CE46E60A774E.jpg,2024-09-25T22:59:59.999Z,/product/detergente-liquido-p-ou-lavar-loica-platinum-original/8006540830840
30414,Detergente Liquido Loiça Original,4015400917304,11405,11403,480 ml,Fairy,,"5,29€/L","2,54€",https://cdn.intermarche.pt/pt/Content/images/boitmal/produit/zoom/9E32CE6EDBAF8F26722865569A3DD5EE.jpg,2024-09-25T22:59:59.999Z,/product/detergente-liquido-loica-original/4015400917304
5844,"Detergente manual de loiça, ultra limão",5604260129010,11405,11403,Embalagem de 500 ml,PorSi,,"2,58€/L","1,29€",https://cdn.intermarche.pt/pt/Content/images/boitmal/produit/zoom/F5812DB73A356DF41E76F00AC1B3D632.jpg,2024-10-04T22:59:59.999Z,/product/detergente-manual-de-loica-ultra-limao/5604260129010
17207,Detergente manual de loiça limão,8006540943687,11405,11403,Embalagem de 2 x 900 ml,Fairy,,"3,83€/L","6,89€",https://cdn.intermarche.pt/pt/Content/images/boitmal/produit/zoom/B2EE328B1B3FB1BA0162E77ED87C40E9.jpg,2024-09-25T22:59:59.999Z,/product/detergente-manual-de-loica-limao/8006540943687
5845,"Detergente manual de loiça, maçã",5604260129027,11405,11403,Embalagem de 500 ml,PorSi,,"3,18€/L","1,59€",https://cdn.intermarche.pt/pt/Content/images/boitmal/produit/zoom/FA3C8FC31B47D9DC966718AF0B1180EB.jpg,2024-10-04T22:59:59.999Z,/product/detergente-manual-de-loica-maca/5604260129027
40749,Detergente liquido loiça clássico,5604260304158,11405,11403,Garrafa de 1 litro,PorSi,,"0,89€/L","0,89€",https://cdn.intermarche.pt/pt/Content/images/boitmal/produit/zoom/AF2F1189F25F58E20EE8C7BA2141119A.jpg,,/product/detergente-liquido-loica-classico/5604260304158
17269,"Detergente Líquido Lavar Loiça Original, 820 ml",4084500617421,11405,11403,,Fairy,,"5,96€/L","4,89€",https://cdn.intermarche.pt/pt/Content/images/boitmal/produit/zoom/F41228BB17B819013001DC2E65356D37.jpg,,/product/detergente-liquido-lavar-loica-original-820-ml/4084500617421
29243,Detergente Liquido P/ Lavar Loiça Aloé Vera,8001090479617,11405,11403,Embalagem de 1015 ml,Fairy,,"4,92€/L","4,99€",https://cdn.intermarche.pt/pt/Content/images/boitmal/produit/zoom/8CEBE605326AA7B1E200AEE9853F6C8E.jpg,,/product/detergente-liquido-p-ou-lavar-loica-aloe-vera/8001090479617
34810,Detergente liquido da loiça limão,5604260290611,11405,11403,Embalagem de 5 l,PorSi,,"0,76€/L","3,79€",https://cdn.intermarche.pt/pt/Content/images/boitmal/produit/zoom/A55F179560415011065C22BDC90DF8E6.jpg,,/product/detergente-liquido-da-loica-limao/5604260290611
38049,Detergente liquido para loiça limão,8001841361079,11405,11403,Embalagem de 340 ml,Fairy,,"5,85€/L","1,99€",https://cdn.intermarche.pt/pt/Content/images/boitmal/produit/zoom/BED1AA3039C8B605B08FD8155BD78E2E.jpg,,/product/detergente-liquido-para-loica-limao/8001841361079
40750,Detergente liquido loiça limão,5604260304165,11405,11403,Garrafa de 1 litro,PorSi,,"0,89€/L","0,89€",https://cdn.intermarche.pt/pt/Content/images/boitmal/produit/zoom/133A79C299237D7021118245D0D00D2E.jpg,,/product/detergente-liquido-loica-limao/5604260304165
40847,Detergente líquido Ultra Concentrado Loiça Platinium Limão,5604260304042,11405,11403,Embalagem de 500 ml,PorSi,,"3,38€/L","1,69€",https://cdn.intermarche.pt/pt/Content/images/boitmal/produit/zoom/EA2D9AE2C32B2D5C6E4615B5C2702432.jpg,,/product/detergente-liquido-ultra-concentrado-loica-platinium-limao/5604260304042
46931,Detergente Liquido P/ Lavar Loiça Ultra Poder Limão,8006540026588,11405,11403,Embalagem de 1015 ml,Fairy,,"6,30€/L","6,39€",https://cdn.intermarche.pt/pt/Content/images/boitmal/produit/zoom/F643615D2522C79BBB74E49417EB20CC.jpg,,/product/detergente-liquido-p-ou-lavar-loica-ultra-poder-limao/8006540026588
51056,Detergente líquido manual loiça ultra power,8006540614259,11405,11403,Embalagem de 650 ml,Fairy,,"6,91€/L","4,49€",https://cdn.intermarche.pt/pt/Content/images/boitmal/produit/zoom/CACB9D5403EEB234E1D0E6E86BEBB0A7.jpg,,/product/detergente-liquido-manual-loica-ultra-power/8006540614259
51608,Detergente Líquido p/ Lavar Loiça Limão,8006540830918,11405,11403,Embalagem de 820 ml,Fairy,,"5,96€/L","4,89€",https://cdn.intermarche.pt/pt/Content/images/boitmal/produit/zoom/EDD75E1F920483183B5B596FDD6DA991.jpg,,/product/detergente-liquido-p-ou-lavar-loica-limao/8006540830918
32560,Detergente Manual Loiça Maxi Poder Limão,8006540808610,11405,11403,440 ml,Fairy,,"8,61€/L","3,79€",https://cdn.intermarche.pt/pt/Content/images/boitmal/produit/zoom/76939BBBBC7A9CB088990F95841C1714.jpg,,/product/detergente-manual-loica-maxi-poder-limao/8006540808610
9737,"Detergente manual de loiça, espuma activa",5604260274192,11405,11403,Garrafa de 500 ml,PorSi,,"5,98€/L","2,99€",https://cdn.intermarche.pt/pt/Content/images/boitmal/produit/zoom/620FC463BBD273EF90D8F449231D5547.jpg,,/product/detergente-manual-de-loica-espuma-activa/5604260274192
19094,"Detergente líquido, manual loiça, original, 1,5 l",4084500330955,11405,11403,,Fairy,,"4,99€/L","7,49€",https://cdn.intermarche.pt/pt/Content/images/boitmal/produit/zoom/239DD1C8A0266CF207624C4D2BE653E1.jpg,,/product/detergente-liquido-manual-loica-original-15-l/4084500330955
9647,"Detergente manual de loiça, ultra aloe vera",5604260267149,11405,11403,Embalagem de 500 ml,PorSi,,"3,18€/L","1,59€",https://cdn.intermarche.pt/pt/Content/images/boitmal/produit/zoom/E479EE37263470D183D6D610A0A6E1CC.jpg,,/product/detergente-manual-de-loica-ultra-aloe-vera/5604260267149
47656,Detergente loiça tripla ação limão,5600258596994,11405,11403,700 ml,Super Pop,,"3,56€/L","2,49€",https://cdn.intermarche.pt/pt/Content/images/boitmal/produit/zoom/9B6C1826DA2FD7A5C114D3E60B5F7249.jpg,,/product/detergente-loica-tripla-acao-limao/5600258596994
43661,"Detergente líquido Ultra Concentrado Loiça Platinium Aloé Vera, 500 ml",5604260309269,11405,11403,,PorSi,,"3,38€/L","1,69€",https://cdn.intermarche.pt/pt/Content/images/boitmal/produit/zoom/FAF505B06E63DCF6F100C0918FA42976.jpg,,/product/detergente-liquido-ultra-concentrado-loica-platinium-aloe-vera-500-ml/5604260309269
9525,"Detergente líquido, manual loiça, ultra limão",5604260129034,11405,11403,Embalagem de 1 l,PorSi,,"2,39€/L","2,39€",https://cdn.intermarche.pt/pt/Content/images/boitmal/produit/zoom/839D34ABA84239D332C7D932A3D0AD47.jpg,,/product/detergente-liquido-manual-loica-ultra-limao/5604260129034
46364,Detergente Líquido p/ Lavar Loiça Jasmim Rosa,8006540213933,11405,11403,"1 Embalagem 1,5L",Fairy,,"4,26€/L","6,39€",https://cdn.intermarche.pt/pt/Content/images/boitmal/produit/zoom/0847767D3C9A53BBA32C87BDBA59889A.jpg,,/product/detergente-liquido-p-ou-lavar-loica-jasmim-rosa/8006540213933
51183,Detergente Manual Loiça Maxi Poder Original,8006540421499,11405,11403,440 ml,Fairy,,"8,61€/L","3,79€",https://cdn.intermarche.pt/pt/Content/images/boitmal/produit/zoom/E73DD151774203585D69C5C47F32F6FA.jpg,,/product/detergente-manual-loica-maxi-poder-original/8006540421499
53727,Detergente Manual Loiça Jasmim Rosa,8006540213872,11405,11403,Embalagem de 340ml,Fairy,,"5,85€/L","1,99€",https://cdn.intermarche.pt/pt/Content/images/boitmal/produit/zoom/5CCCE87F658551BD9363E76DA9F89670.jpg,,/product/detergente-manual-loica-jasmim-rosa/8006540213872
9526,Detergente manual de loiça,5604260129041,11405,11403,Embalagem de 1 l,PorSi,,"2,39€/L","2,39€",https://cdn.intermarche.pt/pt/Content/images/boitmal/produit/zoom/61A1F0D413389D70230B801FF9A5419D.jpg,,/product/detergente-manual-de-loica/5604260129041
40846,"Detergente líquido Ultra Concentrado Loiça Platinium Rosa, 500 ml",5604260304059,11405,11403,,PorSi,,"3,38€/L","1,69€",https://cdn.intermarche.pt/pt/Content/images/boitmal/produit/zoom/D5D20E12A3F2D998E824800A481AAECE.jpg,,/product/detergente-liquido-ultra-concentrado-loica-platinium-rosa-500-ml/5604260304059
45527,Detergente Líquido Loiça Ecológico,5604260312719,11405,11403,Garrafa de 1 l,PorSi,,"2,99€/L","2,99€",https://cdn.intermarche.pt/pt/Content/images/boitmal/produit/zoom/85D4C39774AEC4A27F7868E82CB1538D.jpg,,/product/detergente-liquido-loica-ecologico/5604260312719
46875,"Detergente líquido Ultra Concentrado Loiça Platinium Clássico, 500 ml",5604260309276,11405,11403,,PorSi,,"3,38€/L","1,69€",https://cdn.intermarche.pt/pt/Content/images/boitmal/produit/zoom/442AB2578E1782BC7747B15BCAD17035.jpg,,/product/detergente-liquido-ultra-concentrado-loica-platinium-classico-500-ml/5604260309276
46907,Detergente líquido manual loiça anti bactérias,8006540236222,11405,11403,Embalagem de 650 ml,Fairy,,"6,91€/L","4,49€",https://cdn.intermarche.pt/pt/Content/images/boitmal/produit/zoom/3E19A00CE6DB24E6BAC3DE395FADED18.jpg,,/product/detergente-liquido-manual-loica-anti-bacterias/8006540236222
47657,Detergente loiça tripla ação maçã,5600356070006,11405,11403,700 ml,Super Pop,,"3,56€/L","2,49€",https://cdn.intermarche.pt/pt/Content/images/boitmal/produit/zoom/9DEA58F6F454AF0966E46763EC25F0B7.jpg,,/product/detergente-loica-tripla-acao-maca/5600356070006
48815,Detergente Manual para Loiça Original Ultra,8006540614280,11405,11403,Embalagem de 1015 ml,Fairy,,"6,30€/L","6,39€",https://cdn.intermarche.pt/pt/Content/images/boitmal/produit/zoom/59EECC35160526844A63D0203F8D248A.jpg,,/product/detergente-manual-para-loica-original-ultra/8006540614280
47950,Detergente para loiça limão,5600356070723,11405,11403,1.2 litros + 150 ml,Super Pop,,"2,96€/L","3,99€",https://cdn.intermarche.pt/pt/Content/images/boitmal/produit/zoom/4E73E397B95256B00691488110F58527.jpg,,/product/detergente-para-loica-limao/5600356070723
51057,Detergente líquido manual loiça ultra power limão,8006540833230,11405,11403,Embalagem de 650 ml,Fairy,,"6,91€/L","4,49€",https://cdn.intermarche.pt/pt/Content/images/boitmal/produit/zoom/97D4EB42FEC9582C9D7ED90D0CDA2427.jpg,,/product/detergente-liquido-manual-loica-ultra-power-limao/8006540833230
9646,"Detergente manual loiça, ultra orquídea",5604260267132,11405,11403,Embalagem de 500 ml,PorSi,,"2,98€/L","1,49€",https://cdn.intermarche.pt/pt/Content/images/boitmal/produit/zoom/09179E432B30B4EF4A6745AF927B8AD6.jpg,,/product/detergente-manual-loica-ultra-orquidea/5604260267132
29244,Detergente Liquido P/ Lavar Loiça Rosa/Cetim,8001090479679,11405,11403,Embalagem de 1015 ml,Fairy,,"4,92€/L","4,99€",https://cdn.intermarche.pt/pt/Content/images/boitmal/produit/zoom/3C138C5EE0699D491B32714C86C10657.jpg,,/product/detergente-liquido-p-ou-lavar-loica-rosa-ou-cetim/8001090479679
52838,"Detergente Loiça Manual Frutos Vermelhos +Poder, 1l",8720182598899,11405,11403,,Cif,,"2,29€/L","2,29€",https://cdn.intermarche.pt/pt/Content/images/boitmal/produit/zoom/784A59ED0AC78C19C7FF36B0B0E91397.jpg,,/product/detergente-loica-manual-frutos-vermelhos-+poder-1l/8720182598899
51114,Spray ultra desengordurante,8001480718050,11407,11403,750 ml,Neoblanc,,"3,32€/L","2,49€",https://cdn.intermarche.pt/pt/Content/images/boitmal/produit/zoom/78BFECECA7CA9285E2480F117840B1B0.jpg,2024-09-25T22:59:59.999Z,/product/spray-ultra-desengordurante/8001480718050
43820,Spray tira gorduras,5604260312559,11407,11403,Embalagem de 750 ml,PorSi,,"1,99€/L","1,49€",https://cdn.intermarche.pt/pt/Content/images/boitmal/produit/zoom/DE670E44622387D6E40522F63777E98C.jpg,,/product/spray-tira-gorduras/5604260312559
24458,Tira gorduras dia a dia,5600258596451,11407,11403,Garrafa de 750 ml,Mistolin,,"5,32€/L","3,99€",https://cdn.intermarche.pt/pt/Content/images/boitmal/produit/zoom/EAE9E4D94F061579738E6F2196A3CAF9.jpg,,/product/tira-gorduras-dia-a-dia/5600258596451
46478,Spray limpeza fornos e grelhas,5604260314782,11407,11403,500 ml,PorSi,,"3,98€/L","1,99€",https://cdn.intermarche.pt/pt/Content/images/boitmal/produit/zoom/71E49E9F8E4B75C47D338D8F17F0C08F.jpg,,/product/spray-limpeza-fornos-e-grelhas/5604260314782
41598,Limpa fornos,5604260302673,11407,11403,500 ml,PorSi,,"3,98€/L","1,99€",https://cdn.intermarche.pt/pt/Content/images/boitmal/produit/zoom/4D68D5BF9C9BF28EEB9954A191A2DB40.jpg,,/product/limpa-fornos/5604260302673
25913,Desengordurante de Vitrocerâmica/Indução 3 em 1 |Creme,8410104802202,11407,11403,Embalagem de 450 ml,Vitroclen,,"24,42€/L","10,99€",https://cdn.intermarche.pt/pt/Content/images/boitmal/produit/zoom/747980E3A7EBF1A54CB3E7A463652CCB.jpg,,/product/desengordurante-de-vitroceramica-ou-inducao-3-em-1-|creme/8410104802202
30412,Spray Limpa Placa Indução,8410104888428,11407,11403,450 ml,Induclean,,"24,42€/L","10,99€",https://cdn.intermarche.pt/pt/Content/images/boitmal/produit/zoom/F24A37DD31BDCF76C2D7E6A95D7DACD6.jpg,,/product/spray-limpa-placa-inducao/8410104888428
49139,Limpa barbecue,5601214393305,11407,11403,500 ml,Pluricor,,"5,58€/L","2,79€",https://cdn.intermarche.pt/pt/Content/images/boitmal/produit/zoom/637D15A70CAF87253019848647C00053.jpg,,/product/limpa-barbecue/5601214393305
49822,Limpeza Cozinha Vitro e Placas Spray,5600356070204,11407,11403,500 ml,Mistolin,,"5,98€/L","2,99€",https://cdn.intermarche.pt/pt/Content/images/boitmal/produit/zoom/12F5460F559A95CDE143906552939C81.jpg,,/product/limpeza-cozinha-vitro-e-placas-spray/5600356070204
4999,Limpa fornos normal,5601021186039,11407,11403,Embalagem de 300 ml,Mr. Muscle,,"13,30€/L","3,99€",https://cdn.intermarche.pt/pt/Content/images/boitmal/produit/zoom/3201F721D89B2B351EF3CF7D45475796.jpg,,/product/limpa-fornos-normal/5601021186039
24410,Spray power&shine multiusos c/ lixívia,8710908859502,11408,11403,Garrafa de 750 ml,Cif,,"3,59€/L","2,69€",https://cdn.intermarche.pt/pt/Content/images/boitmal/produit/zoom/BC1FC8E39B43E72D32F4657C6D001534.jpg,2024-10-04T22:59:59.999Z,/product/spray-power&shine-multiusos-c-ou-lixivia/8710908859502
11935,Tira gorduras pistola,5603124023273,11408,11403,Garrafa de 550 ml,Mistolin,,"4,53€/L","2,49€",https://cdn.intermarche.pt/pt/Content/images/boitmal/produit/zoom/28669AD1C6D39A84EAC8A5B22B9F840C.jpg,2024-09-25T22:59:59.999Z,/product/tira-gorduras-pistola/5603124023273
9255,Tira gorduras recarga,5603124024140,11408,11403,Garrafa de 550 ml,Mistolin,,"4,89€/L","2,69€",https://cdn.intermarche.pt/pt/Content/images/boitmal/produit/zoom/31FDA54CC7088DA8DC03FDBEA4FCDE3B.jpg,,/product/tira-gorduras-recarga/5603124024140
45523,Spray tira gorduras eco,5604260312696,11408,11403,Garrafa de 750 ml,PorSi,,"1,99€/L","1,49€",https://cdn.intermarche.pt/pt/Content/images/boitmal/produit/zoom/90C1C0E0B9C9AC946CC0B67FCBEA8B5B.jpg,,/product/spray-tira-gorduras-eco/5604260312696
22953,Desinfetante Multiusos,8411660670236,11408,11403,Embalagem de 750 ml,Sanytol,,"6,65€/L","4,99€",https://cdn.intermarche.pt/pt/Content/images/boitmal/produit/zoom/4F59BDA8C1BC8BFF3ED00CA4247713EC.jpg,,/product/desinfetante-multiusos/8411660670236
22952,Desinfetante p/ Cozinha,8411660670212,11408,11403,Embalagem de 750 ml,Sanytol,,"6,65€/L","4,99€",https://cdn.intermarche.pt/pt/Content/images/boitmal/produit/zoom/CE7BBD8143A9B157574CD47FA1699DDC.jpg,,/product/desinfetante-p-ou-cozinha/8411660670212
45914,Toalhitas de limpeza cozinha,8717163837900,11408,11403,36 unidades,Cif,,"4,49€/Unidade","4,49€",https://cdn.intermarche.pt/pt/Content/images/boitmal/produit/zoom/67A5EB0002C813984D33691A759C090A.jpg,,/product/toalhitas-de-limpeza-cozinha/8717163837900
43435,Spray desinfetante cozinha,5601217134424,11408,11403,Embalagem de 500 ml,Lysol,,"4,98€/L","2,49€",https://cdn.intermarche.pt/pt/Content/images/boitmal/produit/zoom/A74C0B897D76BA05220D577E52349D16.jpg,,/product/spray-desinfetante-cozinha/5601217134424
16607,Creme abrasivo original,8712561521529,10602,10088,Garrafa de 700 ml,Cif,,"3,84€/L","2,69€",https://cdn.intermarche.pt/pt/Content/images/boitmal/produit/zoom/30CCCA0B503F489882A8FCB31275E9C6.jpg,2024-09-25T22:59:59.999Z,/product/creme-abrasivo-original/8712561521529
16608,Creme abrasivo limão,8712561521437,10602,10088,Garrafa de 700 ml,Cif,,"3,84€/L","2,69€",https://cdn.intermarche.pt/pt/Content/images/boitmal/produit/zoom/AAC0B7E363655E0C01FE7436C88E60D8.jpg,2024-09-25T22:59:59.999Z,/product/creme-abrasivo-limao/8712561521437
16609,Creme abrasivo pink flowers,8712561846530,10602,10088,Garrafa de 700 ml,Cif,,"3,84€/L","2,69€",https://cdn.intermarche.pt/pt/Content/images/boitmal/produit/zoom/A66D04919D9B1C876B416F694E7A635A.jpg,2024-09-25T22:59:59.999Z,/product/creme-abrasivo-pink-flowers/8712561846530
16610,Creme abrasivo ativo c/ lixívia,8712561521703,10602,10088,Garrafa de 700 ml,Cif,,"3,84€/L","2,69€",https://cdn.intermarche.pt/pt/Content/images/boitmal/produit/zoom/2206B9857AF8896496613F9E593DEB99.jpg,2024-09-25T22:59:59.999Z,/product/creme-abrasivo-ativo-c-ou-lixivia/8712561521703
41593,Abrasivo sanitário gel pinho,5604260304004,10602,10088,embalagem de 1 litro,PorSi,,"1,09€/L","1,09€",https://cdn.intermarche.pt/pt/Content/images/boitmal/produit/zoom/1EC30761C64BB9E3AD9D6FBD9F4E3D98.jpg,,/product/abrasivo-sanitario-gel-pinho/5604260304004
5952,Creme abrasivo de limão,5604260266975,10602,10088,Embalagem de 750 ml,PorSi,,"1,59€/L","1,19€",https://cdn.intermarche.pt/pt/Content/images/boitmal/produit/zoom/EC4A7F08F354DCCEB03F62218DFFBE37.jpg,,/product/creme-abrasivo-de-limao/5604260266975
41594,Abrasivo sanitário gel marinho,5604260303991,10602,10088,embalagem de 1 litro,PorSi,,"1,09€/L","1,09€",https://cdn.intermarche.pt/pt/Content/images/boitmal/produit/zoom/9753CF0191153C7E8CD32804C93EE748.jpg,,/product/abrasivo-sanitario-gel-marinho/5604260303991
41597,Abrasivo sanitário anti-calcário,5604260303977,10602,10088,embalagem de 1 litro,PorSi,,"1,09€/L","1,09€",https://cdn.intermarche.pt/pt/Content/images/boitmal/produit/zoom/5BB0B7BADAF74B54E00AC03BC349E381.jpg,,/product/abrasivo-sanitario-anti-calcario/5604260303977
45524,Abrasivo wc gel ecologico,5604260312726,10602,10088,Garrafa de 1 l,PorSi,,"1,49€/L","1,49€",https://cdn.intermarche.pt/pt/Content/images/boitmal/produit/zoom/A898601EC3C5DCBB8BFD019682663DAF.jpg,,/product/abrasivo-wc-gel-ecologico/5604260312726
54544,"Abrasivo Sanitário Líquido Adventure, 750ml",5000204344240,10602,10088,,Pato,,"4,52€/L","3,39€",https://cdn.intermarche.pt/pt/Content/images/boitmal/produit/zoom/98C6B8D8FF1E33EF77D37820FF2B274E.jpg,,/product/abrasivo-sanitario-liquido-adventure-750ml/5000204344240
45528,Bloco wc eco oceano 2x50g,5604260314263,10603,10088,Embalagem de 100g,PorSi,,"18,90€/Kg","1,89€",https://cdn.intermarche.pt/pt/Content/images/boitmal/produit/zoom/BBE2E4F2B913C9E31FD7F51C723F4477.jpg,,/product/bloco-wc-eco-oceano-2x50g/5604260314263
42511,Bloco wc multitat pinhao,5604260308217,10603,10088,Pack de 2 x 50 g,PorSi,,"16,90€/Kg","1,69€",https://cdn.intermarche.pt/pt/Content/images/boitmal/produit/zoom/0104594C5E5DD55CD86AB140357987C7.jpg,,/product/bloco-wc-multitat-pinhao/5604260308217
42510,Bloco wc multitat oceano,5604260308224,10603,10088,Pack de 2 x 50 g,PorSi,,"16,50€/Kg","1,65€",https://cdn.intermarche.pt/pt/Content/images/boitmal/produit/zoom/85E1267A7A71EE07681E692B21B78DD6.jpg,,/product/bloco-wc-multitat-oceano/5604260308224
23524,"Líquido sanitário extra power, marinho, 750 ml",5000204922851,10603,10088,,Pato,,"4,52€/L","3,39€",https://cdn.intermarche.pt/pt/Content/images/boitmal/produit/zoom/FF6B5BA6C8EB35DB501C05C209AD45D0.jpg,,/product/liquido-sanitario-extra-power-marinho-750-ml/5000204922851
42709,Bloco wc marinho,5604260308194,10603,10088,embalagem 3 x 40 g,PorSi,,"10,75€/Kg","1,29€",https://cdn.intermarche.pt/pt/Content/images/boitmal/produit/zoom/A8CEEC26B3B61F4A1894901B4460BA1B.jpg,,/product/bloco-wc-marinho/5604260308194
45792,Bloco Sanitário de Lavanda Purple Activ+,8410436364126,10603,10088,Embalagem de 2x50 g,Sonasol,,"49,90€/Kg","4,99€",https://cdn.intermarche.pt/pt/Content/images/boitmal/produit/zoom/02533975AE8B79ACCD0CDA04FB0726AA.jpg,,/product/bloco-sanitario-de-lavanda-purple-activ+/8410436364126
52820,"Bloco Sanitário Power 5 Pink Magnolia, 3 unidades",8714100004876,10603,10088,,Domestos,,"6,79€/Unidade","6,79€",https://cdn.intermarche.pt/pt/Content/images/boitmal/produit/zoom/419540DDA3A23A3846EB1EB3B0C19FFE.jpg,,/product/bloco-sanitario-power-5-pink-magnolia-3-unidades/8714100004876
46521,Bloco wc bluewater lixívia/pinho,5604260318797,10603,10088,2 x 33 g,PorSi,,"1,99€/Unidade","1,99€",https://cdn.intermarche.pt/pt/Content/images/boitmal/produit/zoom/D14EF7FCAEEFA0AD632E9193B0B3DC38.jpg,,/product/bloco-wc-bluewater-lixivia-ou-pinho/5604260318797
46518,"Líquido sanitário ação total menta, 750 ml",5000204208856,10603,10088,,Pato,,"3,99€/L","2,99€",https://cdn.intermarche.pt/pt/Content/images/boitmal/produit/zoom/0233D129A9EC0388789C44988374A6C5.jpg,,/product/liquido-sanitario-acao-total-menta-750-ml/5000204208856
51516,"Líquido Sanitário Biodegradável, 750 ml",5000204242676,10603,10088,,Pato,,"3,99€/L","2,99€",https://cdn.intermarche.pt/pt/Content/images/boitmal/produit/zoom/A52D20BC4663DAC31D8BC9280D80BD62.jpg,,/product/liquido-sanitario-biodegradavel-750-ml/5000204242676
46522,Bloco wc bluewater floral,5604260318780,10603,10088,2 x 33 g,PorSi,,"1,99€/Unidade","1,99€",https://cdn.intermarche.pt/pt/Content/images/boitmal/produit/zoom/376C28C82373798FF85C6D82B7DD8CB2.jpg,,/product/bloco-wc-bluewater-floral/5604260318780
4716,Discos Sanitários Activos Recarga Lima,5000204593242,10603,10088,Embalagem de 2x36 ml,Pato,,"96,53€/L","6,95€",https://cdn.intermarche.pt/pt/Content/images/boitmal/produit/zoom/63F83864AA3214D8A29D6F7792A8DB6E.jpg,,/product/discos-sanitarios-activos-recarga-lima/5000204593242
35631,Bloco sanitário desinfectante duplo floral,8410436329545,10603,10088,Embalagem de 2 x 50 g,Sonasol,,"49,90€/Kg","4,99€",https://cdn.intermarche.pt/pt/Content/images/boitmal/produit/zoom/4B512DA095664E6F814B383EE3473F2D.jpg,,/product/bloco-sanitario-desinfectante-duplo-floral/8410436329545
35418,Bloco sanitário desinfetante eucalipto,8410436321167,10603,10088,Embalagem de 2 x 50 g,Sonasol,,"49,90€/Kg","4,99€",https://cdn.intermarche.pt/pt/Content/images/boitmal/produit/zoom/A918F313F68359F1E7193674B093B10C.jpg,,/product/bloco-sanitario-desinfetante-eucalipto/8410436321167
10232,Bloco Sanitário Poder Activo Aqua,8410436188609,10603,10088,Embalagem de 50 g,Sonasol,,"53,80€/Kg","2,69€",https://cdn.intermarche.pt/pt/Content/images/boitmal/produit/zoom/50CBADEAE822D7F4A14374FD8B23CC0B.jpg,,/product/bloco-sanitario-poder-activo-aqua/8410436188609
32399,"Gel Activo Lavanda WC Discos, 2 x 36 ml",5000204018059,10603,10088,,Pato,,"194,17€/L","6,99€",https://cdn.intermarche.pt/pt/Content/images/boitmal/produit/zoom/9FDD2B1AEAB1C40FDA4488498539CEC8.jpg,,/product/gel-activo-lavanda-wc-discos-2-x-36-ml/5000204018059
4715,Discos Sanitários Activos Recarga Marinho,5000204593198,10603,10088,Embalagem de 2x36 ml,Pato,,"96,53€/L","6,95€",https://cdn.intermarche.pt/pt/Content/images/boitmal/produit/zoom/F7441989F6C7A270983579F368947C08.jpg,,/product/discos-sanitarios-activos-recarga-marinho/5000204593198
10272,"Bloco sanitário blue activ, eucalio",8410436240109,10603,10088,Embalagem de 50 g,Sonasol,,"53,80€/Kg","2,69€",https://cdn.intermarche.pt/pt/Content/images/boitmal/produit/zoom/B4ABE7C148FE459944FFBC01C5B3A15A.jpg,,/product/bloco-sanitario-blue-activ-eucalio/8410436240109
10273,Bloco sanitário blue activ higiene,8410436240130,10603,10088,Embalagem de 50 g,Sonasol,,"53,80€/Kg","2,69€",https://cdn.intermarche.pt/pt/Content/images/boitmal/produit/zoom/0C9AB1A962000678F650D31375F4E7C4.jpg,,/product/bloco-sanitario-blue-activ-higiene/8410436240130
42710,Bloco wc pinho,5604260308200,10603,10088,embalagem 3 x 40 g,PorSi,,"10,75€/Kg","1,29€",https://cdn.intermarche.pt/pt/Content/images/boitmal/produit/zoom/0FA8B298A4514D8827F6B92F1DA816B5.jpg,,/product/bloco-wc-pinho/5604260308200
46517,"Líquido sanitário ação total pinho, 750 ml",5000204208917,10603,10088,,Pato,,"3,99€/L","2,99€",https://cdn.intermarche.pt/pt/Content/images/boitmal/produit/zoom/C1525539577E5CAF5C0667315D239809.jpg,,/product/liquido-sanitario-acao-total-pinho-750-ml/5000204208917
4734,"Bloco sanitário, automático, água azul",5000204678840,10603,10088,Embalagem de 2x50 g,Pato,,"95,80€/Kg","4,79€",https://cdn.intermarche.pt/pt/Content/images/boitmal/produit/zoom/29B5E9AA7D7F561343C3AC75500FD699.jpg,,/product/bloco-sanitario-automatico-agua-azul/5000204678840
47743,Bloco WC Desinfetante Gel Brilhante Oceano Ártico,8410436394215,10603,10088,1 un.,Sonasol,,"3,39€/Unidade","3,39€",https://cdn.intermarche.pt/pt/Content/images/boitmal/produit/zoom/6C7345E788C11302BC4EA082542F55C8.jpg,,/product/bloco-wc-desinfetante-gel-brilhante-oceano-artico/8410436394215
35451,Bloco sanitário active clean marine,5000204097719,10603,10088,Embalagem de 2 x 38.6 g,Pato,,"85,45€/Kg","6,58€",https://cdn.intermarche.pt/pt/Content/images/boitmal/produit/zoom/51CDBAF0777F9A4171E0957B1DBD6906.jpg,,/product/bloco-sanitario-active-clean-marine/5000204097719
36984,Bloco sanitário active clean pine,5000204097740,10603,10088,Embalagem de 2 x 38.6 g,Pato,,"85,45€/Kg","6,58€",https://cdn.intermarche.pt/pt/Content/images/boitmal/produit/zoom/142704D627D7E0F5C68AA84B915FC3BE.jpg,,/product/bloco-sanitario-active-clean-pine/5000204097740
38308,Bloco WC Poder Activo Eucalipto,8410436341011,10603,10088,Embalagem 3 x 50 g,Sonasol,,"49,93€/Kg","7,49€",https://cdn.intermarche.pt/pt/Content/images/boitmal/produit/zoom/00E2858ABBC78C4D6083377A393C963E.jpg,,/product/bloco-wc-poder-activo-eucalipto/8410436341011
41602,Bloco WC água turquesa Power 6,5601217133151,10603,10088,35 g,Harpic,,"85,43€/Kg","2,99€",https://cdn.intermarche.pt/pt/Content/images/boitmal/produit/zoom/A0453B5959653362B1049A9885557A43.jpg,,/product/bloco-wc-agua-turquesa-power-6/5601217133151
46641,Bloco Sanitário Blue Active Floral,8410436364058,10603,10088,Embalagem de 3 un.,Bref,,"7,49€/Unidade","7,49€",https://cdn.intermarche.pt/pt/Content/images/boitmal/produit/zoom/3B3FF3A0516CE0BCF9D55B1FC9FFEE7D.jpg,,/product/bloco-sanitario-blue-active-floral/8410436364058
46748,Bloco Sanitário Oceano Ártico,8410436395274,10603,10088,Embalagem de 2x42 g,Sonasol,,"27,98€/Kg","2,35€",https://cdn.intermarche.pt/pt/Content/images/boitmal/produit/zoom/585D9E9814C3DC5F424B34787D88E5FE.jpg,,/product/bloco-sanitario-oceano-artico/8410436395274
47642,Bloco Sanitário Power 5 Blue Water Turquoise,8710522690147,10603,10088,Embalagem de 1 unidades,Domestos,,"5,49€/Unidade","5,49€",https://cdn.intermarche.pt/pt/Content/images/boitmal/produit/zoom/BC776FECD639123221D8E0C6275779C7.jpg,,/product/bloco-sanitario-power-5-blue-water-turquoise/8710522690147
49976,Bloco Sanitário Power 5 Pinho,8714100007587,10603,10088,2 x 55 g,Domestos,,"2,99€/Unidade","2,99€",https://cdn.intermarche.pt/pt/Content/images/boitmal/produit/zoom/CD413112916537D951EFEA9A6CB4A6FE.jpg,,/product/bloco-sanitario-power-5-pinho/8714100007587
50421,Bloco Sanitário Power 5 Lime,8710447222614,10603,10088,5 unidades,Domestos,,"5,99€/Unidade","5,99€",https://cdn.intermarche.pt/pt/Content/images/boitmal/produit/zoom/F04BFE56438915BE8D2A0ACD140151EC.jpg,,/product/bloco-sanitario-power-5-lime/8710447222614
51762,Bloco Sanitário Bref Higiene,8410436421928,10603,10088,Embalagem de 2x50 g,Sonasol,,"49,90€/Kg","4,99€",https://cdn.intermarche.pt/pt/Content/images/boitmal/produit/zoom/72CF62EDE3DF5FC82A297ED567A0CC53.jpg,,/product/bloco-sanitario-bref-higiene/8410436421928
51764,Bloco Sanitário Power 5 Ocean,8710447222607,10603,10088,5 unidades,Domestos,,"5,99€/Unidade","5,99€",https://cdn.intermarche.pt/pt/Content/images/boitmal/produit/zoom/2773ADE23F30BE30760E57754F91E60F.jpg,,/product/bloco-sanitario-power-5-ocean/8710447222607
51766,Bloco WC Purple Power 6,5601217133168,10603,10088,35 g,Harpic,,"94,00€/Kg","3,29€",https://cdn.intermarche.pt/pt/Content/images/boitmal/produit/zoom/344615B0CF2E9203942F13F969002B6D.jpg,,/product/bloco-wc-purple-power-6/5601217133168
52821,"Bloco Sanitário Power 5 Lemon Sunshine, 3 unidades",8720182631985,10603,10088,,Domestos,,"6,79€/Unidade","6,79€",https://cdn.intermarche.pt/pt/Content/images/boitmal/produit/zoom/8BF7F3195FB5CE4178DDC6202056F01E.jpg,,/product/bloco-sanitario-power-5-lemon-sunshine-3-unidades/8720182631985
52824,"Bloco Sanitário Power 5 Tropical Breeze, 3 unidades",8720182631978,10603,10088,,Domestos,,"6,79€/Unidade","6,79€",https://cdn.intermarche.pt/pt/Content/images/boitmal/produit/zoom/BDC58EDD485B2945A14153BAB88A9A30.jpg,,/product/bloco-sanitario-power-5-tropical-breeze-3-unidades/8720182631978
54540,"Discos Sanitários Ativos Gel Dispensador + Recargas Água Azul, 1un.",5000204331660,10603,10088,,Pato,,"4,99€/Unidade","4,99€",https://cdn.intermarche.pt/pt/Content/images/boitmal/produit/zoom/5391424522FF47F92DB1D6BC91E0F282.jpg,,/product/discos-sanitarios-ativos-gel-dispensador-+-recargas-agua-azul-1un./5000204331660
54541,"Discos Sanitários Ativos Recargas Água Azul, 2un.",5000204331691,10603,10088,,Pato,,"6,99€/Unidade","6,99€",https://cdn.intermarche.pt/pt/Content/images/boitmal/produit/zoom/868D1F748C9BB69467D9938B1CE9F25A.jpg,,/product/discos-sanitarios-ativos-recargas-agua-azul-2un./5000204331691
54542,"Discos Sanitários Ativos Recargas Adventure, 2un.",5000204344691,10603,10088,,Pato,,"6,99€/Unidade","6,99€",https://cdn.intermarche.pt/pt/Content/images/boitmal/produit/zoom/E7D47079040BE0035CD2666DD27A0072.jpg,,/product/discos-sanitarios-ativos-recargas-adventure-2un./5000204344691
17899,Lixívia WC Gel Higienizante,8001480021464,10604,10088,Embalagem de 700ml,Neoblanc,,"1,99€/L","1,39€",https://cdn.intermarche.pt/pt/Content/images/boitmal/produit/zoom/8B4ACFB619D22D718EFA361071C65937.jpg,2024-09-25T22:59:59.999Z,/product/lixivia-wc-gel-higienizante/8001480021464
37948,Spray limpeza casa de banho,5601217132697,10604,10088,Embalagem de 500 ml,Cillitbang,,"4,98€/L","2,49€",https://cdn.intermarche.pt/pt/Content/images/boitmal/produit/zoom/62E5A8E0A6D5CF81B7A29AA6D1070117.jpg,2024-10-04T22:59:59.999Z,/product/spray-limpeza-casa-de-banho/5601217132697
51113,"Limpa Casa Banho Spray Higiene c/ Lixívia, 500 ml",8720181262784,10604,10088,,Cif,,"3,98€/L","1,99€",https://cdn.intermarche.pt/pt/Content/images/boitmal/produit/zoom/269947C1E7ED82654B4A41635C3A67E7.jpg,2024-10-04T22:59:59.999Z,/product/limpa-casa-banho-spray-higiene-c-ou-lixivia-500-ml/8720181262784
25153,Líquido wc duraguard pinho da montanha,5000146400042,10604,10088,Garrafa de 750 ml,Harpic,,"2,65€/L","1,99€",https://cdn.intermarche.pt/pt/Content/images/boitmal/produit/zoom/4436EFCC1EEADD9FE9996407752961F9.jpg,,/product/liquido-wc-duraguard-pinho-da-montanha/5000146400042
5126,Desinfetante em gel c/ lixívia,5601068014494,10604,10088,Garrafa de 750 ml,Cif,,"3,99€/L","2,99€",https://cdn.intermarche.pt/pt/Content/images/boitmal/produit/zoom/DD01BA25A9A9F730D8ADD335AE8FD21F.jpg,,/product/desinfetante-em-gel-c-ou-lixivia/5601068014494
9644,Gel wc anticalcário sem lixívia,5604260266982,10604,10088,"Garrafa de 1,5 l",PorSi,,"0,93€/L","1,39€",https://cdn.intermarche.pt/pt/Content/images/boitmal/produit/zoom/F54EA362DDA1B5E1B2458FB660819E52.jpg,,/product/gel-wc-anticalcario-sem-lixivia/5604260266982
46484,Spray limpeza casa de banho,5604260314768,10604,10088,750 ml,PorSi,,"2,12€/L","1,59€",https://cdn.intermarche.pt/pt/Content/images/boitmal/produit/zoom/10784C2150AAC13CD1DE10B8535A90B6.jpg,,/product/spray-limpeza-casa-de-banho/5604260314768
25706,Desinfetante p/ WC,8411660670229,10604,10088,Embalagem de 750 ml,Sanytol,,"6,65€/L","4,99€",https://cdn.intermarche.pt/pt/Content/images/boitmal/produit/zoom/4F095CFF62680B19FBA53108E2CB03B7.jpg,,/product/desinfetante-p-ou-wc/8411660670229
6477,Desinfetante em gel p/ wc,8410437531008,10604,10088,Garrafa de 750 ml,Cif,,"3,99€/L","2,99€",https://cdn.intermarche.pt/pt/Content/images/boitmal/produit/zoom/F80AEED5DC0E17CB3B3BE1F09E46AB95.jpg,,/product/desinfetante-em-gel-p-ou-wc/8410437531008
7231,Gel wc tripla ação c/ lixívia,3059941005008,10604,10088,Garrafa de 750 ml,Harpic,,"2,65€/L","1,99€",https://cdn.intermarche.pt/pt/Content/images/boitmal/produit/zoom/4F4DC0D04FEFE2E1C1396B2DF4E1E13C.jpg,,/product/gel-wc-tripla-acao-c-ou-lixivia/3059941005008
43478,"Spray wc anticalcário, 750 ml",5604260312542,10604,10088,,PorSi,,"1,99€/L","1,49€",https://cdn.intermarche.pt/pt/Content/images/boitmal/produit/zoom/6E893290AFBBC3EB85EAE9A32482F537.jpg,,/product/spray-wc-anticalcario-750-ml/5604260312542
41261,Spray limpeza casa de banho optimal 7,8718951282728,10604,10088,Embalagem de 500 ml,Ajax,,"7,98€/L","3,99€",https://cdn.intermarche.pt/pt/Content/images/boitmal/produit/zoom/6D62BA0AEFB59AB3A679796FD3100433.jpg,,/product/spray-limpeza-casa-de-banho-optimal-7/8718951282728
45915,Toalhitas de limpeza casa de banho,8717163837917,10604,10088,36 unidades,Cif,,"4,49€/Unidade","4,49€",https://cdn.intermarche.pt/pt/Content/images/boitmal/produit/zoom/089DB3649D17AE6D963B86EB66F914EB.jpg,,/product/toalhitas-de-limpeza-casa-de-banho/8717163837917
52002,"Power Foam Citrus Blast, garrafa de 450 ml",8720182531056,10604,10088,,Domestos,,"11,09€/L","4,99€",https://cdn.intermarche.pt/pt/Content/images/boitmal/produit/zoom/7402AA3C819FB777DFA4802DE0630B8C.jpg,,/product/power-foam-citrus-blast-garrafa-de-450-ml/8720182531056
43434,Spray desinfetante casa de banho,5601217134400,10604,10088,Embalagem de 500 ml,Lysol,,"7,98€/L","3,99€",https://cdn.intermarche.pt/pt/Content/images/boitmal/produit/zoom/D4CFB1C903E06589F5B5203DAD22B957.jpg,,/product/spray-desinfetante-casa-de-banho/5601217134400
52090,"Power Foam Arctic Fresh, garrafa de 450 ml",8720182531049,10604,10088,,Domestos,,"11,09€/L","4,99€",https://cdn.intermarche.pt/pt/Content/images/boitmal/produit/zoom/D3CA8B7D16A44EA4704FEF9103242149.jpg,,/product/power-foam-arctic-fresh-garrafa-de-450-ml/8720182531049
24411,"Lava tudo rosas e jasmim, 1,3l",8410436297752,10739,10090,,Sonasol,,"1,61€/L","2,09€",https://cdn.intermarche.pt/pt/Content/images/boitmal/produit/zoom/46E3798C4C5509E4EFB8DA2E52D80035.jpg,2024-10-04T22:59:59.999Z,/product/lava-tudo-rosas-e-jasmim-13l/8410436297752
24412,"Lava tudo aloe vera e flores brancas, 1,3l",8410436297660,10739,10090,,Sonasol,,"1,61€/L","2,09€",https://cdn.intermarche.pt/pt/Content/images/boitmal/produit/zoom/99177C313800E1C306087975E7A5D1E7.jpg,2024-10-04T22:59:59.999Z,/product/lava-tudo-aloe-vera-e-flores-brancas-13l/8410436297660
24413,"Lava tudo PH neutro, embalagem de 1,3l",8410436297783,10739,10090,,Sonasol,,"1,61€/L","2,09€",https://cdn.intermarche.pt/pt/Content/images/boitmal/produit/zoom/F7DD11C0EABB6452E24AA720E593B0B5.jpg,2024-10-04T22:59:59.999Z,/product/lava-tudo-ph-neutro-embalagem-de-13l/8410436297783
24414,"Lava tudo camomila e flor de laranjeira, 1,3l",8410436297691,10739,10090,,Sonasol,,"1,61€/L","2,09€",https://cdn.intermarche.pt/pt/Content/images/boitmal/produit/zoom/3B18B6CCDC35A0C75589B9509520BFD6.jpg,2024-10-04T22:59:59.999Z,/product/lava-tudo-camomila-e-flor-de-laranjeira-13l/8410436297691
24415,"Lava tudo lavanda, 1,3l",8410436299961,10739,10090,,Sonasol,,"1,61€/L","2,09€",https://cdn.intermarche.pt/pt/Content/images/boitmal/produit/zoom/4C901B46EE167F7ABAA5D085E91578A1.jpg,2024-10-04T22:59:59.999Z,/product/lava-tudo-lavanda-13l/8410436299961
36654,"Spray limpa vidros brilhante, 500 ml",8410436343497,10739,10090,,Sonasol,,"3,98€/L","1,99€",https://cdn.intermarche.pt/pt/Content/images/boitmal/produit/zoom/6BD482198179BD4338A991D3B750B511.jpg,2024-10-04T22:59:59.999Z,/product/spray-limpa-vidros-brilhante-500-ml/8410436343497
41080,"Detergente líquido lava tudo festa das flores montanha, embalagem de 1.25L",8718951338333,10739,10090,,Ajax,,"1,79€/L","2,24€",https://cdn.intermarche.pt/pt/Content/images/boitmal/produit/zoom/9994C597530D04195747B334AB219D70.jpg,2024-10-04T22:59:59.999Z,/product/detergente-liquido-lava-tudo-festa-das-flores-montanha-embalagem-de-1.25l/8718951338333
5925,"Lava Tudo Perfumado Floral, embalagem de 2 l",5604260256891,10739,10090,,PorSi,,"0,50€/L","0,99€",https://cdn.intermarche.pt/pt/Content/images/boitmal/produit/zoom/65E03894578F8654DEF9BCBDF20EB7D2.jpg,,/product/lava-tudo-perfumado-floral-embalagem-de-2-l/5604260256891
5926,"Lava Tudo Perfumado Lavanda, embalagem de 2 l",5604260256907,10739,10090,,PorSi,,"0,50€/L","0,99€",https://cdn.intermarche.pt/pt/Content/images/boitmal/produit/zoom/178A7D0C5D08F0A129C70A330BD657B3.jpg,,/product/lava-tudo-perfumado-lavanda-embalagem-de-2-l/5604260256907
5928,"Lava Tudo Perfumado Montanha, 2 l",5604260256921,10739,10090,,PorSi,,"0,50€/L","0,99€",https://cdn.intermarche.pt/pt/Content/images/boitmal/produit/zoom/F0ECBCCAC8A5525ED7CCE8AC570498A6.jpg,,/product/lava-tudo-perfumado-montanha-2-l/5604260256921
29738,"Lava Tudo Flores Montanha, 1.3 l",8410436324533,10739,10090,,Sonasol,,"1,61€/L","2,09€",https://cdn.intermarche.pt/pt/Content/images/boitmal/produit/zoom/619CC29EDCFB8BA35BEA4FA4EA1CE5DD.jpg,2024-10-04T22:59:59.999Z,/product/lava-tudo-flores-montanha-1.3-l/8410436324533
40739,"Lava Tudo Perfumado flor de laranjeira, embalagem de 2 l",5604260302666,10739,10090,,PorSi,,"0,50€/L","0,99€",https://cdn.intermarche.pt/pt/Content/images/boitmal/produit/zoom/89DA08091234CE903CB3C3383C7EFE36.jpg,,/product/lava-tudo-perfumado-flor-de-laranjeira-embalagem-de-2-l/5604260302666
36655,Spray casa de banho brilhante,8410436343404,10739,10090,Embalagem de 500 ml,Sonasol,,"3,98€/L","1,99€",https://cdn.intermarche.pt/pt/Content/images/boitmal/produit/zoom/DE1ABE94258D954A0B137F0F858C6881.jpg,2024-10-04T22:59:59.999Z,/product/spray-casa-de-banho-brilhante/8410436343404
40833,"Detergente líquido lava tudo festa das flores, 1.25 litros",8718951333482,10739,10090,,Ajax,,"1,79€/L","2,24€",https://cdn.intermarche.pt/pt/Content/images/boitmal/produit/zoom/4CD3F618711847C08973FB8F753BB8D1.jpg,2024-10-04T22:59:59.999Z,/product/detergente-liquido-lava-tudo-festa-das-flores-1.25-litros/8718951333482
41078,"Detergente líquido lava tudo festa das flores primavera, 1.25 litros",8718951333420,10739,10090,,Ajax,,"1,79€/L","2,24€",https://cdn.intermarche.pt/pt/Content/images/boitmal/produit/zoom/1F65E7E5340A6A14958B2398A00217E9.jpg,2024-10-04T22:59:59.999Z,/product/detergente-liquido-lava-tudo-festa-das-flores-primavera-1.25-litros/8718951333420
41079,"Detergente líquido lava tudo festa das flores lavanda, embalagem de 1.25L",8718951337770,10739,10090,,Ajax,,"1,79€/L","2,24€",https://cdn.intermarche.pt/pt/Content/images/boitmal/produit/zoom/E70AB8ED1CF66F7D12F4232EB9C2C450.jpg,2024-10-04T22:59:59.999Z,/product/detergente-liquido-lava-tudo-festa-das-flores-lavanda-embalagem-de-1.25l/8718951337770
30165,Lava Tudo Brilhante Eucalipto,8410436320573,10739,10090,"embalagem 1,1L",Sonasol,,"2,54€/L","2,79€",https://cdn.intermarche.pt/pt/Content/images/boitmal/produit/zoom/1D59B5FEAE0C00D87C9E61FEE70A9A3D.jpg,,/product/lava-tudo-brilhante-eucalipto/8410436320573
41590,"Lava tudo brilhante madeiras, 1.1 litros",5604260302659,10739,10090,,PorSi,,"1,08€/L","1,19€",https://cdn.intermarche.pt/pt/Content/images/boitmal/produit/zoom/5DC039836DA6D702EACE8BD5C2BF93D0.jpg,,/product/lava-tudo-brilhante-madeiras-1.1-litros/5604260302659
5927,"Lava Tudo Perfumado Herbal, embalagem de 2 l",5604260256914,10739,10090,,PorSi,,"0,50€/L","0,99€",https://cdn.intermarche.pt/pt/Content/images/boitmal/produit/zoom/57C001769BF6AA292D0BD7DFF4016930.jpg,,/product/lava-tudo-perfumado-herbal-embalagem-de-2-l/5604260256914
46792,"Lava tudo amoniacal, 2 litros",5604260319602,10739,10090,,PorSi,,"0,40€/L","0,79€",https://cdn.intermarche.pt/pt/Content/images/boitmal/produit/zoom/F0BAA9DC20EB5A431C3F4A4BFAC7C54F.jpg,,/product/lava-tudo-amoniacal-2-litros/5604260319602
51751,"Spray remove bolores, 435 ml",8720181338502,10739,10090,,Cif,,"11,47€/L","4,99€",https://cdn.intermarche.pt/pt/Content/images/boitmal/produit/zoom/380C503403FDBF9BBCD37132FDE8F56E.jpg,,/product/spray-remove-bolores-435-ml/8720181338502
10274,"Lava Tudo Brilhante Floral, embalagem 1,1l",8410436242172,10739,10090,,Sonasol,,"2,54€/L","2,79€",https://cdn.intermarche.pt/pt/Content/images/boitmal/produit/zoom/45AE65B29796E27661779732657737AC.jpg,,/product/lava-tudo-brilhante-floral-embalagem-11l/8410436242172
35582,"Lava tudo perfumado Flores da Primavera, 1,5 l",5604260291298,10739,10090,,PorSi,,"1,19€/L","1,79€",https://cdn.intermarche.pt/pt/Content/images/boitmal/produit/zoom/45167671FF0CB4C58D519CF8D66E2015.jpg,,/product/lava-tudo-perfumado-flores-da-primavera-15-l/5604260291298
41591,"Lava tudo brilhante floral, 1.1 litros",5604260302642,10739,10090,,PorSi,,"1,08€/L","1,19€",https://cdn.intermarche.pt/pt/Content/images/boitmal/produit/zoom/B2CD09E5F5FA617A6FB4DE2C0942D18B.jpg,,/product/lava-tudo-brilhante-floral-1.1-litros/5604260302642
46716,"Lava tudo amoniacal, 5 litros",5604260319626,10739,10090,,PorSi,,"0,32€/L","1,59€",https://cdn.intermarche.pt/pt/Content/images/boitmal/produit/zoom/C4CE0971CD026DA210FD3504648497BB.jpg,,/product/lava-tudo-amoniacal-5-litros/5604260319626
46791,"Lava tudo multiusos desinfetante, 1,5 l",5604260317004,10739,10090,,PorSi,,"1,33€/L","1,99€",https://cdn.intermarche.pt/pt/Content/images/boitmal/produit/zoom/6038CC433095D860AE05259591D77269.jpg,,/product/lava-tudo-multiusos-desinfetante-15-l/5604260317004
34224,"Lava tudo desifetante de pavimentos e superfícies, 1.2 l",8411135670198,10739,10090,,Sanytol,,"3,33€/L","3,99€",https://cdn.intermarche.pt/pt/Content/images/boitmal/produit/zoom/F43BAB6DBC0B461745F5796ABE0934DC.jpg,,/product/lava-tudo-desifetante-de-pavimentos-e-superficies-1.2-l/8411135670198
35581,"Lava tudo perfumado Orquídea Oriental, 1,5 l",5604260291281,10739,10090,,PorSi,,"1,19€/L","1,79€",https://cdn.intermarche.pt/pt/Content/images/boitmal/produit/zoom/6B5671501DAE8BD14BF8A47FD471BEBF.jpg,,/product/lava-tudo-perfumado-orquidea-oriental-15-l/5604260291281
38291,"Lava Tudo Desinfetante, embalagem 1,1l",8410436343527,10739,10090,,Sonasol,,"2,54€/L","2,79€",https://cdn.intermarche.pt/pt/Content/images/boitmal/produit/zoom/EA4FBAD0F8BEA121132D7964AF9FEF9E.jpg,,/product/lava-tudo-desinfetante-embalagem-11l/8410436343527
40834,"Lava tudo boost vinagre, 1 l",8718951333390,10739,10090,,Ajax,,"3,99€/L","3,99€",https://cdn.intermarche.pt/pt/Content/images/boitmal/produit/zoom/94600D4F59220F08B708C3610E6D5C82.jpg,,/product/lava-tudo-boost-vinagre-1-l/8718951333390
41592,"Lava tudo brilhante universal, 1.1 litros",5604260302635,10739,10090,,PorSi,,"1,08€/L","1,19€",https://cdn.intermarche.pt/pt/Content/images/boitmal/produit/zoom/C84D087617ED0B8EE2D2E4188126B009.jpg,,/product/lava-tudo-brilhante-universal-1.1-litros/5604260302635
52382,"Lava Tudo Poder Desinfetante, embalagem de 1l",8720182631022,10739,10090,,Cif,,"1,99€/L","1,99€",https://cdn.intermarche.pt/pt/Content/images/boitmal/produit/zoom/6F24B54F5662226AD176AC3C60557A94.jpg,,/product/lava-tudo-poder-desinfetante-embalagem-de-1l/8720182631022
35580,"Lava tudo perfumado Cote D’Azur, 1.5 litros",5604260291274,10739,10090,,PorSi,,"1,19€/L","1,79€",https://cdn.intermarche.pt/pt/Content/images/boitmal/produit/zoom/4632298FDE484429AC32C6F7935B3A3E.jpg,,/product/lava-tudo-perfumado-cote-dazur-1.5-litros/5604260291274
51752,"Spray Anticalcário, 435 ml",8720181338472,10739,10090,,Cif,,"11,47€/L","4,99€",https://cdn.intermarche.pt/pt/Content/images/boitmal/produit/zoom/FF22546706D22C3443E3EA5025E29AD2.jpg,,/product/spray-anticalcario-435-ml/8720181338472
54344,"Lava Tudo Desinfetante Limão, 1.2L",3045206312226,10739,10090,,Sanytol,,"2,08€/L","2,49€",https://cdn.intermarche.pt/pt/Content/images/boitmal/produit/zoom/9B2DEE3DC72B220DB76D262960312A7E.jpg,,/product/lava-tudo-desinfetante-limao-1.2l/3045206312226
54546,"Lava Tudo Limão, 2L",8718951472068,10739,10090,,Ajax,,"2,50€/L","4,99€",https://cdn.intermarche.pt/pt/Content/images/boitmal/produit/zoom/830A6E2C34EF1338B6E18D5933BE5A86.jpg,,/product/lava-tudo-limao-2l/8718951472068
6476,"Lava Tudo Brilhante Universal, embalagem 1,1l",8410436242295,10739,10090,,Sonasol,,"2,54€/L","2,79€",https://cdn.intermarche.pt/pt/Content/images/boitmal/produit/zoom/D9029A6D2079E1FEC6711F790C7F6C82.jpg,,/product/lava-tudo-brilhante-universal-embalagem-11l/8410436242295
52379,"Lava Tudo Perfumado Limão Verde, embalagem de 1,3l",8720181407147,10739,10090,,Cif,,"1,53€/L","1,99€",https://cdn.intermarche.pt/pt/Content/images/boitmal/produit/zoom/24F3F034C4CF18441E3B37B8A37E135F.jpg,,/product/lava-tudo-perfumado-limao-verde-embalagem-de-13l/8720181407147
52381,"Lava Tudo Perfumado Lavanda, embalagem de 1,3l",8720181407154,10739,10090,,Cif,,"1,53€/L","1,99€",https://cdn.intermarche.pt/pt/Content/images/boitmal/produit/zoom/A81E6DD1EE934840EEF0519DC6E6E364.jpg,,/product/lava-tudo-perfumado-lavanda-embalagem-de-13l/8720181407154
48527,Lava tudo amoniacal sabão natural,5604260319619,10739,10090,2 litros,PorSi,,"0,65€/L","1,29€",https://cdn.intermarche.pt/pt/Content/images/boitmal/produit/zoom/2BBE1FA44C07804AD6BE424EA24C3A51.jpg,,/product/lava-tudo-amoniacal-sabao-natural/5604260319619
16492,"Limpa vidros pistola, tripla acção, embalagem de 500 ml",8718951037847,11410,10090,,Ajax,,"7,18€/L","3,59€",https://cdn.intermarche.pt/pt/Content/images/boitmal/produit/zoom/B2E06550937917C2E4B1E74DDD7CCA54.jpg,,/product/limpa-vidros-pistola-tripla-accao-embalagem-de-500-ml/8718951037847
17873,"Limpa vidros recarga tripla ação, 500 ml",8718951037885,11410,10090,,Ajax,,"5,98€/L","2,99€",https://cdn.intermarche.pt/pt/Content/images/boitmal/produit/zoom/42625D659AA36AA56C9B694404679879.jpg,,/product/limpa-vidros-recarga-tripla-acao-500-ml/8718951037885
16493,"Limpa vidros pistola, cristal, embalagem de 500 ml",8718951037939,11410,10090,,Ajax,,"7,18€/L","3,59€",https://cdn.intermarche.pt/pt/Content/images/boitmal/produit/zoom/E563EF990460546D67BF949773E0A516.jpg,,/product/limpa-vidros-pistola-cristal-embalagem-de-500-ml/8718951037939
46482,Spray para vidros,5604260314737,11410,10090,750 ml,PorSi,,"2,39€/L","1,79€",https://cdn.intermarche.pt/pt/Content/images/boitmal/produit/zoom/172528EFE93D8BC0D4AF57ADC9A3DF36.jpg,,/product/spray-para-vidros/5604260314737
16919,"Limpa vidros cristal recarga, 500 ml",8718951037878,11410,10090,,Ajax,,"5,98€/L","2,99€",https://cdn.intermarche.pt/pt/Content/images/boitmal/produit/zoom/1E01F43019F10371A21CF05D1BC242D7.jpg,,/product/limpa-vidros-cristal-recarga-500-ml/8718951037878
50956,"Spray limpa vidros gel, 750 ml",5604260324309,11410,10090,,PorSi,,"1,32€/L","0,99€",https://cdn.intermarche.pt/pt/Content/images/boitmal/produit/zoom/B5ECF854C244EDB074BF2B7476C91EC6.jpg,,/product/spray-limpa-vidros-gel-750-ml/5604260324309
49375,Spray limpa vidros,8718951474680,11410,10090,Embalagem de 500 ml,Ajax,,"7,18€/L","3,59€",https://cdn.intermarche.pt/pt/Content/images/boitmal/produit/zoom/FC56E0AFF70BCC410511F8A921E699A1.jpg,,/product/spray-limpa-vidros/8718951474680
43936,"Limpa vidros de recuperadores de calor, 500 ml",5604260301195,11410,10090,,PorSi,,"6,98€/L","3,49€",https://cdn.intermarche.pt/pt/Content/images/boitmal/produit/zoom/0B485193399E99A297BC9AFB779BCD0D.jpg,,/product/limpa-vidros-de-recuperadores-de-calor-500-ml/5604260301195
17900,"Lixívia Spray Mousse Flor, 700ml",8001480023277,11411,10090,,Neoblanc,,"3,70€/L","2,59€",https://cdn.intermarche.pt/pt/Content/images/boitmal/produit/zoom/FA98D871A88B2DCD779EA51368257E43.jpg,2024-09-25T22:59:59.999Z,/product/lixivia-spray-mousse-flor-700ml/8001480023277
17897,"Lixívia Spray Mousse, 700ml",8001480021440,11411,10090,,Neoblanc,,"3,70€/L","2,59€",https://cdn.intermarche.pt/pt/Content/images/boitmal/produit/zoom/D240E13A9CD399AA6872F4367C1BA10C.jpg,2024-09-25T22:59:59.999Z,/product/lixivia-spray-mousse-700ml/8001480021440
36657,"Spray lixívia e higiene, de 500 ml",5601217132673,11412,10090,,Cillitbang,,"4,98€/L","2,49€",https://cdn.intermarche.pt/pt/Content/images/boitmal/produit/zoom/B883369E3F8FD2106485DC8F041B61F8.jpg,2024-10-04T22:59:59.999Z,/product/spray-lixivia-e-higiene-de-500-ml/5601217132673
37046,"Spray calcário e sujidade, garrafa de 500 ml",5601217132666,11412,10090,,Cillitbang,,"4,98€/L","2,49€",https://cdn.intermarche.pt/pt/Content/images/boitmal/produit/zoom/986A2CBBC3226B9670AD657A52B7E90F.jpg,2024-10-04T22:59:59.999Z,/product/spray-calcario-e-sujidade-garrafa-de-500-ml/5601217132666
37045,"Spray bolor e sujidade, garrafa de 500 ml",5601217132659,11412,10090,,Cillitbang,,"4,98€/L","2,49€",https://cdn.intermarche.pt/pt/Content/images/boitmal/produit/zoom/2A51671BCEA4544BF377B06769DE1169.jpg,2024-10-04T22:59:59.999Z,/product/spray-bolor-e-sujidade-garrafa-de-500-ml/5601217132659
36658,"Spray tira gorduras, garrafa de 500 ml",5601217132680,11412,10090,,Cillitbang,,"4,98€/L","2,49€",https://cdn.intermarche.pt/pt/Content/images/boitmal/produit/zoom/7660AADAF7761EC831B6178C67240B97.jpg,2024-10-04T22:59:59.999Z,/product/spray-tira-gorduras-garrafa-de-500-ml/5601217132680
47436,"Toalhitas desinfetantes multiusos, 35 unidades",5604260316984,11412,10090,,PorSi,,"1,99€/Unidade","1,99€",https://cdn.intermarche.pt/pt/Content/images/boitmal/produit/zoom/7E2127C2BD3989379C18E7552475CBC6.jpg,,/product/toalhitas-desinfetantes-multiusos-35-unidades/5604260316984
42257,"Gel ativo com lixívia, embalagem de 1.5 l",5604260308026,11412,10090,,PorSi,,"0,86€/L","1,29€",https://cdn.intermarche.pt/pt/Content/images/boitmal/produit/zoom/6ACB4AB4E23B490F4AF8E3C16C444563.jpg,,/product/gel-ativo-com-lixivia-embalagem-de-1.5-l/5604260308026
47435,"Spray desinfetante multiusos, 750 ml",5604260316991,11412,10090,,PorSi,,"2,52€/L","1,89€",https://cdn.intermarche.pt/pt/Content/images/boitmal/produit/zoom/B0B80D3053C6D76D77A7527F2950F0DC.jpg,,/product/spray-desinfetante-multiusos-750-ml/5604260316991
46481,Spray multisuperfícies,5604260314799,11412,10090,750 ml,PorSi,,"2,12€/L","1,59€",https://cdn.intermarche.pt/pt/Content/images/boitmal/produit/zoom/68B05B54F1F082CB9A5B0620169B53B8.jpg,,/product/spray-multisuperficies/5604260314799
43081,"Creme de limpeza com lixívia, 750 ml",5604260308989,11412,10090,,PorSi,,"1,59€/L","1,19€",https://cdn.intermarche.pt/pt/Content/images/boitmal/produit/zoom/A707AC8C3350E9532F50D762BBD8F0C8.jpg,,/product/creme-de-limpeza-com-lixivia-750-ml/5604260308989
46871,"Toalhitas desinfetantes, 36 unidades",8411660000224,11412,10090,,Sanytol,,"3,99€/Unidade","3,99€",https://cdn.intermarche.pt/pt/Content/images/boitmal/produit/zoom/691009444FAA3A8250C3A01FC45C4352.jpg,,/product/toalhitas-desinfetantes-36-unidades/8411660000224
9677,"Multiusos perfumado, 1 litro",5604260269860,11412,10090,,PorSi,,"1,29€/L","1,29€",https://cdn.intermarche.pt/pt/Content/images/boitmal/produit/zoom/258C48CDD842A06AAB2DAB702A83C781.jpg,,/product/multiusos-perfumado-1-litro/5604260269860
7228,"Desentupidor gel turbo com lixívia, de 1L",3059940006433,11413,10090,,Destop,,"5,89€/L","5,89€",https://cdn.intermarche.pt/pt/Content/images/boitmal/produit/zoom/8C14AE453887D1E807DA8F84ACE754F1.jpg,,/product/desentupidor-gel-turbo-com-lixivia-de-1l/3059940006433
42598,Desentupidor em gel canos com soda,5604260308903,11413,10090,Embalagem de 1 litro,PorSi,,"1,79€/L","1,79€",https://cdn.intermarche.pt/pt/Content/images/boitmal/produit/zoom/AE04D59E862D3C448CC3480092FF8316.jpg,,/product/desentupidor-em-gel-canos-com-soda/5604260308903
45809,Desentupidor de canos,5604260316090,11413,10090,Embalagem de 1 litro,PorSi,,"3,29€/L","3,29€",https://cdn.intermarche.pt/pt/Content/images/boitmal/produit/zoom/32B22AB29E616DF0CC22CD485B825E02.jpg,,/product/desentupidor-de-canos/5604260316090
6580,"Desentupidor canos, 1 l",8412400193015,11413,10090,,Mr. Muscle,,"7,99€/L","7,99€",https://cdn.intermarche.pt/pt/Content/images/boitmal/produit/zoom/533C19EF1CE101916198B272361DCC83.jpg,,/product/desentupidor-canos-1-l/8412400193015
40557,Desentupidor de fole com cabo,5604260295845,11413,10090,1 unidade,PorSi,,"1,99€/Unidade","1,99€",https://cdn.intermarche.pt/pt/Content/images/boitmal/produit/zoom/1DF115C99657164A9A0AD8999295539F.jpg,,/product/desentupidor-de-fole-com-cabo/5604260295845
27695,"Limpa Móveis, 300ml",5604260278060,11414,10090,,PorSi,,"4,97€/L","1,49€",https://cdn.intermarche.pt/pt/Content/images/boitmal/produit/zoom/8B013C3FCB2F8EBF6EDA9930E9F88D33.jpg,,/product/limpa-moveis-300ml/5604260278060
37872,"Limpa móveis cera abelhas, frasco de 300ml",5604260296552,11414,10090,,PorSi,,"6,63€/L","1,99€",https://cdn.intermarche.pt/pt/Content/images/boitmal/produit/zoom/E6C7A546A5BC5951C003680B76F7E7B8.jpg,,/product/limpa-moveis-cera-abelhas-frasco-de-300ml/5604260296552
47691,"Óleo cedro líquido, garrafa de 250 ml",5000204827712,11414,10090,,Pronto,,"14,76€/L","3,69€",https://cdn.intermarche.pt/pt/Content/images/boitmal/produit/zoom/47BAF594AA59875AAC390151097D7C14.jpg,,/product/oleo-cedro-liquido-garrafa-de-250-ml/5000204827712
47692,"Limpa Moveis Revitaliza, 300 ml",5000204011081,11414,10090,,Pronto,,"15,97€/L","4,79€",https://cdn.intermarche.pt/pt/Content/images/boitmal/produit/zoom/2F9B8F179B5A5EB4367520FA44481D36.jpg,,/product/limpa-moveis-revitaliza-300-ml/5000204011081
4997,"Óleo cedro spray, 250 ml",5601021007556,11414,10090,,Pronto,,"19,16€/L","4,79€",https://cdn.intermarche.pt/pt/Content/images/boitmal/produit/zoom/EAC5AC8BF944A8EACB4E5CE1B2F01504.jpg,,/product/oleo-cedro-spray-250-ml/5601021007556
53349,"Limpa Móveis, 250ml",5000204314595,11414,10090,,Pronto,,"19,16€/L","4,79€",https://cdn.intermarche.pt/pt/Content/images/boitmal/produit/zoom/1D217222CE95C7E20C669A2882D0AEE6.jpg,,/product/limpa-moveis-250ml/5000204314595
6475,"Lava Tudo Brilhante Madeira, embalagem 1,1l",8410436242264,11414,10090,,Sonasol,,"2,54€/L","2,79€",https://cdn.intermarche.pt/pt/Content/images/boitmal/produit/zoom/4804207F489281D6AC8C3987D7C802CA.jpg,,/product/lava-tudo-brilhante-madeira-embalagem-11l/8410436242264
23525,"Limpa móveis pistola, aloé vera, 500 ml",5000204711936,11414,10090,,Pronto,,"9,98€/L","4,99€",https://cdn.intermarche.pt/pt/Content/images/boitmal/produit/zoom/D6AA1F29F4B8F2FB31BDEADB98BEB295.jpg,,/product/limpa-moveis-pistola-aloe-vera-500-ml/5000204711936
21665,"Óleo Cedro Líquido, 200 ml",5604260278077,11414,10090,,PorSi,,"6,95€/L","1,39€",https://cdn.intermarche.pt/pt/Content/images/boitmal/produit/zoom/E537716EAC1869D9F91179CCE53F9066.jpg,,/product/oleo-cedro-liquido-200-ml/5604260278077
44323,"Limpa madeiras ecológico, 1.5L",5604260312733,11414,10090,,PorSi,,"1,53€/L","2,29€",https://cdn.intermarche.pt/pt/Content/images/boitmal/produit/zoom/2BAD87A5E1815C5AD7125DC6F90734CF.jpg,,/product/limpa-madeiras-ecologico-1.5l/5604260312733
25837,"Óleo Cedro Spray, 250 ml",5604260278053,11414,10090,,PorSi,,"6,36€/L","1,59€",https://cdn.intermarche.pt/pt/Content/images/boitmal/produit/zoom/F5E21410546B1D40C5978A109A6D6F0C.jpg,,/product/oleo-cedro-spray-250-ml/5604260278053
46296,"Limpa madeiras com sabão, 1.5L",5604260316007,11414,10090,,PorSi,,"1,33€/L","1,99€",https://cdn.intermarche.pt/pt/Content/images/boitmal/produit/zoom/195A3F1C296347D16900580C17DFCCD9.jpg,,/product/limpa-madeiras-com-sabao-1.5l/5604260316007
46494,Cera acrílica para madeira,5604260315970,11414,10090,750 ml,PorSi,,"3,45€/L","2,59€",https://cdn.intermarche.pt/pt/Content/images/boitmal/produit/zoom/A6CC5C26C61C796B8893B51C9C7633AA.jpg,,/product/cera-acrilica-para-madeira/5604260315970
6579,"Limpador, 750 ml",8412400109313,11414,10090,,Pronto,,"5,99€/L","4,49€",https://cdn.intermarche.pt/pt/Content/images/boitmal/produit/zoom/E0335F38A42B15C7B5456D417C903FF4.jpg,,/product/limpador-750-ml/8412400109313
3497,Reparador de móveis escuro,0000084124326,11414,10090,Embalagem de 100 ml,Pronto,,"54,90€/L","5,49€",https://cdn.intermarche.pt/pt/Content/images/boitmal/produit/zoom/D69B33990891106EF66B7556A9C6AABD.jpg,,/product/reparador-de-moveis-escuro/0000084124326
53350,"Limpa Móveis Lavanda, 250ml",5000204307856,11414,10090,,Pronto,,"19,16€/L","4,79€",https://cdn.intermarche.pt/pt/Content/images/boitmal/produit/zoom/E1C68282AB335F96CCA4EC866E860200.jpg,,/product/limpa-moveis-lavanda-250ml/5000204307856
8805,Óleo de cedro em frasco,5601149042323,11414,10090,250 ml,Splendor,,"13,16€/L","3,29€",https://cdn.intermarche.pt/pt/Content/images/boitmal/produit/zoom/1F605DDC672571203EB8214B12A48E19.jpg,,/product/oleo-de-cedro-em-frasco/5601149042323
16115,"Reparador de móveis normal, 200 ml",5604260277421,11414,10090,,PorSi,,"9,95€/L","1,99€",https://cdn.intermarche.pt/pt/Content/images/boitmal/produit/zoom/5C162AB85F45672E7D6656F205A8F62D.jpg,,/product/reparador-de-moveis-normal-200-ml/5604260277421
16116,Reparador de móveis escuro,5604260277438,11414,10090,Embalagem de 200 ml,PorSi,,"9,95€/L","1,99€",https://cdn.intermarche.pt/pt/Content/images/boitmal/produit/zoom/081392625F3B51779C3A3200A5EFA1E3.jpg,,/product/reparador-de-moveis-escuro/5604260277438
40729,"Limpa móveis multissuperfícies, frasco de 300ml",5604260296569,11414,10090,,PorSi,,"6,63€/L","1,99€",https://cdn.intermarche.pt/pt/Content/images/boitmal/produit/zoom/1FE59916ECDB310A6149D1DE5160D292.jpg,,/product/limpa-moveis-multissuperficies-frasco-de-300ml/5604260296569
47774,"Cera liquida lava encera, garrafa de 750 ml",5604260315994,11414,10090,,PorSi,,"2,39€/L","1,79€",https://cdn.intermarche.pt/pt/Content/images/boitmal/produit/zoom/693F16A8B8689CF79908E16C4D777DB2.jpg,,/product/cera-liquida-lava-encera-garrafa-de-750-ml/5604260315994
47952,"Reparador de móveis normal, 100 ml",5000204832037,11414,10090,,Pronto,,"54,90€/L","5,49€",https://cdn.intermarche.pt/pt/Content/images/boitmal/produit/zoom/53AECB54C4C37292319929224A3393DC.jpg,,/product/reparador-de-moveis-normal-100-ml/5000204832037
53351,"Limpa Móveis Multisuperficies Lima, 250ml",5000204307917,11414,10090,,Pronto,,"19,16€/L","4,79€",https://cdn.intermarche.pt/pt/Content/images/boitmal/produit/zoom/B06EC350A90207B9F1FEF347380C3207.jpg,,/product/limpa-moveis-multisuperficies-lima-250ml/5000204307917
53707,"Restaurador Chão Envernizado Madeiras Médias/Escuras, 500ml",5601149042309,11414,10090,,Splendor,,"10,58€/L","5,29€",https://cdn.intermarche.pt/pt/Content/images/boitmal/produit/zoom/9E63FA69B6543C74E57050D226AD9BD1.jpg,,/product/restaurador-chao-envernizado-madeiras-medias-ou-escuras-500ml/5601149042309
6578,"Limpa móveis cera de abelha, 300 ml",5601149042347,11414,10090,,Pronto,,"10,63€/L","3,19€",https://cdn.intermarche.pt/pt/Content/images/boitmal/produit/zoom/DD62E5A6FD6E39C6A188F23D2938B22C.jpg,,/product/limpa-moveis-cera-de-abelha-300-ml/5601149042347
33501,"Óleo de cedro, 360 ml",5600258596826,11414,10090,,Mistolin,,"9,69€/L","3,49€",https://cdn.intermarche.pt/pt/Content/images/boitmal/produit/zoom/276DA127DA01E01CEF1400977F47C27A.jpg,,/product/oleo-de-cedro-360-ml/5600258596826
46969,Spray Móveis Express,5600356070143,11414,10090,Garrafa de 750 ml,Mistolin,,"5,32€/L","3,99€",https://cdn.intermarche.pt/pt/Content/images/boitmal/produit/zoom/1D1C477880F464E443C4D2374B06FFCF.jpg,,/product/spray-moveis-express/5600356070143
51403,"Vinagre de limpeza, 1 litrp",5604260325689,11415,10090,,PorSi,,"0,95€/L","0,95€",https://cdn.intermarche.pt/pt/Content/images/boitmal/produit/zoom/D97716AE40F4384225AEA397971D7BFD.jpg,2024-10-04T22:59:59.999Z,/product/vinagre-de-limpeza-1-litrp/5604260325689
46623,Álcool de limpeza superfícies,5604260316960,11415,10090,,PorSi,,"4,63€/L","1,39€",https://cdn.intermarche.pt/pt/Content/images/boitmal/produit/zoom/AC8FC4DD0D085B582185DB572798E207.jpg,,/product/alcool-de-limpeza-superficies/5604260316960
37973,"Bicarbonato de sódio, embalagem de 500g",5604260309252,11415,10090,,PorSi,,"4,18€/Kg","2,09€",https://cdn.intermarche.pt/pt/Content/images/boitmal/produit/zoom/9D53CBA2DFCADD0CDC7E91E2F09E6C4A.jpg,,/product/bicarbonato-de-sodio-embalagem-de-500g/5604260309252
46483,Spray antibacteriano,5604260314744,11415,10090,750 ml,PorSi,,"2,65€/L","1,99€",https://cdn.intermarche.pt/pt/Content/images/boitmal/produit/zoom/94B56427FA30DF7BACCDDC0D63635ACF.jpg,,/product/spray-antibacteriano/5604260314744
34427,"Removedor de bolores e fungos, 500 ml",4026700435405,11415,10090,,Uhu,,"10,58€/L","5,29€",https://cdn.intermarche.pt/pt/Content/images/boitmal/produit/zoom/215BAC6227E3E39BA9DCCA21484776F3.jpg,,/product/removedor-de-bolores-e-fungos-500-ml/4026700435405
29366,"Spray fornos e grelhadores, 435 ml",8710447376133,11415,10090,,Cif,,"10,09€/L","4,39€",https://cdn.intermarche.pt/pt/Content/images/boitmal/produit/zoom/0983FC0F3C1B5D9C271D56B3C7E3A30E.jpg,,/product/spray-fornos-e-grelhadores-435-ml/8710447376133
43940,Spray limpa inox,5604260312511,11415,10090,Embalagem de 500 ml,PorSi,,"3,58€/L","1,79€",https://cdn.intermarche.pt/pt/Content/images/boitmal/produit/zoom/54A1912E28D329F6E44214C06EB9789F.jpg,,/product/spray-limpa-inox/5604260312511
46480,"Spray desengordurante cozinha, 750 ml",5604260314775,11415,10090,,PorSi,,"2,39€/L","1,79€",https://cdn.intermarche.pt/pt/Content/images/boitmal/produit/zoom/C1C0B39F144603A188D20A10FE88A0A2.jpg,,/product/spray-desengordurante-cozinha-750-ml/5604260314775
42123,"Limpa carpetes, 1 litro",5604260308088,11415,10090,,PorSi,,"2,29€/L","2,29€",https://cdn.intermarche.pt/pt/Content/images/boitmal/produit/zoom/36194E6C4B3CFBB29AAD1E8D8BFCCCD4.jpg,,/product/limpa-carpetes-1-litro/5604260308088
31804,"Cera líquida castanha, 500 ml",5601149042170,11415,10090,,Splendor,,"15,98€/L","7,99€",https://cdn.intermarche.pt/pt/Content/images/boitmal/produit/zoom/541D331BA3A8819EF7AC33E026AB89C5.jpg,,/product/cera-liquida-castanha-500-ml/5601149042170
46479,Spray humidade e sujidade,5604260314751,11415,10090,500 ml,PorSi,,"3,58€/L","1,79€",https://cdn.intermarche.pt/pt/Content/images/boitmal/produit/zoom/A6194A90E854C7FA8CC1054141E77355.jpg,,/product/spray-humidade-e-sujidade/5604260314751
4866,"Limpa alcatifa mousse activa, 600 ml",5410036145227,11415,10090,,Vanish,,"13,32€/L","7,99€",https://cdn.intermarche.pt/pt/Content/images/boitmal/produit/zoom/6B42A0A772D4437C045F6C626D5741EA.jpg,,/product/limpa-alcatifa-mousse-activa-600-ml/5410036145227
48821,"Cera para madeira amarela, embalagem de 250 ml",5601149042149,11415,10090,,Splendor,,"19,96€/L","4,99€",https://cdn.intermarche.pt/pt/Content/images/boitmal/produit/zoom/0D5730790E0098CF55D39A2523960480.jpg,,/product/cera-para-madeira-amarela-embalagem-de-250-ml/5601149042149
4990,"Algodão limpa metais, 75 g",5601014015018,11415,10090,,Duraglit,,"93,20€/Kg","6,99€",https://cdn.intermarche.pt/pt/Content/images/boitmal/produit/zoom/2F7F448D96CCE37917008B4DCF933B1A.jpg,,/product/algodao-limpa-metais-75-g/5601014015018
20213,"Spray vitrocerâmica/indução, 500 ml",5604260312528,11415,10090,,PorSi,,"3,98€/L","1,99€",https://cdn.intermarche.pt/pt/Content/images/boitmal/produit/zoom/5AFC2B34227F08D45B9AD3E18CCF8262.jpg,,/product/spray-vitroceramica-ou-inducao-500-ml/5604260312528
31913,Mistolin tira gorduras desinfetante,5600258596628,11415,10090,Garrafa de 550 ml,Mistolin,,"5,44€/L","2,99€",https://cdn.intermarche.pt/pt/Content/images/boitmal/produit/zoom/15373C260887AFC52B383955A8F63486.jpg,,/product/mistolin-tira-gorduras-desinfetante/5600258596628
32397,"Champô 3 em 1 karpex, 950 ml",5601217131324,11415,10090,,Vanish,,"8,41€/L","7,99€",https://cdn.intermarche.pt/pt/Content/images/boitmal/produit/zoom/4D0785053B541642B715AA050E8544F1.jpg,,/product/champo-3-em-1-karpex-950-ml/5601217131324
41939,"Mistolin advanced anticalcário, de 500 ml",5600356070181,11415,10090,,Mistolin,,"9,38€/L","4,69€",https://cdn.intermarche.pt/pt/Content/images/boitmal/produit/zoom/5737D692BC72A462F0B709F3DD918CE5.jpg,,/product/mistolin-advanced-anticalcario-de-500-ml/5600356070181
41940,Mistolin advanced lixívia,5600356070211,11415,10090,Garrafa de 500 ml,Mistolin,,"7,98€/L","3,99€",https://cdn.intermarche.pt/pt/Content/images/boitmal/produit/zoom/1676D81294BFBAA590813B52CAE387E0.jpg,,/product/mistolin-advanced-lixivia/5600356070211
44610,"Creme de limpeza ecológico, 750 ml",5604260312702,11415,10090,,PorSi,,"1,99€/L","1,49€",https://cdn.intermarche.pt/pt/Content/images/boitmal/produit/zoom/4459A51FB000C5E21146639E4DE41BEF.jpg,,/product/creme-de-limpeza-ecologico-750-ml/5604260312702
46294,"Cera acrílica pavimento vermelho, 750 ml",5604260315963,11415,10090,,PorSi,,"3,72€/L","2,79€",https://cdn.intermarche.pt/pt/Content/images/boitmal/produit/zoom/01B0DEA29F32679EF7AACDF5E17F4A46.jpg,,/product/cera-acrilica-pavimento-vermelho-750-ml/5604260315963
46295,"Cera acrílica pavimento cerâmica, 750 ml",5604260315987,11415,10090,,PorSi,,"3,72€/L","2,79€",https://cdn.intermarche.pt/pt/Content/images/boitmal/produit/zoom/FCF0E18B08155611A9353FFAA0E20238.jpg,,/product/cera-acrilica-pavimento-ceramica-750-ml/5604260315987
47775,"Limpa superficies delicadas, garrafa de 750 ml",5604260316014,11415,10090,,PorSi,,"1,59€/L","1,19€",https://cdn.intermarche.pt/pt/Content/images/boitmal/produit/zoom/20EF3282E0F752B161623A227003D705.jpg,,/product/limpa-superficies-delicadas-garrafa-de-750-ml/5604260316014
4991,"Algodão limpa pratas, 75 g",5601014015025,11415,10090,,Duraglit,,"93,20€/Kg","6,99€",https://cdn.intermarche.pt/pt/Content/images/boitmal/produit/zoom/54495FCB9B8D2802E04603570628956C.jpg,,/product/algodao-limpa-pratas-75-g/5601014015025
51758,Cera acrílica tijoleiras,5601149042200,11415,10090,Embalagem de 500 ml,Splendor,,"11,98€/L","5,99€",https://cdn.intermarche.pt/pt/Content/images/boitmal/produit/zoom/41778A0269B51BEA94EFEB2814106B48.jpg,,/product/cera-acrilica-tijoleiras/5601149042200
48135,Cera acrílica para madeira,5601149042194,11415,10090,Embalagem de 500 ml,Splendor,,"11,98€/L","5,99€",https://cdn.intermarche.pt/pt/Content/images/boitmal/produit/zoom/DEE347023FBF8B1FDA404DB8607BAF2A.jpg,,/product/cera-acrilica-para-madeira/5601149042194
46781,"Espanador limpa pó, 1 cabo + 5 recargas",8001841934877,11793,10090,,Swiffer,,"3,59€/Unidade","3,59€",https://cdn.intermarche.pt/pt/Content/images/boitmal/produit/zoom/06C2A99A58815069DC93220EC051CD5C.jpg,2024-09-25T22:59:59.999Z,/product/espanador-limpa-po-1-cabo-+-5-recargas/8001841934877
4935,"Panos agarra pó, 20 recargas, 20 unidades",5413149049550,11793,10090,,Swiffer,,"3,59€/Unidade","3,59€",https://cdn.intermarche.pt/pt/Content/images/boitmal/produit/zoom/175F83E11D9B5936AD6A6554D1BAEAE4.jpg,2024-09-25T22:59:59.999Z,/product/panos-agarra-po-20-recargas-20-unidades/5413149049550
41842,"Recarga Panos Húmidos, 12 unidades",8001841542867,11793,10090,,Swiffer,,"3,59€/Unidade","3,59€",https://cdn.intermarche.pt/pt/Content/images/boitmal/produit/zoom/797CEC9BB93248D17392B72DE5D08112.jpg,2024-09-25T22:59:59.999Z,/product/recarga-panos-humidos-12-unidades/8001841542867
47489,"Mopa, kit duplo 8 panos + 3 húmidos",8001090630612,11793,10090,,Swiffer,,"11,99€/Unidade","11,99€",https://cdn.intermarche.pt/pt/Content/images/boitmal/produit/zoom/B990DD67F8010BEFEDEEB5A1DC27B198.jpg,2024-09-25T22:59:59.999Z,/product/mopa-kit-duplo-8-panos-+-3-humidos/8001090630612
30897,"Recarga Panos para Madeira, 18 unidades",5413149232754,11793,10090,,Swiffer,,"3,59€/Unidade","3,59€",https://cdn.intermarche.pt/pt/Content/images/boitmal/produit/zoom/F1E146A3DAED632CD5DB3FBF01121F93.jpg,2024-09-25T22:59:59.999Z,/product/recarga-panos-para-madeira-18-unidades/5413149232754
10195,"Pano Suave com Microfibras, 2 + 1 un. grátis",8410435207578,11793,10090,,Vileda,,"1,99€/Unidade","1,99€",https://cdn.intermarche.pt/pt/Content/images/boitmal/produit/zoom/01F159127F5A1D6E8DC0AE50350BF49F.jpg,,/product/pano-suave-com-microfibras-2-+-1-un.-gratis/8410435207578
3166,"Pano Microfibras Colors XL, embalagem com 4 un.",4023103147232,11793,10090,,Vileda,,"4,99€/Unidade","4,99€",https://cdn.intermarche.pt/pt/Content/images/boitmal/produit/zoom/8F996F70D1B26D3D988CD8AEB03D390D.jpg,,/product/pano-microfibras-colors-xl-embalagem-com-4-un./4023103147232
36722,"Esponja mágica tira manchas e riscos, 2 unidades",5604260290642,11793,10090,,PorSi,,"1,35€/Unidade","1,35€",https://cdn.intermarche.pt/pt/Content/images/boitmal/produit/zoom/8DE2FE1701B43B9C8EA82C0FDA62C4DA.jpg,,/product/esponja-magica-tira-manchas-e-riscos-2-unidades/5604260290642
40539,Escova lava loiça,5604260282739,11793,10090,1 unidade,PorSi,,"0,89€/Unidade","0,89€",https://cdn.intermarche.pt/pt/Content/images/boitmal/produit/zoom/CCF71D8B3B93308C1C03BED3367B75D9.jpg,,/product/escova-lava-loica/5604260282739
45692,Kit mopa + 20 recargas,5604260313068,11793,10090,,PorSi,,"6,99€/Unidade","6,99€",https://cdn.intermarche.pt/pt/Content/images/boitmal/produit/zoom/7744C686FEBA13F63F490AEE101F2CDF.jpg,,/product/kit-mopa-+-20-recargas/5604260313068
48897,"Pano microfibras multiusos, embalagem de 1 unidades",5604260312924,11793,10090,,PorSi,,"1,39€/Unidade","1,39€",https://cdn.intermarche.pt/pt/Content/images/boitmal/produit/zoom/DC93A7979F17F9243CE99A730D3D7912.jpg,,/product/pano-microfibras-multiusos-embalagem-de-1-unidades/5604260312924
48898,"Pano microfibras pó, embalagem de 1 unidades",5604260312931,11793,10090,,PorSi,,"1,15€/Unidade","1,15€",https://cdn.intermarche.pt/pt/Content/images/boitmal/produit/zoom/9D315A02289D0635865A4DA69700BB88.jpg,,/product/pano-microfibras-po-embalagem-de-1-unidades/5604260312931
48899,"Pano microfibras cozinha, embalagem de 1 unidades",5604260312948,11793,10090,,PorSi,,"1,39€/Unidade","1,39€",https://cdn.intermarche.pt/pt/Content/images/boitmal/produit/zoom/982FACCFFBBBA97650BCF926F90AF824.jpg,,/product/pano-microfibras-cozinha-embalagem-de-1-unidades/5604260312948
54316,"Esfregão com Esponja Azul, 3un.",4064035151324,11793,10090,,Scotch Brite,,"1,99€/Unidade","1,99€",https://cdn.intermarche.pt/pt/Content/images/boitmal/produit/zoom/C8E236D2D1E21D63F04A9BE70E3D6827.jpg,,/product/esfregao-com-esponja-azul-3un./4064035151324
48896,Esfregão vegetal verde,5604260312900,11793,10090,,PorSi,,"0,89€/Unidade","0,89€",https://cdn.intermarche.pt/pt/Content/images/boitmal/produit/zoom/AFA45876C89BDA6CFC1F57D79F3215BE.jpg,,/product/esfregao-vegetal-verde/5604260312900
6278,"Esfregão com Esponja Salva Unhas Fibra Verde Gama Classic, 2 unidades",8410001103877,11793,10090,,Scotch Brite,,"1,99€/Unidade","1,99€",https://cdn.intermarche.pt/pt/Content/images/boitmal/produit/zoom/E718E77E4D972A0ADC7B7B914A9452B5.jpg,,/product/esfregao-com-esponja-salva-unhas-fibra-verde-gama-classic-2-unidades/8410001103877
9666,"Pano suave multiusos 6un, embalagem de 6 unidades",5604260269556,11793,10090,,PorSi,,"0,99€/Unidade","0,99€",https://cdn.intermarche.pt/pt/Content/images/boitmal/produit/zoom/643ED611DF834E6B8B35632A71710CFF.jpg,,/product/pano-suave-multiusos-6un-embalagem-de-6-unidades/5604260269556
48190,"Esponja salvaunhas cozinha, 3 unidades",5604260323760,11793,10090,,PorSi,,"0,49€/Unidade","0,49€",https://cdn.intermarche.pt/pt/Content/images/boitmal/produit/zoom/6DC60B85D7EB298F31E83023C3188F66.jpg,,/product/esponja-salvaunhas-cozinha-3-unidades/5604260323760
5172,"Esfregão, 6 unidades",5601123103002,11793,10090,,Bravo,,"1,29€/Unidade","1,29€",https://cdn.intermarche.pt/pt/Content/images/boitmal/produit/zoom/9B2BF94B4DD634E879E24E602310536B.jpg,,/product/esfregao-6-unidades/5601123103002
5178,Esfregão de inox,5601123907112,11793,10090,,Bravo,,"1,49€/Unidade","1,49€",https://cdn.intermarche.pt/pt/Content/images/boitmal/produit/zoom/1CAE8B387B03A8A45B23E8075858E050.jpg,,/product/esfregao-de-inox/5601123907112
27763,"Esfregão Ultra Fresh, embalagem de 2 + 1 grátis",4023103201682,11793,10090,,Vileda,,"1,99€/Unidade","1,99€",https://cdn.intermarche.pt/pt/Content/images/boitmal/produit/zoom/309045F4599DDCDAA04D9C3A77399045.jpg,,/product/esfregao-ultra-fresh-embalagem-de-2-+-1-gratis/4023103201682
46850,"Luvas multiusos relevo antiderrapante, tamanho pequeno",5604260304479,11793,10090,,PorSi,,"0,69€/Unidade","0,69€",https://cdn.intermarche.pt/pt/Content/images/boitmal/produit/zoom/9222E1B9D6AB62CFD653DDD88B1E7E02.jpg,,/product/luvas-multiusos-relevo-antiderrapante-tamanho-pequeno/5604260304479
2978,"Luvas multiusos relevo antiderrapante, tamanho médio",5604260304486,11793,10090,,PorSi,,"0,69€/Unidade","0,69€",https://cdn.intermarche.pt/pt/Content/images/boitmal/produit/zoom/0B19BD659EC8BD6849AC60254982A05B.jpg,,/product/luvas-multiusos-relevo-antiderrapante-tamanho-medio/5604260304486
6277,Pano amarelo Multiusos,8410001103754,11793,10090,Embalagem de 1 unidades,Scotch Brite,,"1,49€/Unidade","1,49€",https://cdn.intermarche.pt/pt/Content/images/boitmal/produit/zoom/4EDC51C03E14CCEABAB0D6C2E4C33CFE.jpg,,/product/pano-amarelo-multiusos/8410001103754
17474,Esfregão esponja rainbow,4023103096264,11793,10090,10 unidades,Vileda,,"1,99€/Unidade","1,99€",https://cdn.intermarche.pt/pt/Content/images/boitmal/produit/zoom/C32C0A47A747CCC9AAF5347F9E1653D5.jpg,,/product/esfregao-esponja-rainbow/4023103096264
40540,Escova para unhas com pegas,5604260285129,11793,10090,1 unidade,PorSi,,"0,99€/Unidade","0,99€",https://cdn.intermarche.pt/pt/Content/images/boitmal/produit/zoom/C51400D228A3213B3BAA92D68B3F9937.jpg,,/product/escova-para-unhas-com-pegas/5604260285129
45808,"Toalhitas multissuperfícies vitrocerâmica e indução, 30 unidades",5604260314355,11793,10090,,PorSi,,"1,59€/Unidade","1,59€",https://cdn.intermarche.pt/pt/Content/images/boitmal/produit/zoom/93BE506016544EC827CF491D06538DD4.jpg,,/product/toalhitas-multissuperficies-vitroceramica-e-inducao-30-unidades/5604260314355
48919,Esfregão fibra verde 12x16 cm,5604260323418,11793,10090,,PorSi,,"0,99€/Unidade","0,99€",https://cdn.intermarche.pt/pt/Content/images/boitmal/produit/zoom/B4AB3BAA0DC972E872999EFE234A8DDF.jpg,,/product/esfregao-fibra-verde-12x16-cm/5604260323418
51723,"Luvas Descartáveis Latex Tamahno M, 10 unidades",5604260304455,11793,10090,,PorSi,,"0,79€/Unidade","0,79€",https://cdn.intermarche.pt/pt/Content/images/boitmal/produit/zoom/4BD06559B69F9F175D3C83C887C443B1.jpg,,/product/luvas-descartaveis-latex-tamahno-m-10-unidades/5604260304455
6281,"Esfregão com Esponja Salva Unhas Ergonómico, 2 unidades",8410001109978,11793,10090,,Scotch Brite,,"2,29€/Unidade","2,29€",https://cdn.intermarche.pt/pt/Content/images/boitmal/produit/zoom/2076CCC0263B6D97BDC4294E93C7B20E.jpg,,/product/esfregao-com-esponja-salva-unhas-ergonomico-2-unidades/8410001109978
15756,Esfregão Salva Unhas Fibra verde Plus,4023103134133,11793,10090,Embalagem com 1+1 grátis,Vileda,,"1,99€/Unidade","1,99€",https://cdn.intermarche.pt/pt/Content/images/boitmal/produit/zoom/6FB1B9EC31CDCBAF4CD0387FC315310C.jpg,,/product/esfregao-salva-unhas-fibra-verde-plus/4023103134133
2973,"Luvas Descartáveis Latex Tamanho L, 10 unidades",5604260304462,11793,10090,,PorSi,,"0,79€/Unidade","0,79€",https://cdn.intermarche.pt/pt/Content/images/boitmal/produit/zoom/FDEBA4F18B5D09491B508924EEF47C75.jpg,,/product/luvas-descartaveis-latex-tamanho-l-10-unidades/5604260304462
38287,Pano multiusos felpo,5604260285181,11793,10090,,PorSi,,"1,29€/Unidade","1,29€",https://cdn.intermarche.pt/pt/Content/images/boitmal/produit/zoom/63F699E7FCDB5FABD59AF5354E50F4D6.jpg,,/product/pano-multiusos-felpo/5604260285181
40639,Pano limpa pó de flanela,5604260285198,11793,10090,,PorSi,,"0,89€/Unidade","0,89€",https://cdn.intermarche.pt/pt/Content/images/boitmal/produit/zoom/5F146FE0F4B22799ED6F02240CA59097.jpg,,/product/pano-limpa-po-de-flanela/5604260285198
44389,Esfregão com Esponja Fibra Verde Gama Classic,8410001134925,11793,10090,,Scotch Brite,,"1,19€/Unidade","1,19€",https://cdn.intermarche.pt/pt/Content/images/boitmal/produit/zoom/4B6C5529FF177F3DF11EAD6B51EEDBFA.jpg,,/product/esfregao-com-esponja-fibra-verde-gama-classic/8410001134925
49883,"Esfregão aço inox, 4 unidades",5604260324774,11793,10090,,PorSi,,"0,89€/Unidade","0,89€",https://cdn.intermarche.pt/pt/Content/images/boitmal/produit/zoom/64FE5C9121D3C6A78F70269A0E9E17DE.jpg,,/product/esfregao-aco-inox-4-unidades/5604260324774
51722,"Luvas Descartáveis Latex Tamahno S, 10 unidades",5604260304448,11793,10090,,PorSi,,"0,79€/Unidade","0,79€",https://cdn.intermarche.pt/pt/Content/images/boitmal/produit/zoom/5465C0B34F05252C7B9F369AA9A3B1BA.jpg,,/product/luvas-descartaveis-latex-tamahno-s-10-unidades/5604260304448
52159,"Esponja Cozinha Fibra Verde, 3 unidades",5604260327645,11793,10090,,PorSi,,"0,59€/Unidade","0,59€",https://cdn.intermarche.pt/pt/Content/images/boitmal/produit/zoom/52E56B25250413CB3991711D18A8598E.jpg,,/product/esponja-cozinha-fibra-verde-3-unidades/5604260327645
19084,Luvas Comfort Extra S/M,4023103083707,11793,10090,1 unidade,Vileda,,"2,99€/Unidade","2,99€",https://cdn.intermarche.pt/pt/Content/images/boitmal/produit/zoom/28C553D55E3B6000DD922FDF35A67B76.jpg,,/product/luvas-comfort-extra-s-ou-m/4023103083707
46851,"Luvas multiusos relevo antiderrapante, tamanho grande",5604260304493,11793,10090,,PorSi,,"0,69€/Unidade","0,69€",https://cdn.intermarche.pt/pt/Content/images/boitmal/produit/zoom/C0C5079E46BC6F670069E324743F6B12.jpg,,/product/luvas-multiusos-relevo-antiderrapante-tamanho-grande/5604260304493
52849,Mopa Flip Mop de Microfibras,4023103241367,11794,10090,,Vileda,,"15,99€/Unidade","15,99€",https://cdn.intermarche.pt/pt/Content/images/boitmal/produit/zoom/3DD34D8DAB9E9A02C2A4D6FC25DDBC6E.jpg,2024-09-25T22:59:59.999Z,/product/mopa-flip-mop-de-microfibras/4023103241367
46272,Recarga mopa flip microfibras,4023103216273,11794,10090,,Vileda,,"7,59€/Unidade","7,59€",https://cdn.intermarche.pt/pt/Content/images/boitmal/produit/zoom/D07C71987857C3BD0D6450757EB96B3B.jpg,2024-09-25T22:59:59.999Z,/product/recarga-mopa-flip-microfibras/4023103216273
53553,"Recarga Espanador, 10 unidades",8001841935027,11794,10090,,Swiffer,,"5,99€/Unidade","5,99€",https://cdn.intermarche.pt/pt/Content/images/boitmal/produit/zoom/49BB4817AF75915F1F43861C1563DAE7.jpg,2024-09-25T22:59:59.999Z,/product/recarga-espanador-10-unidades/8001841935027
37754,Recarga Esfregona de Microfibras,5604260285143,11794,10090,1 unidade,PorSi,,"1,59€/Unidade","1,59€",https://cdn.intermarche.pt/pt/Content/images/boitmal/produit/zoom/6DA5E95239CFF977026C08967687E7CA.jpg,,/product/recarga-esfregona-de-microfibras/5604260285143
19454,Recarga Esfregona de Algodão,5604260275885,11794,10090,1 unidade,PorSi,,"0,99€/Unidade","0,99€",https://cdn.intermarche.pt/pt/Content/images/boitmal/produit/zoom/D144575F9E421AACF96249BBCE7EBDEB.jpg,,/product/recarga-esfregona-de-algodao/5604260275885
45048,Recarga mopa,5604260313075,11794,10090,,PorSi,,"1,39€/Unidade","1,39€",https://cdn.intermarche.pt/pt/Content/images/boitmal/produit/zoom/60B69CD3F957EEC1B69038EE0083467F.jpg,,/product/recarga-mopa/5604260313075
6422,Recarga para Esfregona Super,8410435011007,11794,10090,,Vileda,,"2,99€/Unidade","2,99€",https://cdn.intermarche.pt/pt/Content/images/boitmal/produit/zoom/BB5EE232B6CCC0C969215AA6721362E2.jpg,,/product/recarga-para-esfregona-super/8410435011007
37753,"Esfregona de Microfibras Completa, 1 unidade",5604260285136,11794,10090,,PorSi,,"3,99€/Unidade","3,99€",https://cdn.intermarche.pt/pt/Content/images/boitmal/produit/zoom/1422143F90600A38A51C6C2F6C031F27.jpg,,/product/esfregona-de-microfibras-completa-1-unidade/5604260285136
7877,Recarga para balde com pedal,4023103156487,11794,10090,,Vileda,,"7,49€/Unidade","7,49€",https://cdn.intermarche.pt/pt/Content/images/boitmal/produit/zoom/DECE5E224C2A61E0D04739CE87656442.jpg,,/product/recarga-para-balde-com-pedal/4023103156487
27766,Recarga Esfregona Premium 2 em 1,4023103203761,11794,10090,,Vileda,,"4,65€/Unidade","4,65€",https://cdn.intermarche.pt/pt/Content/images/boitmal/produit/zoom/BED3FA9FC72402E7159F75D98B773818.jpg,,/product/recarga-esfregona-premium-2-em-1/4023103203761
43441,Mopa com cabo,5604260295821,11794,10090,,PorSi,,"9,99€/Unidade","9,99€",https://cdn.intermarche.pt/pt/Content/images/boitmal/produit/zoom/135C61D79D3C31DFFBFE0ED81D61A647.jpg,,/product/mopa-com-cabo/5604260295821
27764,Recarga para balde com pedal 2 em 1,4023103195189,11794,10090,,Vileda,,"8,99€/Unidade","8,99€",https://cdn.intermarche.pt/pt/Content/images/boitmal/produit/zoom/10C5868F9681C1377B4C95C6003E40C3.jpg,,/product/recarga-para-balde-com-pedal-2-em-1/4023103195189
3343,Esfregona tiras completa,5604260057023,11794,10090,1 unidade,PorSi,,"1,99€/Unidade","1,99€",https://cdn.intermarche.pt/pt/Content/images/boitmal/produit/zoom/185349C1FF399CAAFF5EE264CCEE9B5B.jpg,,/product/esfregona-tiras-completa/5604260057023
3419,Recarga de Esfregona Suave,8410435011076,11794,10090,,Vileda,,"2,99€/Unidade","2,99€",https://cdn.intermarche.pt/pt/Content/images/boitmal/produit/zoom/3086AB29DAC3693AC8A22785CF3D72E1.jpg,,/product/recarga-de-esfregona-suave/8410435011076
43851,Recarga mopa,5604260295838,11794,10090,1 unidade,PorSi,,"3,79€/Unidade","3,79€",https://cdn.intermarche.pt/pt/Content/images/boitmal/produit/zoom/12965B32496D749D6A6D7E512A8EB739.jpg,,/product/recarga-mopa/5604260295838
45018,"Recarga para mopa ultramax, 1 unidade",4023103201262,11794,10090,,Vileda,,"8,99€/Unidade","8,99€",https://cdn.intermarche.pt/pt/Content/images/boitmal/produit/zoom/07F44CF322FE60EE062B5B93C36CB893.jpg,,/product/recarga-para-mopa-ultramax-1-unidade/4023103201262
46141,mopa para casa de banho,4023103110359,11794,10090,,Vileda,,"17,99€/Unidade","17,99€",https://cdn.intermarche.pt/pt/Content/images/boitmal/produit/zoom/8B1292844C4FCD45AAAE5E6ED516C4A1.jpg,,/product/mopa-para-casa-de-banho/4023103110359
41113,Mopa 1.2 spray max,4023103199200,11794,10090,,Vileda,,"29,99€/Unidade","29,99€",https://cdn.intermarche.pt/pt/Content/images/boitmal/produit/zoom/97211BD7C41ECB21756623C17F8524A8.jpg,,/product/mopa-1.2-spray-max/4023103199200
43554,Recarga mopa 1.2 spray max,4023103199217,11794,10090,,Vileda,,"8,49€/Unidade","8,49€",https://cdn.intermarche.pt/pt/Content/images/boitmal/produit/zoom/EA8326FCA6CE0536134C35FF65E2EA33.jpg,,/product/recarga-mopa-1.2-spray-max/4023103199217
4608,Mopa attractive plus completa,4023103080560,11794,10090,Embalagem de 1 unidades,Vileda,,"16,99€/Unidade","16,99€",https://cdn.intermarche.pt/pt/Content/images/boitmal/produit/zoom/2EF8C70164793CBF3C8B4D5AC29E4542.jpg,,/product/mopa-attractive-plus-completa/4023103080560
46144,recarga mopa casa de banho,4023103110380,11794,10090,,Vileda,,"6,99€/Unidade","6,99€",https://cdn.intermarche.pt/pt/Content/images/boitmal/produit/zoom/AC8C61762C63307D9B58ADBBF323472A.jpg,,/product/recarga-mopa-casa-de-banho/4023103110380
7875,"Mopa ultramax, 1 unidade",4023103143890,11794,10090,,Vileda,,"39,99€/Unidade","39,99€",https://cdn.intermarche.pt/pt/Content/images/boitmal/produit/zoom/BD728529AEB403650D2EEDD6404099CE.jpg,,/product/mopa-ultramax-1-unidade/4023103143890
27562,Pá do Lixo C/ Cabo,5604260282753,11795,10090,1 un.,PorSi,,"1,59€/Unidade","1,59€",https://cdn.intermarche.pt/pt/Content/images/boitmal/produit/zoom/DC12F49B97C2625E7B422E317B96389D.jpg,,/product/pa-do-lixo-c-ou-cabo/5604260282753
3297,Vassoura Especial Lisa,5604260031849,11795,10090,unidade,PorSi,,"2,39€/Unidade","2,39€",https://cdn.intermarche.pt/pt/Content/images/boitmal/produit/zoom/1C86684BD0BD26D808470FBFF57B2864.jpg,,/product/vassoura-especial-lisa/5604260031849
3316,Vassoura Simples Pluma,5604260031832,11795,10090,unidade,PorSi,,"2,69€/Unidade","2,69€",https://cdn.intermarche.pt/pt/Content/images/boitmal/produit/zoom/5C8BA76EA969196D23E58D039D77A327.jpg,,/product/vassoura-simples-pluma/5604260031832
40629,Cabo de metal com rosca,5604260295791,11795,10090,1.20 m,PorSi,,"1,29€/Unidade","1,29€",https://cdn.intermarche.pt/pt/Content/images/boitmal/produit/zoom/F959E346CC6F20BB146CEAFE70A7214C.jpg,,/product/cabo-de-metal-com-rosca/5604260295791
40541,Pá + espanador,5604260285150,11795,10090,1 conjunto,PorSi,,"2,49€/Unidade","2,49€",https://cdn.intermarche.pt/pt/Content/images/boitmal/produit/zoom/B4EA960081BB4953291D49FC84BAF2AF.jpg,,/product/pa-+-espanador/5604260285150
40542,Pá económica,5604260285174,11795,10090,1 unidade,PorSi,,"0,69€/Unidade","0,69€",https://cdn.intermarche.pt/pt/Content/images/boitmal/produit/zoom/A23094B23D32C70916E3643F2E9290A5.jpg,,/product/pa-economica/5604260285174
40630,Cabo de metal com rosca,5604260295807,11795,10090,1.35 m,PorSi,,"2,39€/Unidade","2,39€",https://cdn.intermarche.pt/pt/Content/images/boitmal/produit/zoom/E270A39369C7257FDC74E770EBA22A3F.jpg,,/product/cabo-de-metal-com-rosca/5604260295807
40631,Cabo de madeira com rosca,5604260295814,11795,10090,1.20 m,PorSi,,"1,49€/Unidade","1,49€",https://cdn.intermarche.pt/pt/Content/images/boitmal/produit/zoom/09514EAE6763C8CE19499C6C3FCBAC49.jpg,,/product/cabo-de-madeira-com-rosca/5604260295814
5786,Vassoura Especial Combate,5604260031856,11795,10090,unidade,PorSi,,"2,49€/Unidade","2,49€",https://cdn.intermarche.pt/pt/Content/images/boitmal/produit/zoom/0A924CEA514B88AEBBE1B8C25A08467B.jpg,,/product/vassoura-especial-combate/5604260031856
3317,Vassoura cruzeta,5604260031863,11795,10090,1 unidade,PorSi,,"3,29€/Unidade","3,29€",https://cdn.intermarche.pt/pt/Content/images/boitmal/produit/zoom/6EF1CA542BF0BCE679768AF5EBF5EADB.jpg,,/product/vassoura-cruzeta/5604260031863
3319,Escova para lavar,5604260031887,11795,10090,1 unidade,PorSi,,"0,89€/Unidade","0,89€",https://cdn.intermarche.pt/pt/Content/images/boitmal/produit/zoom/ADABF0FDAEAFE97D607CE5ED39AD2BDB.jpg,,/product/escova-para-lavar/5604260031887
37949,"Vassoura pequena, unidade",5604260285211,11795,10090,,PorSi,,"0,99€/Unidade","0,99€",https://cdn.intermarche.pt/pt/Content/images/boitmal/produit/zoom/481609F4D70D2D752FFE8B6157086DF6.jpg,,/product/vassoura-pequena-unidade/5604260285211
32438,"Balde de Limpeza com Espremedor, unidade",5604260282722,11796,10090,,PorSi,,"2,49€/Unidade","2,49€",https://cdn.intermarche.pt/pt/Content/images/boitmal/produit/zoom/F3BEECC3CE1580028E07C9CA9086AF6A.jpg,,/product/balde-de-limpeza-com-espremedor-unidade/5604260282722
40543,Espremedor,5604260282746,11796,10090,1 unidade,PorSi,,"0,99€/Unidade","0,99€",https://cdn.intermarche.pt/pt/Content/images/boitmal/produit/zoom/063C87E2CA74419E0B787CBAA8BCCA20.jpg,,/product/espremedor/5604260282746
16087,"Balde com espremedor, 1 unidade",5601873131607,11796,10090,,Vileda,,"11,99€/Unidade","11,99€",https://cdn.intermarche.pt/pt/Content/images/boitmal/produit/zoom/B279347FDC746D88D3C8731945A4113C.jpg,,/product/balde-com-espremedor-1-unidade/5601873131607
16655,"Balde Limpeza Super Fácil Cinza + Espremedor, 1 unidade",4023103131675,11796,10090,,Vileda,,"11,99€/Unidade","11,99€",https://cdn.intermarche.pt/pt/Content/images/boitmal/produit/zoom/50C8351B0660D7F557BD8D86DA1CEEF1.jpg,,/product/balde-limpeza-super-facil-cinza-+-espremedor-1-unidade/4023103131675
41027,Balde ecologic,8410435220782,11796,10090,1 unidade,Vileda,,"34,99€/Unidade","34,99€",https://cdn.intermarche.pt/pt/Content/images/boitmal/produit/zoom/373E479833646908806B414AF12F13FB.jpg,,/product/balde-ecologic/8410435220782
43728,Balde com pedal branco,5604260311194,11796,10090,Capacidade: 7 litros,PorSi,,"5,99€/Unidade","5,99€",https://cdn.intermarche.pt/pt/Content/images/boitmal/produit/zoom/C76F38979E796359DF9B4823EA80D38D.jpg,,/product/balde-com-pedal-branco/5604260311194
43729,Balde com pedal metalizado 26l,5604260311200,11796,10090,Embalagem de 1 unidades,PorSi,,"19,99€/Unidade","19,99€",https://cdn.intermarche.pt/pt/Content/images/boitmal/produit/zoom/D2A0B773843BA017933DA761216321C6.jpg,,/product/balde-com-pedal-metalizado-26l/5604260311200
43730,Balde com pedal eco branco,5604260311217,11796,10090,Capacidade: 52 litros,PorSi,,"24,99€/Unidade","24,99€",https://cdn.intermarche.pt/pt/Content/images/boitmal/produit/zoom/6F5FB4BB52E8A53997C108DE9CA173AF.jpg,,/product/balde-com-pedal-eco-branco/5604260311217
48837,Conjunto de 3 ecopontos,5601677100649,11796,10090,Cap.: 25 litros,Petex,,"20,99€/Unidade","20,99€",https://cdn.intermarche.pt/pt/Content/images/boitmal/produit/zoom/AFA8369405EB4CC3BF6352C99F4A2779.jpg,,/product/conjunto-de-3-ecopontos/5601677100649
40654,"Sacos do lixo 50 litros com fecho fácil, 10 unidades",5604260295708,11797,10090,,PorSi,,"1,15€/Unidade","1,15€",https://cdn.intermarche.pt/pt/Content/images/boitmal/produit/zoom/26D085B0AD6F18827C0DB222DE504A7D.jpg,,/product/sacos-do-lixo-50-litros-com-fecho-facil-10-unidades/5604260295708
40491,"Sacos do lixo lavanda 30 litros, 20 sacos",5604260295753,11797,10090,,PorSi,,"1,29€/Unidade","1,29€",https://cdn.intermarche.pt/pt/Content/images/boitmal/produit/zoom/DFBB530640691593E7F39F828433DED1.jpg,,/product/sacos-do-lixo-lavanda-30-litros-20-sacos/5604260295753
40493,"Sacos do lixo wc 5L, 30 sacos",5604260296125,11797,10090,,PorSi,,"0,99€/Unidade","0,99€",https://cdn.intermarche.pt/pt/Content/images/boitmal/produit/zoom/FFAD77636B7B6D2F71C11F0D84CFB777.jpg,,/product/sacos-do-lixo-wc-5l-30-sacos/5604260296125
48902,"Sacos lixo com alças 25 litros, 30 unidades",5604260321711,11797,10090,,PorSi,,"1,39€/Unidade","1,39€",https://cdn.intermarche.pt/pt/Content/images/boitmal/produit/zoom/6C04ED431C3A8F78CFF86A886E6ABB22.jpg,,/product/sacos-lixo-com-alcas-25-litros-30-unidades/5604260321711
27459,"Saco lixo super+ 30 litros, 15 unidades",8410435051003,11797,10090,,Vileda,,"1,89€/Unidade","1,89€",https://cdn.intermarche.pt/pt/Content/images/boitmal/produit/zoom/B3FABFB74852738C1421BD88DF2D81E2.jpg,,/product/saco-lixo-super+-30-litros-15-unidades/8410435051003
40498,"Sacos do lixo com atilho 100 litros, 15 sacos",5604260296101,11797,10090,,PorSi,,"1,99€/Unidade","1,99€",https://cdn.intermarche.pt/pt/Content/images/boitmal/produit/zoom/0DB6A8C4A11996260CA370B6D96AADD5.jpg,,/product/sacos-do-lixo-com-atilho-100-litros-15-sacos/5604260296101
48367,"Sacos lixo eco 100 litros, 10 unidades",5604260321759,11797,10090,,PorSi,,"1,29€/Unidade","1,29€",https://cdn.intermarche.pt/pt/Content/images/boitmal/produit/zoom/167DAF55EEBF978B80C0BE4E0F167E66.jpg,,/product/sacos-lixo-eco-100-litros-10-unidades/5604260321759
48368,"Sacos lixo eco com atilho 30 litros, 20 unidades",5604260321735,11797,10090,,PorSi,,"0,99€/Unidade","0,99€",https://cdn.intermarche.pt/pt/Content/images/boitmal/produit/zoom/93B0A1DCEAD812919A773F1ED85D9E07.jpg,,/product/sacos-lixo-eco-com-atilho-30-litros-20-unidades/5604260321735
48369,"Sacos lixo eco com atilho 50 litros, 15 unidades",5604260321773,11797,10090,,PorSi,,"1,49€/Unidade","1,49€",https://cdn.intermarche.pt/pt/Content/images/boitmal/produit/zoom/40ADFD09135D88B513736C912E6C9518.jpg,,/product/sacos-lixo-eco-com-atilho-50-litros-15-unidades/5604260321773
40848,Sacos para lixo ultra resistentes 50 litros,5604260296118,11797,10090,15 unidades,PorSi,,"1,79€/Unidade","1,79€",https://cdn.intermarche.pt/pt/Content/images/boitmal/produit/zoom/53339BC26922912810A74230DB210BFC.jpg,,/product/sacos-para-lixo-ultra-resistentes-50-litros/5604260296118
40495,Sacos do lixo com atilho 20 litros,5604260296071,11797,10090,50 sacos,PorSi,,"1,99€/Unidade","1,99€",https://cdn.intermarche.pt/pt/Content/images/boitmal/produit/zoom/09451DAED034B47C1C9D6F554E340140.jpg,,/product/sacos-do-lixo-com-atilho-20-litros/5604260296071
40494,"Sacos do lixo jardim 130 litros, 10 sacos",5604260296132,11797,10090,,PorSi,,"3,29€/Unidade","3,29€",https://cdn.intermarche.pt/pt/Content/images/boitmal/produit/zoom/B4C6F3A74837E5BA52247294641B245E.jpg,,/product/sacos-do-lixo-jardim-130-litros-10-sacos/5604260296132
48366,"Sacos lixo eco ff 50 litros, 15 unidades",5604260321742,11797,10090,,PorSi,,"1,69€/Unidade","1,69€",https://cdn.intermarche.pt/pt/Content/images/boitmal/produit/zoom/1F494814202A3812C92CA90CECA49B39.jpg,,/product/sacos-lixo-eco-ff-50-litros-15-unidades/5604260321742
48365,"Sacos lixo eco ff 30 litros, 20 unidades",5604260321728,11797,10090,,PorSi,,"1,00€/Unidade","1,00€",https://cdn.intermarche.pt/pt/Content/images/boitmal/produit/zoom/6BE959268C91084DA1079343F6855C50.jpg,,/product/sacos-lixo-eco-ff-30-litros-20-unidades/5604260321728
48904,Sacos lixo aroma a limão 30 litros,5604260321766,11797,10090,,PorSi,,"1,19€/Unidade","1,19€",https://cdn.intermarche.pt/pt/Content/images/boitmal/produit/zoom/4A5DCB5CD35E5E7618112FA2F98EF871.jpg,,/product/sacos-lixo-aroma-a-limao-30-litros/5604260321766
48903,Sacos lixo aroma a limão 50 litros,5604260321704,11797,10090,,PorSi,,"1,99€/Unidade","1,99€",https://cdn.intermarche.pt/pt/Content/images/boitmal/produit/zoom/BCCB2C70047AB958E61361EA0600AFE0.jpg,,/product/sacos-lixo-aroma-a-limao-50-litros/5604260321704
3169,"Saco lixo super+ 50 litros, 10 unidades",4023103168237,11797,10090,,Vileda,,"2,99€/Unidade","2,99€",https://cdn.intermarche.pt/pt/Content/images/boitmal/produit/zoom/A229CA1C3A4003E36BE275B218E825E5.jpg,,/product/saco-lixo-super+-50-litros-10-unidades/4023103168237
37980,"Sacos do lixo perfumado 30 litros, 15 unidades",5604260295777,11797,10090,,PorSi,,"1,15€/Unidade","1,15€",https://cdn.intermarche.pt/pt/Content/images/boitmal/produit/zoom/70DF89F00DE3074199CA1331C9F9D1D3.jpg,,/product/sacos-do-lixo-perfumado-30-litros-15-unidades/5604260295777
40499,Sacos do lixo para reciclagem 30 litros,5604260295722,11797,10090,3 rolos de 12 sacos,PorSi,,"2,19€/Unidade","2,19€",https://cdn.intermarche.pt/pt/Content/images/boitmal/produit/zoom/4466534FE2AEF54BED976173CB916086.jpg,,/product/sacos-do-lixo-para-reciclagem-30-litros/5604260295722
17969,Recarga ambientador elétrico delícias de verão,8410104156695,10563,10082,Embalagem de 1 unidades,Air Wick,,"3,59€/Unidade","3,59€",https://cdn.intermarche.pt/pt/Content/images/boitmal/produit/zoom/89EB6F6E8C7C8305CF7EAE80C39CA640.jpg,2024-09-25T22:59:59.999Z,/product/recarga-ambientador-eletrico-delicias-de-verao/8410104156695
17972,Recarga ambientador elétrico rosa bouquet,8410104017231,10563,10082,Embalagem de 1 unidades,Air Wick,,"3,59€/Unidade","3,59€",https://cdn.intermarche.pt/pt/Content/images/boitmal/produit/zoom/D8B202FFB9AFF7E2813DF45204F83EEC.jpg,2024-09-25T22:59:59.999Z,/product/recarga-ambientador-eletrico-rosa-bouquet/8410104017231
29967,Recarga Ambientador Automático Essential Mist Lavanda,8410104888169,10563,10082,1 un.,Air Wick,,"4,99€/Unidade","4,99€",https://cdn.intermarche.pt/pt/Content/images/boitmal/produit/zoom/C458B3BC0204195F7DC4EF7AA5C153A8.jpg,2024-09-25T22:59:59.999Z,/product/recarga-ambientador-automatico-essential-mist-lavanda/8410104888169
3642,Ambientador recarga lavanda,3059943009080,10563,10082,Garrafa de 250 ml,Air Wick,,"14,36€/L","3,59€",https://cdn.intermarche.pt/pt/Content/images/boitmal/produit/zoom/756F620C8BCD41CE49D260CCD66BCDF2.jpg,2024-09-25T22:59:59.999Z,/product/ambientador-recarga-lavanda/3059943009080
16532,Ambientador recarga delícias de verão,8410104156640,10563,10082,Garrafa de 250 ml,Air Wick,,"14,36€/L","3,59€",https://cdn.intermarche.pt/pt/Content/images/boitmal/produit/zoom/1A24418B2FA3D8BC0FEDAE10D82B4634.jpg,2024-09-25T22:59:59.999Z,/product/ambientador-recarga-delicias-de-verao/8410104156640
33228,"Ambientador Elétrico Delícias De Verão, 1un.",8410104392871,10563,10082,1 un.,Air Wick,,"4,75€/Unidade","4,75€",https://cdn.intermarche.pt/pt/Content/images/boitmal/produit/zoom/557FB5D994B47029B5886FF9BEB321AD.jpg,2024-09-25T22:59:59.999Z,/product/ambientador-eletrico-delicias-de-verao-1un./8410104392871
38234,Ambientador Difusão Automático Essential Mist Lavanda,8410104894290,10563,10082,1 un.,Air Wick,,"11,99€/Unidade","11,99€",https://cdn.intermarche.pt/pt/Content/images/boitmal/produit/zoom/EAD77DE1A7473AD6BE9F1BBC6B3A3BD0.jpg,2024-09-25T22:59:59.999Z,/product/ambientador-difusao-automatico-essential-mist-lavanda/8410104894290
49362,Recarga ambientador elétrico vanilla,8410104898342,10563,10082,19 ml,Air Wick,,"3,59€/Unidade","3,59€",https://cdn.intermarche.pt/pt/Content/images/boitmal/produit/zoom/0F0B6D0F4126AEFF3559AE3FDD3F3535.jpg,2024-09-25T22:59:59.999Z,/product/recarga-ambientador-eletrico-vanilla/8410104898342
51386,Ambientador Difusor Active Fresh Brisa Marítima,8410104913823,10563,10082,Embalagem de 1 unidades,Air Wick,,"7,99€/Unidade","7,99€",https://cdn.intermarche.pt/pt/Content/images/boitmal/produit/zoom/E83640673AE92AF0F3495ED946C9D5D3.jpg,2024-09-25T22:59:59.999Z,/product/ambientador-difusor-active-fresh-brisa-maritima/8410104913823
51387,Ambientador Recarga Active Fresh Lavanda e Lírio,8410104913779,10563,10082,Garrafa de 224 ml,Air Wick,,"26,74€/L","5,99€",https://cdn.intermarche.pt/pt/Content/images/boitmal/produit/zoom/CA25600DB2B818361562D1A180F1DDD4.jpg,2024-09-25T22:59:59.999Z,/product/ambientador-recarga-active-fresh-lavanda-e-lirio/8410104913779
54232,"Ambientador Automático Delicias de Verão, 250ml",5601217137449,10563,10082,,Air Wick,,"28,76€/L","7,19€",https://cdn.intermarche.pt/pt/Content/images/boitmal/produit/zoom/CAB5A47BCE1E682E6713391C4A4034A2.jpg,2024-09-25T22:59:59.999Z,/product/ambientador-automatico-delicias-de-verao-250ml/5601217137449
54233,"Ambientador Active Fresh Recarga Jazmim, 224ml",8410104913786,10563,10082,,Air Wick,,"26,74€/L","5,99€",https://cdn.intermarche.pt/pt/Content/images/boitmal/produit/zoom/F416A942027B2E7E71A89C274E0861FB.jpg,2024-09-25T22:59:59.999Z,/product/ambientador-active-fresh-recarga-jazmim-224ml/8410104913786
54236,"Ambientador Active Fresh Comp Lavanda e Liro, 228ml",5601217138699,10563,10082,,Air Wick,,"35,04€/L","7,99€",https://cdn.intermarche.pt/pt/Content/images/boitmal/produit/zoom/EEFB902197906676F07A8A981CE39FF9.jpg,2024-09-25T22:59:59.999Z,/product/ambientador-active-fresh-comp-lavanda-e-liro-228ml/5601217138699
8762,Ambientador elétrico lavanda,5601217121363,10563,10082,Embalagem de 1 unidades,Air Wick,,"4,75€/Unidade","4,75€",https://cdn.intermarche.pt/pt/Content/images/boitmal/produit/zoom/3CE81B14DBB81C823308BF294F557164.jpg,2024-09-25T22:59:59.999Z,/product/ambientador-eletrico-lavanda/5601217121363
7965,"Recarga ambientador automático, sense & spray, lavanda/jasmim",5000204595369,10563,10082,,Glade,,"5,99€/Unidade","5,99€",https://cdn.intermarche.pt/pt/Content/images/boitmal/produit/zoom/79F31608A8C9C832B0C2783B71CE42B1.jpg,,/product/recarga-ambientador-automatico-sense-&-spray-lavanda-ou-jasmim/5000204595369
16682,"Recarga ambientador eléctrico, alfazema",5604260279111,10563,10082,Embalagem de 25 ml,PorSi,,"1,99€/Unidade","1,99€",https://cdn.intermarche.pt/pt/Content/images/boitmal/produit/zoom/081D94585DEDE96B18245AF7DD447AEA.jpg,,/product/recarga-ambientador-electrico-alfazema/5604260279111
47938,Recarga ambientador automático baunilha/magnólia,5604260321681,10563,10082,Embalagem de 250 ml,PorSi,,"7,56€/L","1,89€",https://cdn.intermarche.pt/pt/Content/images/boitmal/produit/zoom/8DBD430DC40C41758289C8CDB8345CCF.jpg,,/product/recarga-ambientador-automatico-baunilha-ou-magnolia/5604260321681
19495,Recarga Ambientador Automático Sparkling Citrus,5604260321674,10563,10082,Embalagem de 250 ml,PorSi,,"7,56€/L","1,89€",https://cdn.intermarche.pt/pt/Content/images/boitmal/produit/zoom/3C985CCB27D420753473D7C1D305E446.jpg,,/product/recarga-ambientador-automatico-sparkling-citrus/5604260321674
45047,Recarga ambientador auto lavanda,5604260313129,10563,10082,250 ml,PorSi,,"7,96€/L","1,99€",https://cdn.intermarche.pt/pt/Content/images/boitmal/produit/zoom/567BB41ED3E47964A40580556F8D3273.jpg,,/product/recarga-ambientador-auto-lavanda/5604260313129
4756,"Recarga ambientador automático, lavanda, 269 ml",5000204731866,10563,10082,,Glade,,"21,90€/L","5,89€",https://cdn.intermarche.pt/pt/Content/images/boitmal/produit/zoom/1B6B89B31B03A0E687AAABB0F439299D.jpg,,/product/recarga-ambientador-automatico-lavanda-269-ml/5000204731866
16679,Ambientador elétrico + recarga alfazema,5604260279104,10563,10082,1 unidade,PorSi,,"3,49€/Unidade","3,49€",https://cdn.intermarche.pt/pt/Content/images/boitmal/produit/zoom/7F80717B9A30D049CC37C4357EA165DC.jpg,,/product/ambientador-eletrico-+-recarga-alfazema/5604260279104
48348,Recarga ambientador elétrico frutos do bosque,5604260320387,10563,10082,Garrafa de 25 ml,PorSi,,"79,60€/L","1,99€",https://cdn.intermarche.pt/pt/Content/images/boitmal/produit/zoom/AB8DCDF47248590AA05504EE0049400A.jpg,,/product/recarga-ambientador-eletrico-frutos-do-bosque/5604260320387
52276,Ambientador mini spray lavanda,5604260321896,10563,10082,Difusor e 3 recargas,PorSi,,"3,79€/Unidade","3,79€",https://cdn.intermarche.pt/pt/Content/images/boitmal/produit/zoom/B6D2DABD44B019518DA639D5880069A9.jpg,,/product/ambientador-mini-spray-lavanda/5604260321896
49061,Ambientador relaxing zen,5000204073492,10563,10082,269 ml,Glade,,"44,57€/L","11,99€",https://cdn.intermarche.pt/pt/Content/images/boitmal/produit/zoom/9540FDB4C3368E0863D74A6155283932.jpg,,/product/ambientador-relaxing-zen/5000204073492
52277,Ambientador mini spray marinho,5604260321889,10563,10082,Difusor e 3 recargas,PorSi,,"3,79€/Unidade","3,79€",https://cdn.intermarche.pt/pt/Content/images/boitmal/produit/zoom/21004FC86C4D767476399E5DE6EF89A1.jpg,,/product/ambientador-mini-spray-marinho/5604260321889
23528,"Ambientador automático, fresh matic, oasis turquesa",8410104882891,10563,10082,Embalagem de 1 unidades,Air Wick,,"7,19€/Unidade","7,19€",https://cdn.intermarche.pt/pt/Content/images/boitmal/produit/zoom/E75270392CD1D559E10FD719A6989D22.jpg,,/product/ambientador-automatico-fresh-matic-oasis-turquesa/8410104882891
3246,Minifresh-ambientador multiusos,5601296183214,10563,10082,1 unidade,Abelhinha,,"1,99€/Unidade","1,99€",https://cdn.intermarche.pt/pt/Content/images/boitmal/produit/zoom/ED142B9C0A87AEF084339B7F34497434.jpg,,/product/minifresh-ambientador-multiusos/5601296183214
33597,Desumidificador e Ambientador Mini,8412857000058,10563,10082,embalagem de 75g,Humydry,,"62,53€/Kg","4,69€",https://cdn.intermarche.pt/pt/Content/images/boitmal/produit/zoom/8B06E6D5078EF44AAEE2107A50531062.jpg,,/product/desumidificador-e-ambientador-mini/8412857000058
35413,Ambientador sense e spray lavanda e jasmim,5000204075144,10563,10082,18 ml,Glade,,"499,44€/L","8,99€",https://cdn.intermarche.pt/pt/Content/images/boitmal/produit/zoom/03FA7C81C83C6A707EC27FCCB6358A38.jpg,,/product/ambientador-sense-e-spray-lavanda-e-jasmim/5000204075144
36241,Ambientador eléctrico Relaxing Zen + recarga,5000204117677,10563,10082,1 unidade,Glade,,"7,99€/Unidade","7,99€",https://cdn.intermarche.pt/pt/Content/images/boitmal/produit/zoom/7CE153FFF29E81DB96D12603976BAE32.jpg,,/product/ambientador-electrico-relaxing-zen-+-recarga/5000204117677
36242,Ambientador elétrico pure clean linen + recarga,5000204117585,10563,10082,1 unidade,Glade,,"7,99€/Unidade","7,99€",https://cdn.intermarche.pt/pt/Content/images/boitmal/produit/zoom/6D57C2EED18A9B390BC2EDE1255ADE8C.jpg,,/product/ambientador-eletrico-pure-clean-linen-+-recarga/5000204117585
3640,Ambientador recarga bouquet,3059943009042,10563,10082,Garrafa de 250 ml,Air Wick,,"14,36€/L","3,59€",https://cdn.intermarche.pt/pt/Content/images/boitmal/produit/zoom/1F52E1C350BB4DF2021673FA1E13CEA6.jpg,,/product/ambientador-recarga-bouquet/3059943009042
46844,Ambientador automático lavanda,5604260321025,10563,10082,250 ml,PorSi,,"27,96€/L","6,99€",https://cdn.intermarche.pt/pt/Content/images/boitmal/produit/zoom/1B4C20A5561354668C864734D2AE0512.jpg,,/product/ambientador-automatico-lavanda/5604260321025
4753,"Recarga ambientador automático, bali, 269 ml",5000204731422,10563,10082,,Glade,,"22,27€/L","5,99€",https://cdn.intermarche.pt/pt/Content/images/boitmal/produit/zoom/A399EAC5FAE4DAFBA09AEAF50498F9B6.jpg,,/product/recarga-ambientador-automatico-bali-269-ml/5000204731422
49063,Ambientador Touch & Fresh Lavanda,5000204076202,10563,10082,10 ml,Glade,,"4,99€/Unidade","4,99€",https://cdn.intermarche.pt/pt/Content/images/boitmal/produit/zoom/CABA9459962DCA8AB8222A12B2E4DDF0.jpg,,/product/ambientador-touch-&-fresh-lavanda/5000204076202
51388,Ambientador Recarga Active Fresh Brisa Marítima,8410104913809,10563,10082,Garrafa de 224 ml,Air Wick,,"26,74€/L","5,99€",https://cdn.intermarche.pt/pt/Content/images/boitmal/produit/zoom/8B9F3CBB3B33EB74074E45EC69CFC268.jpg,,/product/ambientador-recarga-active-fresh-brisa-maritima/8410104913809
51770,Ambientador Eléctrico Recarga,8410104882716,10563,10082,Pack 2 x 19 ml,Air Wick,,"5,19€/Unidade","5,19€",https://cdn.intermarche.pt/pt/Content/images/boitmal/produit/zoom/5FBCFBB1C9F842A401BF4A27A693FC2C.jpg,,/product/ambientador-electrico-recarga/8410104882716
51776,Ambientador Recarga Touch & Fresh Lavanda,5000204288360,10563,10082,Embalagem de 10 ml,Glade,,"399,00€/L","3,99€",https://cdn.intermarche.pt/pt/Content/images/boitmal/produit/zoom/D734202559D9B082BC86E370B1C9A8AD.jpg,,/product/ambientador-recarga-touch-&-fresh-lavanda/5000204288360
52278,Recargas mini spray marinho,5604260329106,10563,10082,3 recargas,PorSi,,"3,49€/Unidade","3,49€",https://cdn.intermarche.pt/pt/Content/images/boitmal/produit/zoom/878CADC44479FC2AA3ABC5721A496081.jpg,,/product/recargas-mini-spray-marinho/5604260329106
52279,Recargas mini spray lavanda,5604260329090,10563,10082,3 recargas,PorSi,,"3,49€/Unidade","3,49€",https://cdn.intermarche.pt/pt/Content/images/boitmal/produit/zoom/B235A90A404112ED96A905BEB1356931.jpg,,/product/recargas-mini-spray-lavanda/5604260329090
49885,Ambientador auto coco,5604260275021,10564,10082,1 unidade,PorSi,,"0,99€/Unidade","0,99€",https://cdn.intermarche.pt/pt/Content/images/boitmal/produit/zoom/65624AD842D72E00AF52111F3D49D97A.jpg,,/product/ambientador-auto-coco/5604260275021
49886,Ambientador auto morango,5604260275052,10564,10082,1 unidade,PorSi,,"0,99€/Unidade","0,99€",https://cdn.intermarche.pt/pt/Content/images/boitmal/produit/zoom/E5222DE915BC43DBC42924C83448E4E5.jpg,,/product/ambientador-auto-morango/5604260275052
3402,Ambientador arbre magique côco,8001365055362,10564,10082,1 unidade,Arbre Magique,,"1,99€/Unidade","1,99€",https://cdn.intermarche.pt/pt/Content/images/boitmal/produit/zoom/CB63563D5BB10A733FC81A33BA080780.jpg,,/product/ambientador-arbre-magique-coco/8001365055362
38209,Ambientador auto limão,5604260275045,10564,10082,1 unidade,PorSi,,"0,99€/Unidade","0,99€",https://cdn.intermarche.pt/pt/Content/images/boitmal/produit/zoom/ED237EC21C698755F65F67BD8D9A13DD.jpg,,/product/ambientador-auto-limao/5604260275045
48894,Ambientador limão,5604260322589,10564,10082,frasco de 5 ml,PorSi,,"398,00€/L","1,99€",https://cdn.intermarche.pt/pt/Content/images/boitmal/produit/zoom/C3A15A666EA0D656F5A5D2C6AE6D277C.jpg,,/product/ambientador-limao/5604260322589
48895,Ambientador carro novo,5604260322596,10564,10082,frasco de 5 ml,PorSi,,"398,00€/L","1,99€",https://cdn.intermarche.pt/pt/Content/images/boitmal/produit/zoom/832BCB654781C72797CFE3F136BEFF18.jpg,,/product/ambientador-carro-novo/5604260322596
49212,Ambientador carro baunilha,5604260322565,10564,10082,Frasco de 5 ml,PorSi,,"398,00€/L","1,99€",https://cdn.intermarche.pt/pt/Content/images/boitmal/produit/zoom/7537778E541E3634038F907899D07A92.jpg,,/product/ambientador-carro-baunilha/5604260322565
28894,Ambientador Anti-Tabaco,8001090245311,10564,10082,1 un.,Ambipur,,"3,49€/Unidade","3,49€",https://cdn.intermarche.pt/pt/Content/images/boitmal/produit/zoom/7A6E7B8749D8C5505BFE2393311E4ECF.jpg,,/product/ambientador-anti-tabaco/8001090245311
38210,Ambientador auto pinho,5604260275038,10564,10082,1 unidade,PorSi,,"0,99€/Unidade","0,99€",https://cdn.intermarche.pt/pt/Content/images/boitmal/produit/zoom/3C1C9DCC1734ECB63F0131CF72172F82.jpg,,/product/ambientador-auto-pinho/5604260275038
49213,Ambientador carro morango,5604260322572,10564,10082,Frasco de 5 ml,PorSi,,"398,00€/L","1,99€",https://cdn.intermarche.pt/pt/Content/images/boitmal/produit/zoom/8DB6C37314593C1E9FEBBE13AFF8492E.jpg,,/product/ambientador-carro-morango/5604260322572
49884,Ambientador auto baunilha,5604260275014,10564,10082,1 unidade,PorSi,,"0,99€/Unidade","0,99€",https://cdn.intermarche.pt/pt/Content/images/boitmal/produit/zoom/36E91C5F4C295574EC23691495270FA5.jpg,,/product/ambientador-auto-baunilha/5604260275014
7804,"Ambientador carro para ventilador, difusor temporário noturno",4015600641405,10564,10082,1 unidade,Ambipur,,"3,49€/Unidade","3,49€",https://cdn.intermarche.pt/pt/Content/images/boitmal/produit/zoom/4F05E492656C93DC632EDE8AA5FB06AD.jpg,,/product/ambientador-carro-para-ventilador-difusor-temporario-noturno/4015600641405
7807,Ambientador carro para ventilador difusor brisa flor,4015600641610,10564,10082,,Ambipur,,"3,49€/Unidade","3,49€",https://cdn.intermarche.pt/pt/Content/images/boitmal/produit/zoom/AF54900827516E4B2CA17376D48A26F3.jpg,,/product/ambientador-carro-para-ventilador-difusor-brisa-flor/4015600641610
3400,Ambientador arbremagique pinho,8001365055003,10564,10082,1 unidade,Arbre Magique,,"1,99€/Unidade","1,99€",https://cdn.intermarche.pt/pt/Content/images/boitmal/produit/zoom/B484FDD58A5CC4E4691CB1C55914E3DE.jpg,,/product/ambientador-arbremagique-pinho/8001365055003
17888,Ambientador vela duo maçã,8410104447519,10566,10082,Embalagem de 210g,Air Wick,,"22,62€/Kg","4,75€",https://cdn.intermarche.pt/pt/Content/images/boitmal/produit/zoom/D00971838F5B057B4D788076FF026A74.jpg,2024-09-25T22:59:59.999Z,/product/ambientador-vela-duo-maca/8410104447519
17887,Ambientador vela duo exotic baunilha,8410104447526,10566,10082,Embalagem de 210g,Air Wick,,"22,62€/Kg","4,75€",https://cdn.intermarche.pt/pt/Content/images/boitmal/produit/zoom/DA98E89F111A6B968E27D8EB29C79BD0.jpg,2024-09-25T22:59:59.999Z,/product/ambientador-vela-duo-exotic-baunilha/8410104447526
20693,Ambientador stick delicias de verão,8410104157043,10566,10082,Embalagem de 1 unidades,Air Wick,,"5,99€/Unidade","5,99€",https://cdn.intermarche.pt/pt/Content/images/boitmal/produit/zoom/D098F47A1220855E85621501E3B0F5C0.jpg,2024-09-25T22:59:59.999Z,/product/ambientador-stick-delicias-de-verao/8410104157043
42130,Ambientador tealights frutos vermelhos,5604260309214,10566,10082,embalagem com 18 unidades,PorSi,,"1,99€/Unidade","1,99€",https://cdn.intermarche.pt/pt/Content/images/boitmal/produit/zoom/0930D4BFA8C23A05F161B6D6995F6CB8.jpg,,/product/ambientador-tealights-frutos-vermelhos/5604260309214
43471,Ambientador difusor lavanda,5604260309221,10566,10082,50 ml,PorSi,,"53,80€/L","2,69€",https://cdn.intermarche.pt/pt/Content/images/boitmal/produit/zoom/C672E69EBE45A85DA53F539F0E6DA3EA.jpg,,/product/ambientador-difusor-lavanda/5604260309221
42025,Ambientador vela frutos vermelhos,5604260309139,10566,10082,1 unidade,PorSi,,"2,29€/Unidade","2,29€",https://cdn.intermarche.pt/pt/Content/images/boitmal/produit/zoom/1A7D67CA37D7269D755FC436146C4818.jpg,,/product/ambientador-vela-frutos-vermelhos/5604260309139
42024,Ambientador vela baunilha,5604260309122,10566,10082,1 unidade,PorSi,,"2,29€/Unidade","2,29€",https://cdn.intermarche.pt/pt/Content/images/boitmal/produit/zoom/54867F53A6C9C390C5527CB0540B4109.jpg,,/product/ambientador-vela-baunilha/5604260309122
51768,Ambientador vela Bubbly Berry Splash,5000204249705,10566,10082,1 unidade com 129 g,Glade,,"38,68€/Kg","4,99€",https://cdn.intermarche.pt/pt/Content/images/boitmal/produit/zoom/F8EB4B167838EE3AFEB679E1A98B61B5.jpg,,/product/ambientador-vela-bubbly-berry-splash/5000204249705
42026,Ambientador vela maçã e canela,5604260309146,10566,10082,1 unidade,PorSi,,"2,29€/Unidade","2,29€",https://cdn.intermarche.pt/pt/Content/images/boitmal/produit/zoom/8A9A306454BF05DEB010EB526B64ADDE.jpg,,/product/ambientador-vela-maca-e-canela/5604260309146
42708,Ambientador Difusor Frutos Vermelhos,5604260309238,10566,10082,50 ml,PorSi,,"53,80€/L","2,69€",https://cdn.intermarche.pt/pt/Content/images/boitmal/produit/zoom/2DF4A5ED4CBADCBBACB47D417548292C.jpg,,/product/ambientador-difusor-frutos-vermelhos/5604260309238
17889,Ambientador vela gota frutos vermelhos,5601217126979,10566,10082,Embalagem de 1 unidades,Air Wick,,"3,29€/Unidade","3,29€",https://cdn.intermarche.pt/pt/Content/images/boitmal/produit/zoom/FDBAD1DB12121CFC7650F71D2757E141.jpg,,/product/ambientador-vela-gota-frutos-vermelhos/5601217126979
42128,Ambientador tealights baunilha,5604260309191,10566,10082,embalagem com 18 unidades,PorSi,,"1,99€/Unidade","1,99€",https://cdn.intermarche.pt/pt/Content/images/boitmal/produit/zoom/B779B2E3AEAF3CD63D06BEB086FC812F.jpg,,/product/ambientador-tealights-baunilha/5604260309191
42129,Ambientador tealights canela,5604260309207,10566,10082,embalagem com 18 unidades,PorSi,,"1,99€/Unidade","1,99€",https://cdn.intermarche.pt/pt/Content/images/boitmal/produit/zoom/B279D5D8DEC1AA39DC4F7F4A8CAABBED.jpg,,/product/ambientador-tealights-canela/5604260309207
43472,Ambientador difusor baunilha,5604260309245,10566,10082,50 ml,PorSi,,"53,80€/L","2,69€",https://cdn.intermarche.pt/pt/Content/images/boitmal/produit/zoom/545E110EAFFBEB0469D623F8BCB833AE.jpg,,/product/ambientador-difusor-baunilha/5604260309245
42127,Ambientador vela citronela,5604260309184,10566,10082,1 unidade,PorSi,,"2,49€/Unidade","2,49€",https://cdn.intermarche.pt/pt/Content/images/boitmal/produit/zoom/564C4F120E0B52ED8F159D4528EBEDFC.jpg,,/product/ambientador-vela-citronela/5604260309184
4713,"Absorvedores de odores, relax zen",5000204559163,10567,10082,Embalagem de 2x150g,Glade,,"36,60€/L","5,49€",https://cdn.intermarche.pt/pt/Content/images/boitmal/produit/zoom/5F5127732C6C1BEA94A3BEA1EF5AFBE6.jpg,,/product/absorvedores-de-odores-relax-zen/5000204559163
43846,Ambientador máquina de loiça citrinos,5604260309924,10567,10082,1 unidade,PorSi,,"1,39€/Unidade","1,39€",https://cdn.intermarche.pt/pt/Content/images/boitmal/produit/zoom/21FE695F4D3A112352982E48D5DC1CBE.jpg,,/product/ambientador-maquina-de-loica-citrinos/5604260309924
6586,"Abs odores lavanda, pack 2x150g",8412400335316,10567,10082,Embalagem de 2x150 g,Glade,,"36,60€/Kg","5,49€",https://cdn.intermarche.pt/pt/Content/images/boitmal/produit/zoom/2421BFBB5FB5B9C5BE1DA93B19AA0EF5.jpg,,/product/abs-odores-lavanda-pack-2x150g/8412400335316
33631,Ambientador para a máquina da loiça de lima e limão,5601217130631,10567,10082,1 un.,Finish,,"3,49€/Unidade","3,49€",https://cdn.intermarche.pt/pt/Content/images/boitmal/produit/zoom/722D6289DF5674022FB6CD00D38502F9.jpg,,/product/ambientador-para-a-maquina-da-loica-de-lima-e-limao/5601217130631
54304,"Sticks Jardim das Peónias, 1un.",5601217138910,11792,10082,,Air Wick,,"5,99€/Unidade","5,99€",https://cdn.intermarche.pt/pt/Content/images/boitmal/produit/zoom/E332D01C63F8C396176B83026831AE03.jpg,2024-09-25T22:59:59.999Z,/product/sticks-jardim-das-peonias-1un./5601217138910
54305,"Sticks Frescura Roupa Limpa, 1un.",5601217138897,11792,10082,,Air Wick,,"5,99€/Unidade","5,99€",https://cdn.intermarche.pt/pt/Content/images/boitmal/produit/zoom/F4F8FEAA23B4CE09E1B508997FE49094.jpg,2024-09-25T22:59:59.999Z,/product/sticks-frescura-roupa-limpa-1un./5601217138897
45687,Ambientador aerossol 5 em 1 lavanda,5604260312986,11792,10082,300 ml,PorSi,,"3,30€/L","0,99€",https://cdn.intermarche.pt/pt/Content/images/boitmal/produit/zoom/65FAEBB855303FEAA612EDB9FD1411D5.jpg,,/product/ambientador-aerossol-5-em-1-lavanda/5604260312986
45689,Ambientador aerossol 5 em 1 flor laranjeira,5604260313006,11792,10082,300 ml,PorSi,,"3,30€/L","0,99€",https://cdn.intermarche.pt/pt/Content/images/boitmal/produit/zoom/E1F03167637228D4720F79808CEBA654.jpg,,/product/ambientador-aerossol-5-em-1-flor-laranjeira/5604260313006
45690,Ambientador aerossol 5 em 1 jasmim,5604260313013,11792,10082,300 ml,PorSi,,"3,30€/L","0,99€",https://cdn.intermarche.pt/pt/Content/images/boitmal/produit/zoom/0A681788954F8299D9DFB680D363A04F.jpg,,/product/ambientador-aerossol-5-em-1-jasmim/5604260313013
45688,Ambientador aerossol 5 em 1 frescura água,5604260312993,11792,10082,300 ml,PorSi,,"3,30€/L","0,99€",https://cdn.intermarche.pt/pt/Content/images/boitmal/produit/zoom/47175490A60F9FE8CBB9D8B9EB43F743.jpg,,/product/ambientador-aerossol-5-em-1-frescura-agua/5604260312993
4930,"Ambientador spray, aerosol, lavanda",5410101015011,11792,10082,Embalagem de 300 ml,Glade,,"9,30€/L","2,79€",https://cdn.intermarche.pt/pt/Content/images/boitmal/produit/zoom/037FEE88560BD2E4881C975C0BCCF488.jpg,,/product/ambientador-spray-aerosol-lavanda/5410101015011
44386,Ambientador spray pure colónia de bebé,5604260313020,11792,10082,250 ml,PorSi,,"11,96€/L","2,99€",https://cdn.intermarche.pt/pt/Content/images/boitmal/produit/zoom/82E9A9785DDF87B37D7B3757D47B9558.jpg,,/product/ambientador-spray-pure-colonia-de-bebe/5604260313020
44387,Ambientador spray pure flor de cerejeira,5604260313037,11792,10082,250 ml,PorSi,,"11,96€/L","2,99€",https://cdn.intermarche.pt/pt/Content/images/boitmal/produit/zoom/07D7CF68896F8E174C9E8AC4EDFB1829.jpg,,/product/ambientador-spray-pure-flor-de-cerejeira/5604260313037
7994,"Inseticida, recarga, elétrico, pack 2",5000204700398,10569,10086,1 embalagem com 2x27ml,Raid,,"15,99€/Unidade","15,99€",https://cdn.intermarche.pt/pt/Content/images/boitmal/produit/zoom/8901480BBB5476B8C9CD083F26DF5351.jpg,,/product/inseticida-recarga-eletrico-pack-2/5000204700398
4736,"Inseticida recarga, elétrico, 45 noites",5000204700367,10569,10086,1 unidade,Raid,,"7,99€/Unidade","7,99€",https://cdn.intermarche.pt/pt/Content/images/boitmal/produit/zoom/7505E2B86BCEC3D133ED187E7F66730F.jpg,,/product/inseticida-recarga-eletrico-45-noites/5000204700367
10441,"Inseticida eléctrico, recarga, night&day",8412400028782,10569,10086,1 unidade,Raid,,"6,99€/Unidade","6,99€",https://cdn.intermarche.pt/pt/Content/images/boitmal/produit/zoom/54724123488C360371E4C459558D6044.jpg,,/product/inseticida-electrico-recarga-night&day/8412400028782
20389,Inseticida Elétrico Night&Day Pack Duplo,5000204889147,10569,10086,Embalagem de 2x300 mg,Raid,,"26,65€/Kg","15,99€",https://cdn.intermarche.pt/pt/Content/images/boitmal/produit/zoom/4A6460AD9C4B585A6E50DAE115217416.jpg,,/product/inseticida-eletrico-night&day-pack-duplo/5000204889147
34221,Inseticida aerossol moscas. melgas e mosquitos,5000204092783,10569,10086,Embalagem de 400 ml,Baygon,,"12,48€/L","4,99€",https://cdn.intermarche.pt/pt/Content/images/boitmal/produit/zoom/54B42117F57BEC16BC73353279F6A8BE.jpg,,/product/inseticida-aerossol-moscas.-melgas-e-mosquitos/5000204092783
35414,Inseticida ajustável eléctrico líquido anti melgas e mosquitos,5000204088823,10569,10086,60 noites,Raid,,"305,28€/L","10,99€",https://cdn.intermarche.pt/pt/Content/images/boitmal/produit/zoom/EF69A4BD9B58BDFC9A675C3BE132D4F3.jpg,,/product/inseticida-ajustavel-electrico-liquido-anti-melgas-e-mosquitos/5000204088823
35415,Recarga inseticida eléctrico líquido anti melgas e mosquitos,5000204088885,10569,10086,60 noites,Raid,,"277,50€/L","9,99€",https://cdn.intermarche.pt/pt/Content/images/boitmal/produit/zoom/012DF90C266B158C4048F0C335B6342C.jpg,,/product/recarga-inseticida-electrico-liquido-anti-melgas-e-mosquitos/5000204088885
44566,Recarga inseticida elétrico líquido,5000204190175,10569,10086,45 noites,Raid,,"8,19€/Unidade","8,19€",https://cdn.intermarche.pt/pt/Content/images/boitmal/produit/zoom/6052016061E752D95A1F997D6D26EAF4.jpg,,/product/recarga-inseticida-eletrico-liquido/5000204190175
4763,"Inseticida líquido, elétrico, apa",5000204781113,10569,10086,Embalagem de 21 ml,Raid,,"328,10€/L","6,89€",https://cdn.intermarche.pt/pt/Content/images/boitmal/produit/zoom/B8B093297CD74BB7448FD2FCFAB3577E.jpg,,/product/inseticida-liquido-eletrico-apa/5000204781113
54495,"Inseticida Elétrico Recarga Eucalipto, 1 un.",5000204093209,10569,10086,,Raid,,"9,79€/Unidade","9,79€",https://cdn.intermarche.pt/pt/Content/images/boitmal/produit/zoom/C40DCEC6394FC48A927D268B82BF6B7C.jpg,,/product/inseticida-eletrico-recarga-eucalipto-1-un./5000204093209
5574,Difusor elétrico sem fio para pastilhas,5602098111016,10569,10086,Embalagem de 1 unidades,Ezalo,,"6,99€/Unidade","6,99€",https://cdn.intermarche.pt/pt/Content/images/boitmal/produit/zoom/FD1D1B4C3ECFE3FCB291682AB45538ED.jpg,,/product/difusor-eletrico-sem-fio-para-pastilhas/5602098111016
48822,Recarga difusor elétrico melgas e mosquitos,8410436337779,10569,10086,18 ml,Dum Dum,,"6,99€/Unidade","6,99€",https://cdn.intermarche.pt/pt/Content/images/boitmal/produit/zoom/E1E08A231A676AD4359F603A5D620ACC.jpg,,/product/recarga-difusor-eletrico-melgas-e-mosquitos/8410436337779
49591,Fita apanha moscas,5000204092653,10570,10086,4 unidades,Baygon,,"2,79€/Unidade","2,79€",https://cdn.intermarche.pt/pt/Content/images/boitmal/produit/zoom/B3B22FEAC706BC8FA6EC247C0CBC5FF6.jpg,,/product/fita-apanha-moscas/5000204092653
29590,Inseticida Aerossol Rapid Moscas e Mosquitos,5601021300725,10570,10086,1 Embalagem 600ml,Raid,,"8,32€/L","4,99€",https://cdn.intermarche.pt/pt/Content/images/boitmal/produit/zoom/4DB57EA7CC72FFF5B10EDB35ADF3852A.jpg,,/product/inseticida-aerossol-rapid-moscas-e-mosquitos/5601021300725
41242,Inseticida insectos voadores,5604260304110,10570,10086,500 ml,Apta,,"4,38€/L","2,19€",https://cdn.intermarche.pt/pt/Content/images/boitmal/produit/zoom/2838B3D201559A45B00C52CD7EC9DA11.jpg,,/product/inseticida-insectos-voadores/5604260304110
20688,Insecticida Liquido Vaporizante,5604260281046,10570,10086,Embalagem de 500 ml,Apta,,"5,78€/L","2,89€",https://cdn.intermarche.pt/pt/Content/images/boitmal/produit/zoom/DCA0CC688EB4E8556A4A72987490D6D4.jpg,,/product/insecticida-liquido-vaporizante/5604260281046
29248,Insecticida Casa e Plantas,5000204802689,10570,10086,400 ml,Raid,,"13,73€/L","5,49€",https://cdn.intermarche.pt/pt/Content/images/boitmal/produit/zoom/D9BDB5EC6E253EBB459466D1BE77CC12.jpg,,/product/insecticida-casa-e-plantas/5000204802689
29589,Inseticida Aerossol Casa&Plantas,5000204912272,10570,10086,1 Embalagem 600ml,Raid,,"9,98€/L","5,99€",https://cdn.intermarche.pt/pt/Content/images/boitmal/produit/zoom/162CB046D2B32D5D3156D17867ACE1DC.jpg,,/product/inseticida-aerossol-casa&plantas/5000204912272
5207,Inseticida vaporizador,5601149002853,10570,10086,Embalagem de 375 ml,Biokill,,"13,84€/L","5,19€",https://cdn.intermarche.pt/pt/Content/images/boitmal/produit/zoom/2FE45053F040812D634BD6BC5C7168EB.jpg,,/product/inseticida-vaporizador/5601149002853
5208,Insecticida recarga,5601149002860,10570,10086,Embalagem de 375 ml,Biokill,,"11,97€/L","4,49€",https://cdn.intermarche.pt/pt/Content/images/boitmal/produit/zoom/DEB068BB95431BE20849F00629F3A918.jpg,,/product/insecticida-recarga/5601149002860
7968,Pó baratas e formigas,5000204613629,10570,10086,Embalagem de 250 g,Baygon,,"22,76€/Kg","5,69€",https://cdn.intermarche.pt/pt/Content/images/boitmal/produit/zoom/80072BC73AA271990F472552F2E56930.jpg,,/product/po-baratas-e-formigas/5000204613629
53662,Insecticida Spray Multi Insectos,5000204758184,10570,10086,Embalagem de 400ml,Raid,,"17,48€/L","6,99€",https://cdn.intermarche.pt/pt/Content/images/boitmal/produit/zoom/55A14E8C37E7034388EB138125397425.jpg,,/product/insecticida-spray-multi-insectos/5000204758184
54276,"Inseticida Aerossol Eucalipto, 400ml",5000204342642,10570,10086,,Raid,,"14,98€/L","5,99€",https://cdn.intermarche.pt/pt/Content/images/boitmal/produit/zoom/689A01849F46915379865685760AECB9.jpg,,/product/inseticida-aerossol-eucalipto-400ml/5000204342642
54499,"Insecticida Rastejante Control Baratas, 6un.",5000204343397,10570,10086,,Raid,,"6,99€/Unidade","6,99€",https://cdn.intermarche.pt/pt/Content/images/boitmal/produit/zoom/4F6B084543FACE59FCD5D81B62ADB740.jpg,,/product/insecticida-rastejante-control-baratas-6un./5000204343397
54514,"Spray Replente Seco, 100ml",5000204354232,10570,10086,,Autan,,"76,90€/L","7,69€",https://cdn.intermarche.pt/pt/Content/images/boitmal/produit/zoom/B7E5707DBB174F86D2C2CE491AD8F042.jpg,,/product/spray-replente-seco-100ml/5000204354232
48206,Ganchos Perfumados Lavanda,5000204221039,10571,10086,Embalagem de 2 unidades,Raid,,"2,29€/Unidade","2,29€",https://cdn.intermarche.pt/pt/Content/images/boitmal/produit/zoom/00A596E6EAE5420269A06DBA709B50D2.jpg,2024-09-25T22:59:59.999Z,/product/ganchos-perfumados-lavanda/5000204221039
53346,"Insecticida Anti Traça Gel Lavanda, 2 un.",5000204310344,10571,10086,,Raid,,"2,49€/Unidade","2,49€",https://cdn.intermarche.pt/pt/Content/images/boitmal/produit/zoom/85183DE7F313323A9F76803A61102127.jpg,2024-09-25T22:59:59.999Z,/product/insecticida-anti-traca-gel-lavanda-2-un./5000204310344
53345,"Insecticida Anti Traça Gel Cedro, 2 un.",5000204310375,10571,10086,,Raid,,"2,49€/Unidade","2,49€",https://cdn.intermarche.pt/pt/Content/images/boitmal/produit/zoom/3FFCE950E82B28094E0FD740225309CF.jpg,2024-09-25T22:59:59.999Z,/product/insecticida-anti-traca-gel-cedro-2-un./5000204310375
53348,"Insecticida Armadilha Traça dos Alimentos 3 Folhas, 3 un.",5000204266665,10571,10086,,Raid,,"2,74€/Unidade","2,74€",https://cdn.intermarche.pt/pt/Content/images/boitmal/produit/zoom/2D4C014213B36BED1CAE3B027924216A.jpg,2024-09-25T22:59:59.999Z,/product/insecticida-armadilha-traca-dos-alimentos-3-folhas-3-un./5000204266665
48901,Sabao azul e branco,5604260316779,11783,11422,Embalagem de 400g,PorSi,,"3,98€/Kg","1,59€",https://cdn.intermarche.pt/pt/Content/images/boitmal/produit/zoom/D0BC5666217E236A57280B3F9A2F0853.jpg,,/product/sabao-azul-e-branco/5604260316779
44038,Detergente manual roupa,5604260312634,11783,11422,Embalagem de 650g,PorSi,,"1,98€/Kg","1,29€",https://cdn.intermarche.pt/pt/Content/images/boitmal/produit/zoom/5ABA7A38075E1771F802CB14CBCA1906.jpg,,/product/detergente-manual-roupa/5604260312634
48086,Sabao rosa e branco,5604260316786,11783,11422,Embalagem de 400g,PorSi,,"3,98€/Kg","1,59€",https://cdn.intermarche.pt/pt/Content/images/boitmal/produit/zoom/CEAD57CFD4011B0D5847CB9382E08C7A.jpg,,/product/sabao-rosa-e-branco/5604260316786
26305,Detergente Manual p/ Lavar Roupa Regular,8435495801542,11783,11422,Embalagem de 510 g,Gama,,"3,49€/Kg","1,78€",https://cdn.intermarche.pt/pt/Content/images/boitmal/produit/zoom/ACD5E3E0288B51859A1163EC3838C50F.jpg,,/product/detergente-manual-p-ou-lavar-roupa-regular/8435495801542
5494,"Tira nódoas, 95 ml",5601499119805,11783,11422,,Nodeti,,"31,47€/L","2,99€",https://cdn.intermarche.pt/pt/Content/images/boitmal/produit/zoom/938B0529BD4D5C4C57ABAC33F5B1ADC7.jpg,,/product/tira-nodoas-95-ml/5601499119805
53829,Sabão Rosa,5601092000081,11783,11422,Embalagem de 400g,Confiança,,"2,98€/Kg","1,19€",https://cdn.intermarche.pt/pt/Content/images/boitmal/produit/zoom/477038DAC978980B818FE5DC3E5D3013.jpg,,/product/sabao-rosa/5601092000081
6806,Detergente manual de roupa,8712561425858,11783,11422,Embalagem de 540g,Omo,,"4,61€/Kg","2,49€",https://cdn.intermarche.pt/pt/Content/images/boitmal/produit/zoom/B022600D45D57EBCDD40F091D9C0F336.jpg,,/product/detergente-manual-de-roupa/8712561425858
53830,"Sabão Barra Lãs, Sedas e Nylon",5601092005109,11783,11422,Embalagem de 125g,Confiança,,"15,92€/Kg","1,99€",https://cdn.intermarche.pt/pt/Content/images/boitmal/produit/zoom/79F47B2678DBE00EE2984708354E1B18.jpg,,/product/sabao-barra-las-sedas-e-nylon/5601092005109
32999,Spray de lavagem a seco denim,8710522401811,11783,11422,200 ml,Day 2,,"14,95€/L","2,99€",https://cdn.intermarche.pt/pt/Content/images/boitmal/produit/zoom/AC42323F1265B0FBCFE113EF25F50BD9.jpg,,/product/spray-de-lavagem-a-seco-denim/8710522401811
52891,"Detergente em Pó Máquina de Roupa Active Clean, 12 Doses",8720181387357,11784,11422,,Skip,,"4,98€/Kg","2,99€",https://cdn.intermarche.pt/pt/Content/images/boitmal/produit/zoom/57A6A7FF199125F45C11F360C191B640.jpg,2024-10-04T22:59:59.999Z,/product/detergente-em-po-maquina-de-roupa-active-clean-12-doses/8720181387357
52940,"Detergente em Pó Máquina da Roupa Active Clean, 56 Doses",8720181387371,11784,11422,,Skip,,"4,28€/Kg","11,99€",https://cdn.intermarche.pt/pt/Content/images/boitmal/produit/zoom/6D72E9F962593AE16F324A09633BDCD9.jpg,2024-10-04T22:59:59.999Z,/product/detergente-em-po-maquina-da-roupa-active-clean-56-doses/8720181387371
43540,Detergente em pó máquina de lavar roupa active action,5604260312573,11784,11422,40 doses,PorSi,,"2,22€/Kg","5,59€",https://cdn.intermarche.pt/pt/Content/images/boitmal/produit/zoom/FE975708425CFF1FEBE99AC23A8643CF.jpg,,/product/detergente-em-po-maquina-de-lavar-roupa-active-action/5604260312573
43844,Detergente em pó máquina roupa lavanda,5604260312597,11784,11422,Embalagem de 10 doses,PorSi,,"3,16€/Kg","1,99€",https://cdn.intermarche.pt/pt/Content/images/boitmal/produit/zoom/C646FCBC647F5F4B46538CA7FDD43667.jpg,,/product/detergente-em-po-maquina-roupa-lavanda/5604260312597
43424,Detergente em pó máquina de lavar roupa sabão natural,5604260312627,11784,11422,100 doses,PorSi,,"1,67€/Kg","10,49€",https://cdn.intermarche.pt/pt/Content/images/boitmal/produit/zoom/A714B43F7253712C1241494AFB9D024A.jpg,,/product/detergente-em-po-maquina-de-lavar-roupa-sabao-natural/5604260312627
43722,Detergente em pó máquina de lavar roupa active action,5604260312566,11784,11422,10 doses,PorSi,,"3,16€/Kg","1,99€",https://cdn.intermarche.pt/pt/Content/images/boitmal/produit/zoom/065D787F2E00B335A5C3794AD8E05876.jpg,,/product/detergente-em-po-maquina-de-lavar-roupa-active-action/5604260312566
43425,Detergente em pó máquina de lavar roupa active action,5604260312580,11784,11422,75 doses,PorSi,,"2,11€/Kg","9,99€",https://cdn.intermarche.pt/pt/Content/images/boitmal/produit/zoom/54B9AFE1B4F2158A184FF653A744093E.jpg,,/product/detergente-em-po-maquina-de-lavar-roupa-active-action/5604260312580
29750,Detergente Maquina Roupa em Pó Sabão Azul e Branco,8410436294690,11784,11422,Embalagem de 70 doses,Persil,,"3,37€/Kg","12,49€",https://cdn.intermarche.pt/pt/Content/images/boitmal/produit/zoom/71E97F7DD28ED766675E099A943C5F96.jpg,,/product/detergente-maquina-roupa-em-po-sabao-azul-e-branco/8410436294690
43843,Detergente em pó máquina de lavar roupa lavanda,5604260312610,11784,11422,75 doses,PorSi,,"1,94€/Kg","9,19€",https://cdn.intermarche.pt/pt/Content/images/boitmal/produit/zoom/FAA4098DF505CE96F8DBE4EF0C3B2299.jpg,,/product/detergente-em-po-maquina-de-lavar-roupa-lavanda/5604260312610
43845,Detergente em pó máquina roupa lavanda,5604260312603,11784,11422,Embalagem de 40 doses,PorSi,,"2,77€/Kg","6,99€",https://cdn.intermarche.pt/pt/Content/images/boitmal/produit/zoom/358F0C6277111C23D2A062C635E6168E.jpg,,/product/detergente-em-po-maquina-roupa-lavanda/5604260312603
50555,Detergente Maquina Roupa em Pó Original,5601217137166,11784,11422,Embalagem de 85 doses,Xau,,"4,70€/Kg","19,99€",https://cdn.intermarche.pt/pt/Content/images/boitmal/produit/zoom/E81968FD7BC8A5BACD4162E0FF8B77CB.jpg,,/product/detergente-maquina-roupa-em-po-original/5601217137166
51640,Detergente Maquina Roupa em Pó Lavanda,5601217137159,11784,11422,Embalagem de 85 doses,Xau,,"4,70€/Kg","19,99€",https://cdn.intermarche.pt/pt/Content/images/boitmal/produit/zoom/AA85F06183D575D98C637E0570A06A19.jpg,,/product/detergente-maquina-roupa-em-po-lavanda/5601217137159
51177,Detergente máquina roupa sabão azul e branco,8410436440455,11785,11422,76 doses,Persil,,"9,99€/Unidade","9,99€",https://cdn.intermarche.pt/pt/Content/images/boitmal/produit/zoom/405B529427643132DC974A0DC45DDCCF.jpg,2024-10-04T22:59:59.999Z,/product/detergente-maquina-roupa-sabao-azul-e-branco/8410436440455
53800,Detergente Máquina Roupa Líquido Gel Total Color,8410436435574,11785,11422,Embalagem de 50 Doses,Xtra,,"3,55€/L","7,99€",https://cdn.intermarche.pt/pt/Content/images/boitmal/produit/zoom/4E596594043A409630F2B3B70BA9B24B.jpg,2024-10-04T22:59:59.999Z,/product/detergente-maquina-roupa-liquido-gel-total-color/8410436435574
54346,"Detergente Roupa Máquina Líquido Cuidado Diário, 80D",8435495843733,11785,11422,,Gama,,"5,99€/Unidade","5,99€",https://cdn.intermarche.pt/pt/Content/images/boitmal/produit/zoom/89F3701956C1BC588CE89678ABB30513.jpg,2024-10-04T22:59:59.999Z,/product/detergente-roupa-maquina-liquido-cuidado-diario-80d/8435495843733
52377,Detergente Máquina Roupa Líquido Sabão Natural,8720181385131,11785,11422,100 Doses,Skip,,"11,99€/Unidade","11,99€",https://cdn.intermarche.pt/pt/Content/images/boitmal/produit/zoom/C8D069DB25783C2FC7889DE8456B0590.jpg,2024-09-25T22:59:59.999Z,/product/detergente-maquina-roupa-liquido-sabao-natural/8720181385131
52326,Detergente Máquina Roupa Líquido Active Clean,8720181384776,11785,11422,56 Doses,Skip,,"9,99€/Unidade","9,99€",https://cdn.intermarche.pt/pt/Content/images/boitmal/produit/zoom/FB959F644F3F5B9BCC6B250AF56B6E18.jpg,2024-10-04T22:59:59.999Z,/product/detergente-maquina-roupa-liquido-active-clean/8720181384776
11672,Detergente líquido p/ máquina lavar roupa cores escuras,5601217126399,11785,11422,"Garrafa de 1,65 l",Woolite,,"4,24€/L","6,99€",https://cdn.intermarche.pt/pt/Content/images/boitmal/produit/zoom/F70AD128C36B39364F81379E51C417C0.jpg,2024-10-04T22:59:59.999Z,/product/detergente-liquido-p-ou-maquina-lavar-roupa-cores-escuras/5601217126399
52324,Detergente Máquina Roupa Líquido Active Fresh,8720181384899,11785,11422,56 Doses,Skip,,"9,99€/Unidade","9,99€",https://cdn.intermarche.pt/pt/Content/images/boitmal/produit/zoom/04DF579D55CD2D6A01A784ECE774108E.jpg,2024-10-04T22:59:59.999Z,/product/detergente-maquina-roupa-liquido-active-fresh/8720181384899
11671,Detergente líquido p/ máquina lavar roupa cores,5601217126382,11785,11422,"Garrafa de 1,65 l",Woolite,,"4,24€/L","6,99€",https://cdn.intermarche.pt/pt/Content/images/boitmal/produit/zoom/50465693868DD35972833B1D4D848AC2.jpg,2024-10-04T22:59:59.999Z,/product/detergente-liquido-p-ou-maquina-lavar-roupa-cores/5601217126382
52597,"Detergente Máquina Roupa Líquido Primavera, 69 doses",5601217137692,11785,11422,,Xau,,"8,99€/Unidade","8,99€",https://cdn.intermarche.pt/pt/Content/images/boitmal/produit/zoom/A8915C503274138B56F6F6F4AD27881F.jpg,2024-10-04T22:59:59.999Z,/product/detergente-maquina-roupa-liquido-primavera-69-doses/5601217137692
52941,"Detergente Líquido Máquina de Roupa Sabão Natural, 60 Doses",8720181386510,11785,11422,,Skip,,"2,96€/L","7,99€",https://cdn.intermarche.pt/pt/Content/images/boitmal/produit/zoom/F78D7BA1CEEC1BA7836B80E309E4D243.jpg,2024-10-04T22:59:59.999Z,/product/detergente-liquido-maquina-de-roupa-sabao-natural-60-doses/8720181386510
32391,Detergente Máquina Roupa Liquido Lãs e Sedas,5601217131317,11785,11422,Embalagem de 25 Doses,Woolite,,"3,99€/Unidade","3,99€",https://cdn.intermarche.pt/pt/Content/images/boitmal/produit/zoom/FE0D1CB71481296016D84D5B5038EC43.jpg,2024-10-04T22:59:59.999Z,/product/detergente-maquina-roupa-liquido-las-e-sedas/5601217131317
52325,Detergente Máquina Roupa Líquido Sensitive,8720181384868,11785,11422,56 Doses,Skip,,"9,99€/Unidade","9,99€",https://cdn.intermarche.pt/pt/Content/images/boitmal/produit/zoom/4DF32BF1564A4CFF4F3F63F53192D53C.jpg,2024-10-04T22:59:59.999Z,/product/detergente-maquina-roupa-liquido-sensitive/8720181384868
52372,Detergente Máquina Roupa Líquido Active Clean,8720181384783,11785,11422,76 Doses,Skip,,"11,99€/Unidade","11,99€",https://cdn.intermarche.pt/pt/Content/images/boitmal/produit/zoom/317EA4E845A007FE56B2D6D0E194B17C.jpg,2024-10-04T22:59:59.999Z,/product/detergente-maquina-roupa-liquido-active-clean/8720181384783
53044,"Detergente Roupa Máquina Líquido, 96 doses",8720181368769,11785,11422,,Omo,,"2,08€/L","8,99€",https://cdn.intermarche.pt/pt/Content/images/boitmal/produit/zoom/2FAC3B0E03EB13AA8A18297FAA079D90.jpg,2024-10-04T22:59:59.999Z,/product/detergente-roupa-maquina-liquido-96-doses/8720181368769
53240,"Detergente Líquido Máquina de Roupa 2 em 1 Ultimate, 52 Doses",8720181384264,11785,11422,,Skip,,"4,70€/L","10,99€",https://cdn.intermarche.pt/pt/Content/images/boitmal/produit/zoom/ADA1267F1850FE173AC42CD30CA77DD5.jpg,2024-10-04T22:59:59.999Z,/product/detergente-liquido-maquina-de-roupa-2-em-1-ultimate-52-doses/8720181384264
52327,Detergente Máquina Roupa Líquido Roupa Escura,8720181385087,11785,11422,56 Doses,Skip,,"9,99€/Unidade","9,99€",https://cdn.intermarche.pt/pt/Content/images/boitmal/produit/zoom/E0D1F9F4573871E5DC8853A835283320.jpg,2024-10-04T22:59:59.999Z,/product/detergente-maquina-roupa-liquido-roupa-escura/8720181385087
52328,Detergente Máquina Roupa Líquido Baby,8720181385100,11785,11422,56 Doses,Skip,,"9,99€/Unidade","9,99€",https://cdn.intermarche.pt/pt/Content/images/boitmal/produit/zoom/825352D7869A319C8A3A885BD4932367.jpg,2024-10-04T22:59:59.999Z,/product/detergente-maquina-roupa-liquido-baby/8720181385100
52373,Detergente Máquina Roupa Líquido Sensitive,8720181384929,11785,11422,76 Doses,Skip,,"11,99€/Unidade","11,99€",https://cdn.intermarche.pt/pt/Content/images/boitmal/produit/zoom/61929A1D7DD3255CD6C78DACDFB51F9A.jpg,2024-10-04T22:59:59.999Z,/product/detergente-maquina-roupa-liquido-sensitive/8720181384929
52893,"Detergente Líquido Máquina de Roupa Tropical, 84 Doses",8720182632258,11785,11422,,Surf,,"2,64€/L","9,99€",https://cdn.intermarche.pt/pt/Content/images/boitmal/produit/zoom/CAA92D4FBECE6F1387F408E79BA0989D.jpg,2024-10-04T22:59:59.999Z,/product/detergente-liquido-maquina-de-roupa-tropical-84-doses/8720182632258
52942,"Detergente Líquido Máquina de Roupa Cores, 56 Doses",8720181385070,11785,11422,,Skip,,"3,96€/L","9,99€",https://cdn.intermarche.pt/pt/Content/images/boitmal/produit/zoom/DA89C34C561727E74F60C33922AB0C9D.jpg,2024-10-04T22:59:59.999Z,/product/detergente-liquido-maquina-de-roupa-cores-56-doses/8720181385070
35578,Detergente líquido máquina de lavar roupa fresh sensation,8435495808626,11785,11422,85 doses,A+,,"2,82€/L","11,99€",https://cdn.intermarche.pt/pt/Content/images/boitmal/produit/zoom/4BD38648605DEC144AB799226784559D.jpg,2024-10-04T22:59:59.999Z,/product/detergente-liquido-maquina-de-lavar-roupa-fresh-sensation/8435495808626
42793,Detergente líquido máquina de lavar roupa cores,5601217134233,11785,11422,56 doses,Woolite,,"2,63€/L","9,99€",https://cdn.intermarche.pt/pt/Content/images/boitmal/produit/zoom/5077C3CE9CC09E26ECFA810C2B1D783A.jpg,2024-10-04T22:59:59.999Z,/product/detergente-liquido-maquina-de-lavar-roupa-cores/5601217134233
49556,Detergente líquido máquina roupa sabão natural,5601217136541,11785,11422,127 doses,Xau,,"2,45€/L","13,99€",https://cdn.intermarche.pt/pt/Content/images/boitmal/produit/zoom/EFA51F6E377F52AB025B9C1E70ECB1BC.jpg,2024-10-04T22:59:59.999Z,/product/detergente-liquido-maquina-roupa-sabao-natural/5601217136541
52902,"Detergente Líquido Máquina de Roupa Gel Ativo, 69 doses",5601217137708,11785,11422,,Xau,,"2,83€/L","8,99€",https://cdn.intermarche.pt/pt/Content/images/boitmal/produit/zoom/E0EA6D0C56A717E075A5E4DB2C7A794E.jpg,2024-10-04T22:59:59.999Z,/product/detergente-liquido-maquina-de-roupa-gel-ativo-69-doses/5601217137708
53239,"Detergente Líquido Máquina de Roupa Active Clean, 52 Doses",8720181384271,11785,11422,,Skip,,"4,70€/L","10,99€",https://cdn.intermarche.pt/pt/Content/images/boitmal/produit/zoom/E0785C7CA2091A08EA4BD781B8287B51.jpg,2024-10-04T22:59:59.999Z,/product/detergente-liquido-maquina-de-roupa-active-clean-52-doses/8720181384271
53785,Detergente Máquina Roupa Líquido Color,8410436445313,11785,11422,Embalagem de 100 Doses,Persil,,"3,33€/L","14,99€",https://cdn.intermarche.pt/pt/Content/images/boitmal/produit/zoom/C1FEC9F1EC504236CF01E6C61B51EB05.jpg,2024-10-04T22:59:59.999Z,/product/detergente-maquina-roupa-liquido-color/8410436445313
41400,Detergente líquido máquina de lavar roupa cores escuras,5601217134240,11785,11422,56 doses,Woolite,,"2,63€/L","9,99€",https://cdn.intermarche.pt/pt/Content/images/boitmal/produit/zoom/993E01BDCB8CD2FCD8220CF222551F57.jpg,2024-10-04T22:59:59.999Z,/product/detergente-liquido-maquina-de-lavar-roupa-cores-escuras/5601217134240
52333,Detergente Máquina Roupa Líquido Lavanda,5601217137715,11785,11422,69 Doses,Xau,,"8,99€/Unidade","8,99€",https://cdn.intermarche.pt/pt/Content/images/boitmal/produit/zoom/9FBBC0A7AEBA574DE66C68C8488E8F4C.jpg,2024-10-04T22:59:59.999Z,/product/detergente-maquina-roupa-liquido-lavanda/5601217137715
52374,Detergente Máquina Roupa Líquido Lavanda,8720181385063,11785,11422,76 Doses,Skip,,"10,99€/Unidade","10,99€",https://cdn.intermarche.pt/pt/Content/images/boitmal/produit/zoom/9168A118F4ECAE8C9BEFEC7E6D9C9016.jpg,2024-10-04T22:59:59.999Z,/product/detergente-maquina-roupa-liquido-lavanda/8720181385063
52892,"Detergente Roupa Máquina Líquido Coco, 84 Cápsulas",8720182632296,11785,11422,,Surf,,"2,64€/L","9,99€",https://cdn.intermarche.pt/pt/Content/images/boitmal/produit/zoom/10B97661DB4C68339D42D3336A959B4F.jpg,2024-10-04T22:59:59.999Z,/product/detergente-roupa-maquina-liquido-coco-84-capsulas/8720182632296
53801,Detergente Máquina Roupa Líquido Gel Universal,8410436435604,11785,11422,Embalagem de 50 Doses,Xtra,,"3,55€/L","7,99€",https://cdn.intermarche.pt/pt/Content/images/boitmal/produit/zoom/073738B9C787AEDD3994CD2BF79D8061.jpg,2024-10-04T22:59:59.999Z,/product/detergente-maquina-roupa-liquido-gel-universal/8410436435604
54347,"Detergente Roupa Máquina Líquido Jasmim, 100D",8435495843856,11785,11422,,Gama,,"9,99€/Unidade","9,99€",https://cdn.intermarche.pt/pt/Content/images/boitmal/produit/zoom/71FAFE3ED3D491259F6333560AAF7DA8.jpg,2024-10-04T22:59:59.999Z,/product/detergente-roupa-maquina-liquido-jasmim-100d/8435495843856
54530,"Detergente Máquina Roupa Líquido Expert, 40D",8410436468404,11785,11422,,Persil,,"7,99€/Unidade","7,99€",https://cdn.intermarche.pt/pt/Content/images/boitmal/produit/zoom/07D344A15524177C086B907C07490CF3.jpg,2024-10-04T22:59:59.999Z,/product/detergente-maquina-roupa-liquido-expert-40d/8410436468404
54533,"Detergente Máquina Roupa Liquído Expert Lavanda Gel, 54D",8410436467902,11785,11422,,Persil,,"9,99€/Unidade","9,99€",https://cdn.intermarche.pt/pt/Content/images/boitmal/produit/zoom/5E81C7BC377BA2F0633E5F994700E182.jpg,2024-10-04T22:59:59.999Z,/product/detergente-maquina-roupa-liquido-expert-lavanda-gel-54d/8410436467902
54534,"Detergente Máquina Roupa Liquído Expert Stain Removal Gel, 54D",8410436467964,11785,11422,,Persil,,"9,99€/Unidade","9,99€",https://cdn.intermarche.pt/pt/Content/images/boitmal/produit/zoom/509AF39AD69B895E042B5F96E25B0776.jpg,2024-10-04T22:59:59.999Z,/product/detergente-maquina-roupa-liquido-expert-stain-removal-gel-54d/8410436467964
54535,"Detergente Máquina Roupa Liquído Universal Ge, 60D",8410436468244,11785,11422,,Persil,,"9,99€/Unidade","9,99€",https://cdn.intermarche.pt/pt/Content/images/boitmal/produit/zoom/BC6EB44530D98773DF0B49E66EFD20DE.jpg,2024-10-04T22:59:59.999Z,/product/detergente-maquina-roupa-liquido-universal-ge-60d/8410436468244
48210,Detergente líquido máquina de roupa sabão natural,5604260323111,11785,11422,86 Doses,PorSi,,"1,58€/L","6,79€",https://cdn.intermarche.pt/pt/Content/images/boitmal/produit/zoom/74777F45E8AED1EC283F1182071F1C1E.jpg,,/product/detergente-liquido-maquina-de-roupa-sabao-natural/5604260323111
53758,Detergente Máquina Roupa Líquido Universal,8435495833833,11785,11422,Embalagem de 90 Doses,Gama,,"2,47€/L","9,99€",https://cdn.intermarche.pt/pt/Content/images/boitmal/produit/zoom/CD6C53630E31CBABE0C055A486FBD5A3.jpg,,/product/detergente-maquina-roupa-liquido-universal/8435495833833
48209,"Detergente líquido máquina de roupa delicada, 66 doses",5604260322787,11785,11422,,PorSi,,"1,41€/L","2,79€",https://cdn.intermarche.pt/pt/Content/images/boitmal/produit/zoom/D1552534B80C43B5DC20090AA96CB12B.jpg,,/product/detergente-liquido-maquina-de-roupa-delicada-66-doses/5604260322787
49215,Detergente líquido máquina roupa sabão natural,5604260322800,11785,11422,40 doses,PorSi,,"3,49€/Unidade","3,49€",https://cdn.intermarche.pt/pt/Content/images/boitmal/produit/zoom/1DE2F44204EF03F357D83986CBC68AF4.jpg,,/product/detergente-liquido-maquina-roupa-sabao-natural/5604260322800
52221,Detergente Máquina de Roupa Coco,8720181370427,11786,11422,45 cápsulas,Surf,,"8,99€/Unidade","8,99€",https://cdn.intermarche.pt/pt/Content/images/boitmal/produit/zoom/B89060F66F34B8E1C79FE5068E94C801.jpg,2024-10-04T22:59:59.999Z,/product/detergente-maquina-de-roupa-coco/8720181370427
53578,"Detergente Máquina Roupa Cápsulas Optimal, 38 unidades",8435495836452,11786,11422,,A+,,"8,99€/Unidade","8,99€",https://cdn.intermarche.pt/pt/Content/images/boitmal/produit/zoom/A152C9C75F49F8FB49CA4BA0395A8F08.jpg,2024-10-04T22:59:59.999Z,/product/detergente-maquina-roupa-capsulas-optimal-38-unidades/8435495836452
30420,Detergente Máquina de Roupa Tropical,8720181370403,11786,11422,45 cápsulas,Surf,,"8,99€/Unidade","8,99€",https://cdn.intermarche.pt/pt/Content/images/boitmal/produit/zoom/9FDE386D081EF0BCB653BE60C955496C.jpg,2024-10-04T22:59:59.999Z,/product/detergente-maquina-de-roupa-tropical/8720181370403
44647,Detergente para a Maquina da Roupa Active Clean,8720181102493,11786,11422,Embalagem de 54 unidades,Skip,,"13,99€/Unidade","13,99€",https://cdn.intermarche.pt/pt/Content/images/boitmal/produit/zoom/252C50E9AEEAC9B421D7BEF241F29B0F.jpg,2024-10-04T22:59:59.999Z,/product/detergente-para-a-maquina-da-roupa-active-clean/8720181102493
50277,Detergente máquina roupa 4 em 1,8410436429443,11786,11422,40 cápsulas,Persil,,"9,99€/Unidade","9,99€",https://cdn.intermarche.pt/pt/Content/images/boitmal/produit/zoom/5E047E9BAF43F15ECC8BBAF280F71764.jpg,2024-10-04T22:59:59.999Z,/product/detergente-maquina-roupa-4-em-1/8410436429443
51047,Detergente máquina roupa 4 em 1 lavanda,8410436430364,11786,11422,40 cápsulas,Persil,,"9,99€/Unidade","9,99€",https://cdn.intermarche.pt/pt/Content/images/boitmal/produit/zoom/A5FA7D78F48BA80F07906761E5B479A5.jpg,2024-10-04T22:59:59.999Z,/product/detergente-maquina-roupa-4-em-1-lavanda/8410436430364
52839,"Detergente Roupa Máquina Cápsulas Skip Baby Embalagem Cartão, 32 doses",8720181380686,11786,11422,,Skip,,"8,99€/Unidade","8,99€",https://cdn.intermarche.pt/pt/Content/images/boitmal/produit/zoom/9D5657D4263153C15B398271532DDB88.jpg,2024-10-04T22:59:59.999Z,/product/detergente-roupa-maquina-capsulas-skip-baby-embalagem-cartao-32-doses/8720181380686
51178,Detergente Máquina Roupa Universal 4 em 1,8410436428255,11786,11422,52 cápsulas,Persil,,"11,99€/Unidade","11,99€",https://cdn.intermarche.pt/pt/Content/images/boitmal/produit/zoom/3142CD08DE798233E1B3C4D949069117.jpg,2024-10-04T22:59:59.999Z,/product/detergente-maquina-roupa-universal-4-em-1/8410436428255
52896,"Detergente Cápsulas Máquina de Roupa Sensitive, 40 doses",8720181380716,11786,11422,,Skip,,"10,99€/Unidade","10,99€",https://cdn.intermarche.pt/pt/Content/images/boitmal/produit/zoom/FA591D23EC9054B7221A5C30B763EC5B.jpg,2024-10-04T22:59:59.999Z,/product/detergente-capsulas-maquina-de-roupa-sensitive-40-doses/8720181380716
51045,Detergente máquina roupa 4 em 1 cores,8410436430333,11786,11422,40 cápsulas,Persil,,"9,99€/Unidade","9,99€",https://cdn.intermarche.pt/pt/Content/images/boitmal/produit/zoom/21E8A88E10242605576CE0A0A6ED8A8F.jpg,2024-10-04T22:59:59.999Z,/product/detergente-maquina-roupa-4-em-1-cores/8410436430333
51046,Detergente máquina roupa 4 em 1 higiene,8410436430302,11786,11422,40 cápsulas,Persil,,"9,99€/Unidade","9,99€",https://cdn.intermarche.pt/pt/Content/images/boitmal/produit/zoom/09E2120D5436CC8D9F8EA9878657CDBE.jpg,2024-10-04T22:59:59.999Z,/product/detergente-maquina-roupa-4-em-1-higiene/8410436430302
52515,Detergente Máquina Roupa Lavanda 4 em 1,8410436428286,11786,11422,52 cápsulas,Persil,,"11,99€/Unidade","11,99€",https://cdn.intermarche.pt/pt/Content/images/boitmal/produit/zoom/3C29F379B133D1B4112F30841E028F7E.jpg,2024-10-04T22:59:59.999Z,/product/detergente-maquina-roupa-lavanda-4-em-1/8410436428286
52516,Detergente Máquina Roupa Color 4 em 1,8410436428644,11786,11422,52 cápsulas,Persil,,"11,99€/Unidade","11,99€",https://cdn.intermarche.pt/pt/Content/images/boitmal/produit/zoom/E6866AE215D31A4746438D7FCE2CBCF2.jpg,2024-10-04T22:59:59.999Z,/product/detergente-maquina-roupa-color-4-em-1/8410436428644
52822,"Detergente Roupa Máquina Lavanda, 45 Cápsulas",8720181370410,11786,11422,,Surf,,"8,99€/Unidade","8,99€",https://cdn.intermarche.pt/pt/Content/images/boitmal/produit/zoom/03C32791CB110C00C5A1778F6D2E4142.jpg,2024-10-04T22:59:59.999Z,/product/detergente-roupa-maquina-lavanda-45-capsulas/8720181370410
52894,"Detergente Cápsulas Máquina de Roupa Cores Ultimate, 32 doses",8720181380662,11786,11422,,Skip,,"8,99€/Unidade","8,99€",https://cdn.intermarche.pt/pt/Content/images/boitmal/produit/zoom/B1683867F45318233084D2B03D3717BC.jpg,2024-10-04T22:59:59.999Z,/product/detergente-capsulas-maquina-de-roupa-cores-ultimate-32-doses/8720181380662
52895,"Detergente Cápsulas Máquina de Roupa Active Clean, 32 doses",8720181380648,11786,11422,,Skip,,"8,99€/Unidade","8,99€",https://cdn.intermarche.pt/pt/Content/images/boitmal/produit/zoom/AFDAFD11D9A3E06FF9612A9C5A925C33.jpg,2024-10-04T22:59:59.999Z,/product/detergente-capsulas-maquina-de-roupa-active-clean-32-doses/8720181380648
53579,"Detergente Máquina Roupa Cápsulas Colour, 38 unidades",8435495836483,11786,11422,,A+,,"8,99€/Unidade","8,99€",https://cdn.intermarche.pt/pt/Content/images/boitmal/produit/zoom/C52A1EADAB9AE91BB2279362B5BD84E9.jpg,2024-10-04T22:59:59.999Z,/product/detergente-maquina-roupa-capsulas-colour-38-unidades/8435495836483
53580,"Detergente Máquina Roupa Cápsulas Fresh Flowers, 38 unidades",8435495836513,11786,11422,,A+,,"8,99€/Unidade","8,99€",https://cdn.intermarche.pt/pt/Content/images/boitmal/produit/zoom/32EDA3D0F46E31622CE84E6E57674B88.jpg,2024-10-04T22:59:59.999Z,/product/detergente-maquina-roupa-capsulas-fresh-flowers-38-unidades/8435495836513
54618,"Detergente Máquina Roupa Cápsulas Ultimate Sabão Natural, 40D",8720181513954,11786,11422,,Skip,,"9,99€/Unidade","9,99€",https://cdn.intermarche.pt/pt/Content/images/boitmal/produit/zoom/703B39D1A0F3731987F0A7AC8020711B.jpg,2024-09-25T22:59:59.999Z,/product/detergente-maquina-roupa-capsulas-ultimate-sabao-natural-40d/8720181513954
45685,Detergente máquina roupa Tahiti,5604260312870,11786,11422,Embalagem de 30 cápsulas,PorSi,,"6,49€/Unidade","6,49€",https://cdn.intermarche.pt/pt/Content/images/boitmal/produit/zoom/BD39E0DD6FD192263DA1D794CFA7BB52.jpg,,/product/detergente-maquina-roupa-tahiti/5604260312870
46278,Detergente máquina roupa duo caps,5604260312863,11786,11422,20 cápsulas,PorSi,,"4,99€/Unidade","4,99€",https://cdn.intermarche.pt/pt/Content/images/boitmal/produit/zoom/8BB3B2EE1C49474ED782672C12D67919.jpg,,/product/detergente-maquina-roupa-duo-caps/5604260312863
45451,"Detergente de máquina para roupa, duocaps floral",5604260312849,11786,11422,20 doses,PorSi,,"4,59€/Unidade","4,59€",https://cdn.intermarche.pt/pt/Content/images/boitmal/produit/zoom/3DFD2073537FC79E4962A4100FD3D13F.jpg,,/product/detergente-de-maquina-para-roupa-duocaps-floral/5604260312849
52897,"Amaciador Concentrado Essência Pure, 74 Doses",8720181392917,11787,11422,,Comfort,,"2,62€/L","3,49€",https://cdn.intermarche.pt/pt/Content/images/boitmal/produit/zoom/6C81AB307354BD851AD24288672BBAB9.jpg,2024-10-04T22:59:59.999Z,/product/amaciador-concentrado-essencia-pure-74-doses/8720181392917
51428,Amaciador Concentrado Fragrância Fascinante,8410436441490,11787,11422,70 doses,Vernel,,"3,49€/Unidade","3,49€",https://cdn.intermarche.pt/pt/Content/images/boitmal/produit/zoom/1E2A99C4C03491111A29104F2EBEAA9A.jpg,2024-10-04T22:59:59.999Z,/product/amaciador-concentrado-fragrancia-fascinante/8410436441490
51430,Amaciador Concentrado Água Coco e Minerais,8410436442053,11787,11422,70 doses,Vernel,,"3,49€/Unidade","3,49€",https://cdn.intermarche.pt/pt/Content/images/boitmal/produit/zoom/179245E7FC668DE2AC2EE670CF2D99F0.jpg,2024-10-04T22:59:59.999Z,/product/amaciador-concentrado-agua-coco-e-minerais/8410436442053
52337,Amaciador Roupa Concentrado Creations Flor de Lótus e Lima,8720181392955,11787,11422,76 Doses,Comfort,,"3,99€/Unidade","3,99€",https://cdn.intermarche.pt/pt/Content/images/boitmal/produit/zoom/18DD584DA1A39A596C301D171EB7721A.jpg,2024-10-04T22:59:59.999Z,/product/amaciador-roupa-concentrado-creations-flor-de-lotus-e-lima/8720181392955
51537,Amaciador Concentrado Maldivas,8410436441827,11787,11422,70 doses,Vernel,,"3,49€/Unidade","3,49€",https://cdn.intermarche.pt/pt/Content/images/boitmal/produit/zoom/1E5954FABCBB04BE4B29CED1B30BFE51.jpg,2024-10-04T22:59:59.999Z,/product/amaciador-concentrado-maldivas/8410436441827
51427,Amaciador Concentrado Lírio Irresistível,8410436441766,11787,11422,70 doses,Vernel,,"3,49€/Unidade","3,49€",https://cdn.intermarche.pt/pt/Content/images/boitmal/produit/zoom/DE9021DA501490230A96ECEA8DFE738E.jpg,2024-10-04T22:59:59.999Z,/product/amaciador-concentrado-lirio-irresistivel/8410436441766
51429,Amaciador Concentrado Magia De Magnólia,8410436441582,11787,11422,70 doses,Vernel,,"3,49€/Unidade","3,49€",https://cdn.intermarche.pt/pt/Content/images/boitmal/produit/zoom/62706D733A79A883B313F5BDFF7369D2.jpg,2024-10-04T22:59:59.999Z,/product/amaciador-concentrado-magia-de-magnolia/8410436441582
52338,Amaciador Roupa Concentrado Creations Jasmim e Mirtilo,8720181392931,11787,11422,76 Doses,Comfort,,"3,99€/Unidade","3,99€",https://cdn.intermarche.pt/pt/Content/images/boitmal/produit/zoom/DED7323146382FF9F9D6D0F2196F9D63.jpg,2024-10-04T22:59:59.999Z,/product/amaciador-roupa-concentrado-creations-jasmim-e-mirtilo/8720181392931
52339,Amaciador Roupa Concentrado Creations Lírios e Morango,8720181392924,11787,11422,76 Doses,Comfort,,"3,99€/Unidade","3,99€",https://cdn.intermarche.pt/pt/Content/images/boitmal/produit/zoom/8F3E1CB8E1F41E507DB7FBA8EF126461.jpg,2024-10-04T22:59:59.999Z,/product/amaciador-roupa-concentrado-creations-lirios-e-morango/8720181392924
16229,"Amaciador de roupa, pure",8712561587495,11787,11422,Garrafa de 4 l,Comfort,,"1,25€/L","4,99€",https://cdn.intermarche.pt/pt/Content/images/boitmal/produit/zoom/AAE7E7461FE5C9CAA68CFDC37842673D.jpg,2024-10-04T22:59:59.999Z,/product/amaciador-de-roupa-pure/8712561587495
52600,"Amaciador Roupa Concentrado Ouro e Orquídea Branca, 95 doses",5601217137951,11787,11422,,Quanto,,"2,33€/L","3,99€",https://cdn.intermarche.pt/pt/Content/images/boitmal/produit/zoom/A89E9019D654EFABC7388FF37B1BF310.jpg,2024-10-04T22:59:59.999Z,/product/amaciador-roupa-concentrado-ouro-e-orquidea-branca-95-doses/5601217137951
52340,Amaciador Roupa Concentrado Creations Madressilva e Sândalo,8720181392962,11787,11422,76 Doses,Comfort,,"3,99€/Unidade","3,99€",https://cdn.intermarche.pt/pt/Content/images/boitmal/produit/zoom/6B8F8DA9C5DF28DF49A227B125CD9AD5.jpg,2024-10-04T22:59:59.999Z,/product/amaciador-roupa-concentrado-creations-madressilva-e-sandalo/8720181392962
16230,"Amaciador de roupa, azul",8712561587594,11787,11422,Garrafa de 4 l,Comfort,,"1,25€/L","4,99€",https://cdn.intermarche.pt/pt/Content/images/boitmal/produit/zoom/27CE8767BA23CA7628783B3F31A16F69.jpg,2024-10-04T22:59:59.999Z,/product/amaciador-de-roupa-azul/8712561587594
20803,Amaciador Roupa Concentrado Fragrância Fascinante,8410436441612,11787,11422,95 Doses,Vernel,,"2,33€/L","3,99€",https://cdn.intermarche.pt/pt/Content/images/boitmal/produit/zoom/E4DB5E7449839C1C25E1C99EC184A696.jpg,2024-10-04T22:59:59.999Z,/product/amaciador-roupa-concentrado-fragrancia-fascinante/8410436441612
51515,Amaciador Roupa Concentrado Maldivas,8410436441940,11787,11422,95 Doses,Vernel,,"2,63€/L","4,49€",https://cdn.intermarche.pt/pt/Content/images/boitmal/produit/zoom/74D405E8BCDAE971AE116F6039A2037A.jpg,2024-10-04T22:59:59.999Z,/product/amaciador-roupa-concentrado-maldivas/8410436441940
52335,Amaciador Roupa Concentrado Creations Angélicas e Flor de Baunilha,8720181392979,11787,11422,76 Doses,Comfort,,"3,99€/Unidade","3,99€",https://cdn.intermarche.pt/pt/Content/images/boitmal/produit/zoom/88E220DCA59FCA8026855622E667F899.jpg,2024-10-04T22:59:59.999Z,/product/amaciador-roupa-concentrado-creations-angelicas-e-flor-de-baunilha/8720181392979
52598,"Amaciador Roupa Concentrado Frutos Silvestres, 95 doses",5601217137975,11787,11422,,Quanto,,"2,33€/L","3,99€",https://cdn.intermarche.pt/pt/Content/images/boitmal/produit/zoom/425B618E435B239C500E88642C038EB6.jpg,2024-10-04T22:59:59.999Z,/product/amaciador-roupa-concentrado-frutos-silvestres-95-doses/5601217137975
52601,"Amaciador Roupa Concentrado Rubi e Jasmim, 95 doses",5601217137944,11787,11422,,Quanto,,"2,33€/L","3,99€",https://cdn.intermarche.pt/pt/Content/images/boitmal/produit/zoom/EFA6AAA584BAA33F31E0C73AACE65A5B.jpg,2024-10-04T22:59:59.999Z,/product/amaciador-roupa-concentrado-rubi-e-jasmim-95-doses/5601217137944
51535,Amaciador Concentrado Delicado,8410436441858,11787,11422,70 doses,Vernel,,"3,49€/Unidade","3,49€",https://cdn.intermarche.pt/pt/Content/images/boitmal/produit/zoom/8ECD583ED79AF08520CD76642589EEE1.jpg,2024-10-04T22:59:59.999Z,/product/amaciador-concentrado-delicado/8410436441858
52599,"Amaciador Roupa Concentrado Violetas do Bosque, 95 doses",5601217137968,11787,11422,,Quanto,,"2,33€/L","3,99€",https://cdn.intermarche.pt/pt/Content/images/boitmal/produit/zoom/158716B89DDA66C93B622A001C4C974A.jpg,2024-10-04T22:59:59.999Z,/product/amaciador-roupa-concentrado-violetas-do-bosque-95-doses/5601217137968
52943,"Amaciador Concentrado Essência Sunfresh, 74 Doses",8720181392894,11787,11422,,Comfort,,"2,62€/L","3,49€",https://cdn.intermarche.pt/pt/Content/images/boitmal/produit/zoom/4B45CB47C484E122AFEE45709A63BE0A.jpg,2024-10-04T22:59:59.999Z,/product/amaciador-concentrado-essencia-sunfresh-74-doses/8720181392894
52336,Amaciador Roupa Concentrado Creations Leite de Coco e Óleo de Argão,8720181392948,11787,11422,76 Doses,Comfort,,"3,99€/Unidade","3,99€",https://cdn.intermarche.pt/pt/Content/images/boitmal/produit/zoom/B5AB3913DE6B52169BC469E25747FB10.jpg,2024-10-04T22:59:59.999Z,/product/amaciador-roupa-concentrado-creations-leite-de-coco-e-oleo-de-argao/8720181392948
53298,"Amaciador Concentrado Elixir Lirios Azuis, 63 doses",5601217137340,11787,11422,,Quanto,,"4,49€/Unidade","4,49€",https://cdn.intermarche.pt/pt/Content/images/boitmal/produit/zoom/04A75B6D2F080DBEA2B17AF9A038F6C7.jpg,2024-10-04T22:59:59.999Z,/product/amaciador-concentrado-elixir-lirios-azuis-63-doses/5601217137340
52602,"Amaciador Roupa Concentrado Lirios e Frutos Vermelhos, 95 doses",5601217137937,11787,11422,,Quanto,,"2,33€/L","3,99€",https://cdn.intermarche.pt/pt/Content/images/boitmal/produit/zoom/563FAA46B02CF60B1C429C7EDCFFBB40.jpg,2024-10-04T22:59:59.999Z,/product/amaciador-roupa-concentrado-lirios-e-frutos-vermelhos-95-doses/5601217137937
52944,"Amaciador Concentrado Essência Azul, 74 Doses",8720181392900,11787,11422,,Comfort,,"2,62€/L","3,49€",https://cdn.intermarche.pt/pt/Content/images/boitmal/produit/zoom/E11C27145AD703889B20EE3212D34D08.jpg,2024-10-04T22:59:59.999Z,/product/amaciador-concentrado-essencia-azul-74-doses/8720181392900
53299,"Amaciador Concentrado Elixir Rosas, 63 doses",5601217137357,11787,11422,,Quanto,,"4,49€/Unidade","4,49€",https://cdn.intermarche.pt/pt/Content/images/boitmal/produit/zoom/9F96C3255289D57CD765C87A41F753EE.jpg,2024-10-04T22:59:59.999Z,/product/amaciador-concentrado-elixir-rosas-63-doses/5601217137357
54348,"Amaciador Roupa Concentrado Ouro E Orquídea Branca, 74D",5601217138064,11787,11422,,Quanto,,"2,99€/Unidade","2,99€",https://cdn.intermarche.pt/pt/Content/images/boitmal/produit/zoom/D6DC310FE60983E70DC521CFECDCD8E8.jpg,2024-10-04T22:59:59.999Z,/product/amaciador-roupa-concentrado-ouro-e-orquidea-branca-74d/5601217138064
54349,"Amaciador Roupa Concentrado Ametista E Íris, 74D",5601217138040,11787,11422,,Quanto,,"2,99€/Unidade","2,99€",https://cdn.intermarche.pt/pt/Content/images/boitmal/produit/zoom/B7FD642DFDD8A663D0A9F433068EF8D7.jpg,2024-10-04T22:59:59.999Z,/product/amaciador-roupa-concentrado-ametista-e-iris-74d/5601217138040
43027,"Amaciador concentrado para roupa aloé vera, 80 doses",5604260309948,11787,11422,,PorSi,,"1,00€/L","1,99€",https://cdn.intermarche.pt/pt/Content/images/boitmal/produit/zoom/8F5D9E9881CF7344832E8C38BDD4AAAF.jpg,,/product/amaciador-concentrado-para-roupa-aloe-vera-80-doses/5604260309948
43542,"Amaciador concentrado para roupa jojoba, 80 doses",5604260309962,11787,11422,,PorSi,,"0,93€/L","1,85€",https://cdn.intermarche.pt/pt/Content/images/boitmal/produit/zoom/94FE1121B49E8CA3F6DE747E6FC615FD.jpg,,/product/amaciador-concentrado-para-roupa-jojoba-80-doses/5604260309962
43543,Amaciador concentrado para roupa alfazema,5604260309931,11787,11422,80 doses,PorSi,,"1,00€/L","1,99€",https://cdn.intermarche.pt/pt/Content/images/boitmal/produit/zoom/5409BC73A7BC8F3D22007B47163FD8C7.jpg,,/product/amaciador-concentrado-para-roupa-alfazema/5604260309931
48137,Amaciador concentrado talco,5604260323319,11787,11422,80 doses,PorSi,,"0,90€/L","1,79€",https://cdn.intermarche.pt/pt/Content/images/boitmal/produit/zoom/19A86120D5B46985AF96636938E62EA9.jpg,,/product/amaciador-concentrado-talco/5604260323319
48138,"Amaciador concentrado spa, 80 doses",5604260323302,11787,11422,,PorSi,,"0,90€/L","1,79€",https://cdn.intermarche.pt/pt/Content/images/boitmal/produit/zoom/B55A72265AD19CED3CBED903155DF619.jpg,,/product/amaciador-concentrado-spa-80-doses/5604260323302
43544,"Amaciador concentrado para roupa pétalas de rosa, 80 doses",5604260309979,11787,11422,,PorSi,,"1,00€/L","1,99€",https://cdn.intermarche.pt/pt/Content/images/boitmal/produit/zoom/BDA41368C6420E9C55F887725D9E81AD.jpg,,/product/amaciador-concentrado-para-roupa-petalas-de-rosa-80-doses/5604260309979
43541,Amaciador concentrado para roupa floral,5604260309955,11787,11422,80 doses,PorSi,,"1,00€/L","1,99€",https://cdn.intermarche.pt/pt/Content/images/boitmal/produit/zoom/AC8E28B5914FC2CC7805AFF54F6F924A.jpg,,/product/amaciador-concentrado-para-roupa-floral/5604260309955
40788,"Amaciador roupa concentrado lírios e morango, 60 doses",5604260303700,11787,11422,,PorSi,,"2,39€/Unidade","2,39€",https://cdn.intermarche.pt/pt/Content/images/boitmal/produit/zoom/660FEABEFF238540CE2A0A5E0FEB81E0.jpg,,/product/amaciador-roupa-concentrado-lirios-e-morango-60-doses/5604260303700
40748,Amaciador roupa suave,5604260303939,11787,11422,Embalagem de 60 doses,PorSi,,"0,89€/L","3,49€",https://cdn.intermarche.pt/pt/Content/images/boitmal/produit/zoom/71E0C5838A47FFBB21435A34C9F0466D.jpg,,/product/amaciador-roupa-suave/5604260303939
35006,Amaciador concentrado para a roupa essência fresh,5604260283781,11787,11422,60 doses,PorSi,,"1,59€/L","2,39€",https://cdn.intermarche.pt/pt/Content/images/boitmal/produit/zoom/89D4EA9FF1041E50C3435F294AA76DAD.jpg,,/product/amaciador-concentrado-para-a-roupa-essencia-fresh/5604260283781
40746,Amaciador Roupa lavanda,5604260303915,11787,11422,Embalagem de 60 doses,PorSi,,"0,95€/L","3,69€",https://cdn.intermarche.pt/pt/Content/images/boitmal/produit/zoom/71A1D4E7F3ACB12BD45D167C1DFE77C3.jpg,,/product/amaciador-roupa-lavanda/5604260303915
9612,Amaciador Roupa Bosque,5604260303908,11787,11422,Embalagem de 60 doses,PorSi,,"0,89€/L","3,49€",https://cdn.intermarche.pt/pt/Content/images/boitmal/produit/zoom/DE3F40F71EEBB38CFE27516372ED67B4.jpg,,/product/amaciador-roupa-bosque/5604260303908
7293,"Anti-calcário para máquina de roupa, em gel",3141360050001,11788,11422,Garrafa de 750 ml,Calgon,,"9,32€/L","6,99€",https://cdn.intermarche.pt/pt/Content/images/boitmal/produit/zoom/CBAA20E2D0B47492F063F2C7CE6B7F2D.jpg,2024-10-04T22:59:59.999Z,/product/anti-calcario-para-maquina-de-roupa-em-gel/3141360050001
51181,"Perfumador de Roupa Azul, 36 doses",5601217137265,11788,11422,,Quanto,,"2,99€/Unidade","2,99€",https://cdn.intermarche.pt/pt/Content/images/boitmal/produit/zoom/D220904A5CC7339C1FC4FDBF74A24C1B.jpg,2024-10-04T22:59:59.999Z,/product/perfumador-de-roupa-azul-36-doses/5601217137265
4484,Anti-calcário para máquina de roupa,4002448003533,11788,11422,Embalagem de 15 pastilhas,Calgon,,"6,99€/Unidade","6,99€",https://cdn.intermarche.pt/pt/Content/images/boitmal/produit/zoom/1547C9E7DE90C6A0D94D17E806301F7A.jpg,2024-10-04T22:59:59.999Z,/product/anti-calcario-para-maquina-de-roupa/4002448003533
33154,Pérolas de Perfume Fresh,8001841006710,11788,11422,Embalagem de 210g,Lenor,,"28,52€/Kg","5,99€",https://cdn.intermarche.pt/pt/Content/images/boitmal/produit/zoom/8ED8ADB909211D365E80EE2B546E6B4F.jpg,2024-10-04T22:59:59.999Z,/product/perolas-de-perfume-fresh/8001841006710
51080,Pérolas de Perfume Alpes,8006540758915,11788,11422,embalagem de 210 g,Lenor,,"28,52€/Kg","5,99€",https://cdn.intermarche.pt/pt/Content/images/boitmal/produit/zoom/7FE25533A3B86FCEAB24437DE26C601D.jpg,2024-10-04T22:59:59.999Z,/product/perolas-de-perfume-alpes/8006540758915
51081,Pérolas de Perfume Sensations,8006540758946,11788,11422,embalagem de 210 g,Lenor,,"28,52€/Kg","5,99€",https://cdn.intermarche.pt/pt/Content/images/boitmal/produit/zoom/C61FE804239F09CC477FFED570E1078D.jpg,2024-10-04T22:59:59.999Z,/product/perolas-de-perfume-sensations/8006540758946
29132,"Tira Nódoas Brancos em Pó, 1 kg",8710522322130,11788,11422,,Skip,,"7,19€/Kg","7,19€",https://cdn.intermarche.pt/pt/Content/images/boitmal/produit/zoom/DD9DAEDD8BEF01F645D8C34A69A9208C.jpg,2024-09-25T22:59:59.999Z,/product/tira-nodoas-brancos-em-po-1-kg/8710522322130
29313,Anticalcário p/máquina roupa em pó,8710552260594,11788,11422,Embalagem de 500g,Calgon,,"13,98€/Kg","6,99€",https://cdn.intermarche.pt/pt/Content/images/boitmal/produit/zoom/4C660984AE676BC886E4E4AD0C7560F4.jpg,2024-10-04T22:59:59.999Z,/product/anticalcario-p-ou-maquina-roupa-em-po/8710552260594
29369,"Tira Nódoas em Pó Cores, 1 kg",8710522322116,11788,11422,,Skip,,"7,19€/Kg","7,19€",https://cdn.intermarche.pt/pt/Content/images/boitmal/produit/zoom/BCC51FAACF715BA76CA6D894D9421BF2.jpg,2024-09-25T22:59:59.999Z,/product/tira-nodoas-em-po-cores-1-kg/8710522322116
29370,"Tira Nódoas em Gel Cores, 1.6 l",8710522322154,11788,11422,,Skip,,"4,49€/L","7,19€",https://cdn.intermarche.pt/pt/Content/images/boitmal/produit/zoom/0629C0D5C3753AC34B5690FC3752C6C0.jpg,2024-09-25T22:59:59.999Z,/product/tira-nodoas-em-gel-cores-1.6-l/8710522322154
52900,"Intensificador Perfume Líquido Lavanda 36D, 720ml",5601217138088,11788,11422,,Quanto,,"4,15€/L","2,99€",https://cdn.intermarche.pt/pt/Content/images/boitmal/produit/zoom/CAC5CEAACB3DCE6D8F3FF5B4761BDD42.jpg,2024-10-04T22:59:59.999Z,/product/intensificador-perfume-liquido-lavanda-36d-720ml/5601217138088
53815,Intensificador Perfume Pérolas Unstoppables Fresh,8001090938015,11788,11422,Embalagem de 510g,Lenor,,"21,55€/Kg","10,99€",https://cdn.intermarche.pt/pt/Content/images/boitmal/produit/zoom/431B7C52111EEA42B51370F99ED6B13A.jpg,2024-10-04T22:59:59.999Z,/product/intensificador-perfume-perolas-unstoppables-fresh/8001090938015
54603,"Intensificador Perfume Tropical, 760ml",8720181292873,11788,11422,,Comfort,,"4,59€/L","3,49€",https://cdn.intermarche.pt/pt/Content/images/boitmal/produit/zoom/3BA59D17D5C4752E05E829D4540DEF17.jpg,2024-09-25T22:59:59.999Z,/product/intensificador-perfume-tropical-760ml/8720181292873
10111,"Pré-lavagem power gel, garrafa de 200 ml",8410104402501,11788,11422,,Vanish,,"19,45€/L","3,89€",https://cdn.intermarche.pt/pt/Content/images/boitmal/produit/zoom/43BF12F00EF01640414435278CB9BD77.jpg,,/product/pre-lavagem-power-gel-garrafa-de-200-ml/8410104402501
33481,Limpa máquinas de roupa tripla ação,5604260285112,11788,11422,Embalagem de 250 ml,PorSi,,"6,36€/L","1,59€",https://cdn.intermarche.pt/pt/Content/images/boitmal/produit/zoom/ADA8AC2A0BE0ED55A687A56645EEC09F.jpg,,/product/limpa-maquinas-de-roupa-tripla-acao/5604260285112
45697,Toalhitas proteção cores,5604260313426,11788,11422,Embalagem de 20 unidades,PorSi,,"1,69€/Unidade","1,69€",https://cdn.intermarche.pt/pt/Content/images/boitmal/produit/zoom/13BCA82191B32BA24C7CB1CC7025F64E.jpg,,/product/toalhitas-protecao-cores/5604260313426
5954,"Tira nódoas, gel oxi",5604260267026,11788,11422,Embalagem de 750 ml,PorSi,,"2,65€/L","1,99€",https://cdn.intermarche.pt/pt/Content/images/boitmal/produit/zoom/B0B13825D20BF143B955A65EB6AA07BA.jpg,,/product/tira-nodoas-gel-oxi/5604260267026
43658,Perolas perfumadas fresh,5604260312672,11788,11422,Embalagem de 275 g,PorSi,,"10,87€/Kg","2,99€",https://cdn.intermarche.pt/pt/Content/images/boitmal/produit/zoom/4A41B4FACDA7EF6E3D263E1AEB934F2C.jpg,,/product/perolas-perfumadas-fresh/5604260312672
43546,Tira nódoas roupa em pó oxy white,5604260312207,11788,11422,Embalagem de 1 kg,PorSi,,"2,99€/Kg","2,99€",https://cdn.intermarche.pt/pt/Content/images/boitmal/produit/zoom/6DD8CF4F26F280EF609C5726F98AB244.jpg,,/product/tira-nodoas-roupa-em-po-oxy-white/5604260312207
43545,Tira nódoas roupa em pó oxy cores,5604260312214,11788,11422,Embalagem de 1 kg,PorSi,,"2,99€/Kg","2,99€",https://cdn.intermarche.pt/pt/Content/images/boitmal/produit/zoom/1AE9B6880740611A551DFF93DC701D18.jpg,,/product/tira-nodoas-roupa-em-po-oxy-cores/5604260312214
51404,Água engomar perfumada rosas,5604260324262,11788,11422,Garrafa de 1 l,PorSi,,"0,69€/L","0,69€",https://cdn.intermarche.pt/pt/Content/images/boitmal/produit/zoom/A0ADCC8BA0C8F6149476DF34FC833A0C.jpg,,/product/agua-engomar-perfumada-rosas/5604260324262
22955,"Desinfetante para Roupa, 500ml",3045200760009,11788,11422,,Sanytol,,"7,18€/L","3,59€",https://cdn.intermarche.pt/pt/Content/images/boitmal/produit/zoom/709F2A22592CEA8E23DD3F8388E2B789.jpg,,/product/desinfetante-para-roupa-500ml/3045200760009
7934,"Toalhitas de proteção, cores, 10 unidades",5000146401568,11788,11422,Uma embalagem,Woolite,,"3,49€/Unidade","3,49€",https://cdn.intermarche.pt/pt/Content/images/boitmal/produit/zoom/8006ECA8865AFA4186DE4F5AE9DE3562.jpg,,/product/toalhitas-de-protecao-cores-10-unidades/5000146401568
46495,Spray gentil desengordurante,5604260318629,11788,11422,750 ml,PorSi,,"2,52€/L","1,89€",https://cdn.intermarche.pt/pt/Content/images/boitmal/produit/zoom/E1E3E34581A1C16FEA55873223BE24EE.jpg,,/product/spray-gentil-desengordurante/5604260318629
16428,"Anti-calcário em pó, máquina roupa",5604260276981,11788,11422,Embalagem de 800g,PorSi,,"4,99€/Kg","3,99€",https://cdn.intermarche.pt/pt/Content/images/boitmal/produit/zoom/F62EB807A060CC28B882F1EE6E56B867.jpg,,/product/anti-calcario-em-po-maquina-roupa/5604260276981
21140,"Desinfetante Têxtil, 500 ml",3045206331005,11788,11422,,Sanytol,,"10,78€/L","5,39€",https://cdn.intermarche.pt/pt/Content/images/boitmal/produit/zoom/AA81088C3708467E524D8B47F700AA46.jpg,,/product/desinfetante-textil-500-ml/3045206331005
43751,Desodorizante textil,5604260312795,11788,11422,500 ml,PorSi,,"39,80€/L","1,99€",https://cdn.intermarche.pt/pt/Content/images/boitmal/produit/zoom/A7B41F8A97AEAEA39DBD0CB0BB8A0566.jpg,,/product/desodorizante-textil/5604260312795
50502,"Aditivos Pó Vanish Oxi Advance White, 400g",8410104895570,11788,11422,,Vanish,,"14,98€/Kg","5,99€",https://cdn.intermarche.pt/pt/Content/images/boitmal/produit/zoom/D7BF2B9AB20E28933F806A9A8FF95FA6.jpg,,/product/aditivos-po-vanish-oxi-advance-white-400g/8410104895570
50949,"Tira Nódoas Spray Desengordurante, 750 ml",8410104898298,11788,11422,,Vanish,,"5,99€/L","4,49€",https://cdn.intermarche.pt/pt/Content/images/boitmal/produit/zoom/DFBD88FFE5CB18F6516F5CD4281270B2.jpg,,/product/tira-nodoas-spray-desengordurante-750-ml/8410104898298
50950,"Tira Nódoas Spray Roupa Branca, 750 ml",8410104898496,11788,11422,,Vanish,,"5,99€/L","4,49€",https://cdn.intermarche.pt/pt/Content/images/boitmal/produit/zoom/6687FF6DFB3F1AC5E6A7E937C285D48C.jpg,,/product/tira-nodoas-spray-roupa-branca-750-ml/8410104898496
51405,Agua engomar perfumada suave,5604260324279,11788,11422,Garrafa de 1 l,PorSi,,"0,69€/L","0,69€",https://cdn.intermarche.pt/pt/Content/images/boitmal/produit/zoom/0D36A5AE669C1D1273F8F1E0941CDC95.jpg,,/product/agua-engomar-perfumada-suave/5604260324279
52517,Pérolas de Perfume Orquidea Dourada,8006540991695,11788,11422,Embalagem de 210g,Lenor,,"31,38€/Kg","6,59€",https://cdn.intermarche.pt/pt/Content/images/boitmal/produit/zoom/3CC4FF1E60474590A575791A3D5AFE88.jpg,,/product/perolas-de-perfume-orquidea-dourada/8006540991695
12090,"Engoma fácil, pistola",5604260263622,11788,11422,Embalagem de 750 ml,PorSi,,"2,39€/L","1,79€",https://cdn.intermarche.pt/pt/Content/images/boitmal/produit/zoom/799FD78460FA6E1F24708C52FEEC7778.jpg,,/product/engoma-facil-pistola/5604260263622
22956,Tira Nódoas,3045206382007,11788,11422,embalagem com 450g,Sanytol,,"8,99€/Unidade","8,99€",https://cdn.intermarche.pt/pt/Content/images/boitmal/produit/zoom/45E464D51C31D589C05467E2EA875F0D.jpg,,/product/tira-nodoas/3045206382007
43819,Tira nódoas oxy limpa a seco sem deixar manchas,5604260312221,11788,11422,Embalagem de 200 ml,PorSi,,"9,95€/L","1,99€",https://cdn.intermarche.pt/pt/Content/images/boitmal/produit/zoom/79420ADB2999BF854EDBB0690100D459.jpg,,/product/tira-nodoas-oxy-limpa-a-seco-sem-deixar-manchas/5604260312221
46843,Anti calcário em gel máquina roupa,5604260316847,11788,11422,750 ml,PorSi,,"3,59€/L","2,69€",https://cdn.intermarche.pt/pt/Content/images/boitmal/produit/zoom/305E270855DB494A27709237E6A38CAA.jpg,,/product/anti-calcario-em-gel-maquina-roupa/5604260316847
48140,Engoma fácil,5604260320998,11788,11422,Embalagem de 750 ml,PorSi,,"2,92€/L","2,19€",https://cdn.intermarche.pt/pt/Content/images/boitmal/produit/zoom/BF7103BAD72CB75EC5F784828D1EF9F2.jpg,,/product/engoma-facil/5604260320998
50500,"Aditivo Tira Nódoas Spray Nódoas Dia-A-Dia, 500 ml",5601217134981,11788,11422,,Vanish,,"7,98€/L","3,99€",https://cdn.intermarche.pt/pt/Content/images/boitmal/produit/zoom/77F5862CE52D144666F18B51D6C135F6.jpg,,/product/aditivo-tira-nodoas-spray-nodoas-dia-a-dia-500-ml/5601217134981
50501,"Aditivo Tira Nódoas Pó Oxi Advance Pink, 400g",8410104895563,11788,11422,,Vanish,,"14,98€/Kg","5,99€",https://cdn.intermarche.pt/pt/Content/images/boitmal/produit/zoom/9AD7D6DF4F5ACD476CEB963E0E2D9A17.jpg,,/product/aditivo-tira-nodoas-po-oxi-advance-pink-400g/8410104895563
50503,Aditivo Tira Nódoas Gel Oxi Advance Pink,8410104895525,11788,11422,Garrafa de 750 ml,Vanish,,"7,99€/L","5,99€",https://cdn.intermarche.pt/pt/Content/images/boitmal/produit/zoom/89476E3A6FFE515514082BC21D3F3194.jpg,,/product/aditivo-tira-nodoas-gel-oxi-advance-pink/8410104895525
53551,"Lixívia Gentil, 18 Pastilhas",8001480721326,11789,11422,,Neoblanc,,"3,24€/Unidade","3,24€",https://cdn.intermarche.pt/pt/Content/images/boitmal/produit/zoom/0BFE05490B3825CE2EB9049B98631E70.jpg,2024-09-25T22:59:59.999Z,/product/lixivia-gentil-18-pastilhas/8001480721326
53552,"Lixívia, 14 Pastilhas",8001480721333,11789,11422,,Neoblanc,,"2,99€/Unidade","2,99€",https://cdn.intermarche.pt/pt/Content/images/boitmal/produit/zoom/D10218DF7DC3F854FF3AB0BF703C2F96.jpg,2024-09-25T22:59:59.999Z,/product/lixivia-14-pastilhas/8001480721333
16427,Lixívia Roupa delicada,5604260277407,11789,11422,Embalagem de 2 l,PorSi,,"0,60€/L","1,19€",https://cdn.intermarche.pt/pt/Content/images/boitmal/produit/zoom/F75AE5B05F615D8988E4038F0F690C04.jpg,,/product/lixivia-roupa-delicada/5604260277407
5966,Lixívia perfumada,5604260272792,11789,11422,Embalagem de 5 l,PorSi,,"0,40€/L","1,99€",https://cdn.intermarche.pt/pt/Content/images/boitmal/produit/zoom/078B1FC19DA6904C23B2DB9CEAA0B22F.jpg,,/product/lixivia-perfumada/5604260272792
5804,Lixívia Tradicional,5604260055821,11789,11422,Embalagem de 5 l,PorSi,,"0,34€/L","1,69€",https://cdn.intermarche.pt/pt/Content/images/boitmal/produit/zoom/81DB788515084D1DCFC967836E89EA5D.jpg,,/product/lixivia-tradicional/5604260055821
12287,Lixívia para roupa delicada,8001480020740,11789,11422,Embalagem de 1 l,Neoblanc,,"3,19€/L","3,19€",https://cdn.intermarche.pt/pt/Content/images/boitmal/produit/zoom/E98E4328FF3CC4E22D5A39A57AD16869.jpg,,/product/lixivia-para-roupa-delicada/8001480020740
5803,Lixívia tradicional,5604260055814,11789,11422,Embalagem de 2 l,PorSi,,"0,45€/L","0,89€",https://cdn.intermarche.pt/pt/Content/images/boitmal/produit/zoom/934BC2B728ADDB96BB31CF919A2E21C2.jpg,,/product/lixivia-tradicional/5604260055814
5806,Lixivia perfumada,5604260055845,11789,11422,Garrafa de 2 l,PorSi,,"0,60€/L","1,19€",https://cdn.intermarche.pt/pt/Content/images/boitmal/produit/zoom/7D9231CD470153AB42877965FFCBDC06.jpg,,/product/lixivia-perfumada/5604260055845
5807,Lixívia com detergente,5604260055852,11789,11422,Embalagem de 2 l,PorSi,,"0,60€/L","1,19€",https://cdn.intermarche.pt/pt/Content/images/boitmal/produit/zoom/4116B563D6621896E4ADBC140C538808.jpg,,/product/lixivia-com-detergente/5604260055852
6208,Lixívia Denso-Activa Tradicional p/ Casa e Roupa,8001480020580,11789,11422,Embalagem de 2 l,Neoblanc,,"1,85€/L","3,69€",https://cdn.intermarche.pt/pt/Content/images/boitmal/produit/zoom/E446BACA3D4561303E1F410048645F37.jpg,,/product/lixivia-denso-activa-tradicional-p-ou-casa-e-roupa/8001480020580
5802,"Lixívia tradicional, 1 l",5604260055807,11789,11422,,PorSi,,"0,79€/L","0,79€",https://cdn.intermarche.pt/pt/Content/images/boitmal/produit/zoom/BCED94EABDE98B5CAB02624A604290B0.jpg,,/product/lixivia-tradicional-1-l/5604260055807
12286,Lixívia para roupa delicada,8001480020696,11789,11422,Embalagem de 2 l,Neoblanc,,"3,50€/L","6,99€",https://cdn.intermarche.pt/pt/Content/images/boitmal/produit/zoom/1EEF05A0D9CFE46475A118F5FF12889D.jpg,,/product/lixivia-para-roupa-delicada/8001480020696
10000,Lixivia perfume fresco,8001480020559,11789,11422,Embalagem de 2 l,Neoblanc,,"1,50€/L","2,99€",https://cdn.intermarche.pt/pt/Content/images/boitmal/produit/zoom/AB043965B840954BA1E2B970EB3CF7B9.jpg,,/product/lixivia-perfume-fresco/8001480020559
6205,Lixívia Denso-Activa Harmonias Florais p/ Casa e Roupa,8001480020450,11789,11422,Embalagem de 2 l,Neoblanc,,"1,85€/L","3,69€",https://cdn.intermarche.pt/pt/Content/images/boitmal/produit/zoom/F41ADE6A8A2E172433A5157F3ABCA9F6.jpg,,/product/lixivia-denso-activa-harmonias-florais-p-ou-casa-e-roupa/8001480020450
10001,"Lixívia, perfume fresco",8001480020566,11789,11422,Embalagem de 4 l,Neoblanc,,"1,22€/L","4,89€",https://cdn.intermarche.pt/pt/Content/images/boitmal/produit/zoom/2040755A055F7A484FEAB095CC36C6F9.jpg,,/product/lixivia-perfume-fresco/8001480020566
10002,"Lixívia para roupa, azul, tradicional",8001480020573,11789,11422,Embalagem de 1 l,Neoblanc,,"2,29€/L","2,29€",https://cdn.intermarche.pt/pt/Content/images/boitmal/produit/zoom/64E8E99951AC04CDD333BAF1A08FB324.jpg,,/product/lixivia-para-roupa-azul-tradicional/8001480020573
12288,Lixívia para roupa delicada,8001480020757,11789,11422,Embalagem de 2 l,Neoblanc,,"3,00€/L","5,99€",https://cdn.intermarche.pt/pt/Content/images/boitmal/produit/zoom/B4BF8DE0F17D4D83042107CF1D778F44.jpg,,/product/lixivia-para-roupa-delicada/8001480020757
6204,Lixívia densa verde,8001480020443,11789,11422,Embalagem de 1 l,Neoblanc,,"1,99€/L","1,99€",https://cdn.intermarche.pt/pt/Content/images/boitmal/produit/zoom/27F59444C0EE6A8BD2ECA66FE825727C.jpg,,/product/lixivia-densa-verde/8001480020443
53723,Lixivia Perfume Do Campo,8001480020542,11789,11422,Embalagem de 1000ml,Neoblanc,,"1,69€/L","1,69€",https://cdn.intermarche.pt/pt/Content/images/boitmal/produit/zoom/450D13547E8C277100C8B706BA520F7F.jpg,,/product/lixivia-perfume-do-campo/8001480020542
5853,"Lixívia para roupa, tradicional verde denso",5604260161461,11789,11422,Embalagem de 2L,PorSi,,"0,65€/L","1,29€",https://cdn.intermarche.pt/pt/Content/images/boitmal/produit/zoom/1093B2A04396D0752D3E6E2D20D00119.jpg,,/product/lixivia-para-roupa-tradicional-verde-denso/5604260161461
17087,Lata de Brilho Incolor,4009175131355,11790,11422,Embalagem de 75 ml,Búfalo,,"30,53€/L","2,29€",https://cdn.intermarche.pt/pt/Content/images/boitmal/produit/zoom/56A020B533D549D5BA62F9BD03774F91.jpg,2024-09-25T22:59:59.999Z,/product/lata-de-brilho-incolor/4009175131355
4574,Autobrilhante Branco,4009175139559,11790,11422,Embalagem de 50 ml,Búfalo,,"37,80€/L","1,89€",https://cdn.intermarche.pt/pt/Content/images/boitmal/produit/zoom/E66E89B3A613388C0A84BBA7056B09E1.jpg,2024-09-25T22:59:59.999Z,/product/autobrilhante-branco/4009175139559
17086,"Lata de Brilho Castanho, 75 ml",4009175131379,11790,11422,,Búfalo,,"30,53€/L","2,29€",https://cdn.intermarche.pt/pt/Content/images/boitmal/produit/zoom/656814B2B5EA6504671F03862C688C75.jpg,2024-09-25T22:59:59.999Z,/product/lata-de-brilho-castanho-75-ml/4009175131379
37529,Esponja brilho preto,4009175912138,11790,11422,,Búfalo,,"2,19€/Unidade","2,19€",https://cdn.intermarche.pt/pt/Content/images/boitmal/produit/zoom/62D1F04FA72CE691E1DBADA83948C82C.jpg,2024-09-25T22:59:59.999Z,/product/esponja-brilho-preto/4009175912138
4573,Autobrilhante Preto,4009175139535,11790,11422,Embalagem de 50 ml,Búfalo,,"37,80€/L","1,89€",https://cdn.intermarche.pt/pt/Content/images/boitmal/produit/zoom/CD6E884339FD22C8A76A56F2BA8AD386.jpg,2024-09-25T22:59:59.999Z,/product/autobrilhante-preto/4009175139535
5200,Creme p/ Calçado Preto,8411650053193,11790,11422,Embalagem de 40 ml,Búfalo,,"67,25€/L","2,69€",https://cdn.intermarche.pt/pt/Content/images/boitmal/produit/zoom/7362D9765562B04243A3F7A66AB8AEB9.jpg,2024-09-25T22:59:59.999Z,/product/creme-p-ou-calcado-preto/8411650053193
17085,Lata de Brilho Preto,4009175131348,11790,11422,Embalagem de 75 ml,Búfalo,,"30,53€/L","2,29€",https://cdn.intermarche.pt/pt/Content/images/boitmal/produit/zoom/0D5EFC1D433440269EF7D1DBCE3D4CBD.jpg,2024-09-25T22:59:59.999Z,/product/lata-de-brilho-preto/4009175131348
17088,Autobrilhante Incolor,4009175139542,11790,11422,Embalagem de 50 ml,Búfalo,,"37,80€/L","1,89€",https://cdn.intermarche.pt/pt/Content/images/boitmal/produit/zoom/8089A9F5C2898B5339F0121985DC2EFD.jpg,2024-09-25T22:59:59.999Z,/product/autobrilhante-incolor/4009175139542
21725,Creme p/ Calçado Azul,8411650053230,11790,11422,Embalagem de 40 ml,Búfalo,,"67,25€/L","2,69€",https://cdn.intermarche.pt/pt/Content/images/boitmal/produit/zoom/72892DCDF861BDDB8A2D70D7059CC6DC.jpg,2024-09-25T22:59:59.999Z,/product/creme-p-ou-calcado-azul/8411650053230
27529,Lata Cebo Protexol Incolor,4009175131492,11790,11422,Embalagem de 75 ml,Búfalo,,"30,53€/L","2,29€",https://cdn.intermarche.pt/pt/Content/images/boitmal/produit/zoom/FFD729F61A1EB3A02C6924257FDEE0D8.jpg,2024-09-25T22:59:59.999Z,/product/lata-cebo-protexol-incolor/4009175131492
27535,Escova de Camurça,8411650426096,11790,11422,Embalagem de 250 ml,Búfalo,,"16,60€/L","4,15€",https://cdn.intermarche.pt/pt/Content/images/boitmal/produit/zoom/E5B48659C8580101EE04EEB0E3360DA4.jpg,2024-09-25T22:59:59.999Z,/product/escova-de-camurca/8411650426096
4575,Autobrilhante Castanho,4009175139566,11790,11422,Embalagem de 50 ml,Búfalo,,"37,80€/L","1,89€",https://cdn.intermarche.pt/pt/Content/images/boitmal/produit/zoom/B3F79660E964BFC938FCCB218F7AE4FC.jpg,2024-09-25T22:59:59.999Z,/product/autobrilhante-castanho/4009175139566
53331,Esponja Calçado Brilho Incolor,4009175912176,11790,11422,,Bufalo,,"2,19€/Unidade","2,19€",https://cdn.intermarche.pt/pt/Content/images/boitmal/produit/zoom/762161A8FDB3509A81173371F8199095.jpg,2024-09-25T22:59:59.999Z,/product/esponja-calcado-brilho-incolor/4009175912176
7760,Renovador de Camurça em Spray Incolor,4009175174017,11790,11422,Embalagem de 250 ml,Búfalo,,"20,76€/L","5,19€",https://cdn.intermarche.pt/pt/Content/images/boitmal/produit/zoom/B2407EA62ADB98089DFFB8AB3C0D4CD3.jpg,2024-09-25T22:59:59.999Z,/product/renovador-de-camurca-em-spray-incolor/4009175174017
8593,Creme p/ Calçado Castanho,8411650053216,11790,11422,Embalagem de 40 ml,Búfalo,,"67,25€/L","2,69€",https://cdn.intermarche.pt/pt/Content/images/boitmal/produit/zoom/32622ABC88EC7646D71E433AD7151EC2.jpg,2024-09-25T22:59:59.999Z,/product/creme-p-ou-calcado-castanho/8411650053216
40563,Esponja autobrilhante,5604260277674,11790,11422,3 g,PorSi,,"330,00€/Kg","0,99€",https://cdn.intermarche.pt/pt/Content/images/boitmal/produit/zoom/E366A907FD8894FC4C0DA9D2D8B205CE.jpg,,/product/esponja-autobrilhante/5604260277674
43479,Spray elimina odores do calçado,5604260312108,11790,11422,embalagem de 100 ml,PorSi,,"19,90€/L","1,99€",https://cdn.intermarche.pt/pt/Content/images/boitmal/produit/zoom/2D990C0EE4E4D633EAA772D716DECEA6.jpg,,/product/spray-elimina-odores-do-calcado/5604260312108
43480,Creme para calçado incolor,5604260312115,11790,11422,50 ml,PorSi,,"23,80€/L","1,19€",https://cdn.intermarche.pt/pt/Content/images/boitmal/produit/zoom/6C76211C00628571994DA366B3B20F57.jpg,,/product/creme-para-calcado-incolor/5604260312115
22954,"Desodorizante e desinfetante para calçado, 150 ml",3045200715009,11790,11422,,Sanytol,,"33,27€/L","4,99€",https://cdn.intermarche.pt/pt/Content/images/boitmal/produit/zoom/F999B267D2BC65CBDFCC6C5BAC28F6A4.jpg,,/product/desodorizante-e-desinfetante-para-calcado-150-ml/3045200715009
40562,Creme calçado preto,5604260277698,11790,11422,50 ml,PorSi,,"25,80€/L","1,29€",https://cdn.intermarche.pt/pt/Content/images/boitmal/produit/zoom/66647851B0B4CE69A284375567B417F9.jpg,,/product/creme-calcado-preto/5604260277698
40653,Liquido brilhante sapato preto,5604260277650,11790,11422,75 ml,PorSi,,"13,20€/L","0,99€",https://cdn.intermarche.pt/pt/Content/images/boitmal/produit/zoom/3BBD2720CACC75D48FC8F78D15AD6931.jpg,,/product/liquido-brilhante-sapato-preto/5604260277650
42621,Liquido abrilhantador castanho,5604260277667,11790,11422,75 ml,PorSi,,"13,20€/L","0,99€",https://cdn.intermarche.pt/pt/Content/images/boitmal/produit/zoom/984B9871A2D6E85E55561626424D07EF.jpg,,/product/liquido-abrilhantador-castanho/5604260277667
43473,Spray renova camurça preta,5604260312078,11790,11422,Embalagem de 200 ml,PorSi,,"14,45€/L","2,89€",https://cdn.intermarche.pt/pt/Content/images/boitmal/produit/zoom/8FBEA4348F3240D73256EB563DEDD74E.jpg,,/product/spray-renova-camurca-preta/5604260312078
43474,Spray renova camurça castanha,5604260312085,11790,11422,Embalagem de 200 ml,PorSi,,"14,45€/L","2,89€",https://cdn.intermarche.pt/pt/Content/images/boitmal/produit/zoom/1AAE4F5D183200FF6CAA028437C7C9A0.jpg,,/product/spray-renova-camurca-castanha/5604260312085
43475,Spray renova camurça incolor,5604260312092,11790,11422,Embalagem de 200 ml,PorSi,,"14,45€/L","2,89€",https://cdn.intermarche.pt/pt/Content/images/boitmal/produit/zoom/EA64B2C5CA4BB538BCA55F03AEE0EFEA.jpg,,/product/spray-renova-camurca-incolor/5604260312092
43476,Esponja limpa camurça,5604260312122,11790,11422,1 unidade,PorSi,,"1,49€/Unidade","1,49€",https://cdn.intermarche.pt/pt/Content/images/boitmal/produit/zoom/C9B798C2FF422233FE5DF361713ABE05.jpg,,/product/esponja-limpa-camurca/5604260312122
43551,Creme para calçado castanho,5604260277704,11790,11422,50 ml,PorSi,,"25,80€/L","1,29€",https://cdn.intermarche.pt/pt/Content/images/boitmal/produit/zoom/2BA7610A6B3C4FB600096BAEE0EC4E57.jpg,,/product/creme-para-calcado-castanho/5604260277704
36308,Creme calçado preto bisnaga,4009175951809,11790,11422,50 ml,Búfalo,,"39,80€/L","1,99€",https://cdn.intermarche.pt/pt/Content/images/boitmal/produit/zoom/D43FE8A0FE17FEE22F052742498A7D80.jpg,,/product/creme-calcado-preto-bisnaga/4009175951809
51528,Toalhitas limpa calçado desporto,5601149042118,11790,11422,24 unidades,Splendor,,"3,99€/Unidade","3,99€",https://cdn.intermarche.pt/pt/Content/images/boitmal/produit/zoom/2E85A31B1571F1F31D809A75C73F3F7A.jpg,,/product/toalhitas-limpa-calcado-desporto/5601149042118
27534,Renovador de Camurça em Spray Castanho,4009175174024,11790,11422,Embalagem de 250 ml,Búfalo,,"19,96€/L","4,99€",https://cdn.intermarche.pt/pt/Content/images/boitmal/produit/zoom/010626F53D8F9C7A9AC4BE12A172505D.jpg,,/product/renovador-de-camurca-em-spray-castanho/4009175174024
35512,Molas plásticas,5604260289585,10642,10097,15 unidades,PorSi,,"0,89€/Unidade","0,89€",https://cdn.intermarche.pt/pt/Content/images/boitmal/produit/zoom/0F0C4F65EAD71CFDE78971FA2D673B8E.jpg,,/product/molas-plasticas/5604260289585
47785,"Água destilada, garrafão de 5 l",5604260321667,10640,10097,,PorSi,,"0,20€/L","0,99€",https://cdn.intermarche.pt/pt/Content/images/boitmal/produit/zoom/EF3A04BF537F04160EFFD9BDF954EE32.jpg,,/product/agua-destilada-garrafao-de-5-l/5604260321667
35513,Molas plásticas amarelas,5604260289592,10642,10097,50 unidades,PorSi,,"2,19€/Unidade","2,19€",https://cdn.intermarche.pt/pt/Content/images/boitmal/produit/zoom/A20934E81D5AAA96ACC46607DD3B3AF6.jpg,,/product/molas-plasticas-amarelas/5604260289592
35514,Molas de madeira,5604260289608,10642,10097,36 unidades,PorSi,,"2,19€/Unidade","2,19€",https://cdn.intermarche.pt/pt/Content/images/boitmal/produit/zoom/218F38FD8CE9A24D40DC8CE4C1EC08A4.jpg,,/product/molas-de-madeira/5604260289608
37651,Estendal de roupa com abas alumínio,5604260301225,10642,10097,20 metros,PorSi,,"26,99€/Unidade","26,99€",https://cdn.intermarche.pt/pt/Content/images/boitmal/produit/zoom/7381FFE8F74D76F55C4C5FAFA2176FFD.jpg,,/product/estendal-de-roupa-com-abas-aluminio/5604260301225
32363,"Cabide Anti-Humidade, 450 g",8412857001253,10640,10097,,Humydry,,"8,99€/Unidade","8,99€",https://cdn.intermarche.pt/pt/Content/images/boitmal/produit/zoom/BEC783D97DB597A50C9F4C9919A62267.jpg,,/product/cabide-anti-humidade-450-g/8412857001253
3268,Limpa ferros,5601677250016,10642,10097,1 unidade,Petex,,"4,49€/Unidade","4,49€",https://cdn.intermarche.pt/pt/Content/images/boitmal/produit/zoom/0FCC7DE94A5E67F8FC200A40AF3DF262.jpg,,/product/limpa-ferros/5601677250016
3318,Escova plástica (cores sortidas),5604260031870,10642,10097,1 unidade,PorSi,,"0,79€/Unidade","0,79€",https://cdn.intermarche.pt/pt/Content/images/boitmal/produit/zoom/C10BFD0304B9B55C77E4400B08CD3C38.jpg,,/product/escova-plastica-(cores-sortidas)/5604260031870
48364,Estendal metal com abas 18m,5604260321698,10642,10097,,PorSi,,"14,99€/Unidade","14,99€",https://cdn.intermarche.pt/pt/Content/images/boitmal/produit/zoom/18849A53DB6F96EBA79FB10287C8294F.jpg,,/product/estendal-metal-com-abas-18m/5604260321698
3407,Capa confort plus,8001940006314,10641,10097,,Vileda,,"17,99€/Unidade","17,99€",https://cdn.intermarche.pt/pt/Content/images/boitmal/produit/zoom/ECE3AE658FF0CDF17D12DC51744E083B.jpg,,/product/capa-confort-plus/8001940006314
36578,Anti-humidade,8412857400445,10640,10097,1 embalagem,Humydry,,"7,99€/Unidade","7,99€",https://cdn.intermarche.pt/pt/Content/images/boitmal/produit/zoom/28664670D19830BAD06220E5C9868425.jpg,,/product/anti-humidade/8412857400445
37650,Estendal de roupa com abas resina,5604260301218,10642,10097,20 metros,PorSi,,"26,99€/Unidade","26,99€",https://cdn.intermarche.pt/pt/Content/images/boitmal/produit/zoom/BCF65A9E51050A7D8EF00C3EC768DBAA.jpg,,/product/estendal-de-roupa-com-abas-resina/5604260301218
42138,Cabides para criança,5604260306978,10642,10097,5 unidades,PorSi,,"1,49€/Unidade","1,49€",https://cdn.intermarche.pt/pt/Content/images/boitmal/produit/zoom/DD8299C0ED8458F909B43B3F9C650E4C.jpg,,/product/cabides-para-crianca/5604260306978
43552,Saco de rede para roupa,5604260304509,10642,10097,Dim.: 30 x 25 cm,PorSi,,"2,79€/Unidade","2,79€",https://cdn.intermarche.pt/pt/Content/images/boitmal/produit/zoom/85BB3E1C7060566778975C0A0C3F71A4.jpg,,/product/saco-de-rede-para-roupa/5604260304509
42140,Cabides,5604260306992,10642,10097,10 unidades,PorSi,,"1,99€/Unidade","1,99€",https://cdn.intermarche.pt/pt/Content/images/boitmal/produit/zoom/D0F78084F75D1B3ED2244D5CFC209C9E.jpg,,/product/cabides/5604260306992
34931,Capa para tábua metálica,8001940001494,10641,10097,,Vileda,,"17,99€/Unidade","17,99€",https://cdn.intermarche.pt/pt/Content/images/boitmal/produit/zoom/83EF163444DD967B85144DEBF6279F0E.jpg,,/product/capa-para-tabua-metalica/8001940001494
36579,Anti-humidade + 3 recargas,8412857001666,10640,10097,1 embalagem,Humydry,,"12,99€/Unidade","12,99€",https://cdn.intermarche.pt/pt/Content/images/boitmal/produit/zoom/FAEB7B382F53BCB0142FDFC01E385BEC.jpg,,/product/anti-humidade-+-3-recargas/8412857001666
5975,"Guardanapos brancos, 33x33cm, 2 folhas",5604260273690,10600,10087,Embalagem com 100 unidades,PorSi,,"1,39€/Unidade","1,39€",https://cdn.intermarche.pt/pt/Content/images/boitmal/produit/zoom/DA175A5DA96506E7076FCBDE1AE3ADDA.jpg,,/product/guardanapos-brancos-33x33cm-2-folhas/5604260273690
35511,Guardanapos de papel reciclado,5604260285792,10600,10087,100 unidades,PorSi,,"0,69€/Unidade","0,69€",https://cdn.intermarche.pt/pt/Content/images/boitmal/produit/zoom/3128FCDC86BAD60BFD4A0D1FDA0DA6C0.jpg,,/product/guardanapos-de-papel-reciclado/5604260285792
40722,Guardanapos brancos 30x30 cm,5604260285549,10600,10087,Embalagem com 100 unidades,PorSi,,"0,59€/Unidade","0,59€",https://cdn.intermarche.pt/pt/Content/images/boitmal/produit/zoom/657AC6FC56D299C8DC73E8E53AC066F1.jpg,,/product/guardanapos-brancos-30x30-cm/5604260285549
48298,Guardanapos 2 folhas brancos e dourado,5604260314270,10600,10087,50 unidades,PorSi Select,,"1,59€/Unidade","1,59€",https://cdn.intermarche.pt/pt/Content/images/boitmal/produit/zoom/3F8B188A90462CBA7AF64CEB95E51D36.jpg,,/product/guardanapos-2-folhas-brancos-e-dourado/5604260314270
5005,"Guardanapos brancos, 33x33cm, 2 folhas, 90 unidades",5601028000338,10600,10087,Uma embalagem,Renova,,"1,39€/Unidade","1,39€",https://cdn.intermarche.pt/pt/Content/images/boitmal/produit/zoom/3884E9AABC2011F644E3D212C16321AC.jpg,,/product/guardanapos-brancos-33x33cm-2-folhas-90-unidades/5601028000338
5006,Guardanapos brancos 22x22cm | folha dupla,5601028000345,10600,10087,90 unidades,Renova,,"1,25€/Unidade","1,25€",https://cdn.intermarche.pt/pt/Content/images/boitmal/produit/zoom/46835D1CB30D7665D0533780F59EBB08.jpg,,/product/guardanapos-brancos-22x22cm-|-folha-dupla/5601028000345
36874,Guardanapos de 1 Folha Azuis,5604260285648,10600,10087, Embalagem com 70 unidades,PorSi,,"0,79€/Unidade","0,79€",https://cdn.intermarche.pt/pt/Content/images/boitmal/produit/zoom/E55FBB75D99D0665F0E3DA28004111EE.jpg,,/product/guardanapos-de-1-folha-azuis/5604260285648
46620,Guardanapos brancos folha tripla 33x33 cm,5604260317066,10600,10087,70 unidades,PorSi,,"1,59€/Unidade","1,59€",https://cdn.intermarche.pt/pt/Content/images/boitmal/produit/zoom/ED7F6CFFB949919CB10243DF72DC328C.jpg,,/product/guardanapos-brancos-folha-tripla-33x33-cm/5604260317066
48300,Guardanapos 2 folhas vermelhos e dourado,5604260314294,10600,10087,40 unidades,PorSi Select,,"1,59€/Unidade","1,59€",https://cdn.intermarche.pt/pt/Content/images/boitmal/produit/zoom/46A29FCF69181BB9AAF28609C6114F09.jpg,,/product/guardanapos-2-folhas-vermelhos-e-dourado/5604260314294
24393,Guardanapos Red Label 1 folha |Branco,5601028000352,10600,10087,Dim: 30x32cm |70 unidades,Renova,,"0,79€/Unidade","0,79€",https://cdn.intermarche.pt/pt/Content/images/boitmal/produit/zoom/08FB951E24EC39BF7C9747ACEF481A28.jpg,,/product/guardanapos-red-label-1-folha-|branco/5601028000352
48299,Guardanapos 2 folhas azul e dourado,5604260314287,10600,10087,40 unidades,PorSi Select,,"1,59€/Unidade","1,59€",https://cdn.intermarche.pt/pt/Content/images/boitmal/produit/zoom/8A8C10E4D964A526CFF8EA76ED57632E.jpg,,/product/guardanapos-2-folhas-azul-e-dourado/5604260314287
36875,Guardanapos de 1 Folha Amarelos,5604260285631,10600,10087,Embalagem com 70 unidades,PorSi,,"0,79€/Unidade","0,79€",https://cdn.intermarche.pt/pt/Content/images/boitmal/produit/zoom/906891DC9E5F17330E832E745ED53C1C.jpg,,/product/guardanapos-de-1-folha-amarelos/5604260285631
42651,Guardanapos,5604260303144,10600,10087,,PorSi,,"1,39€/Unidade","1,39€",https://cdn.intermarche.pt/pt/Content/images/boitmal/produit/zoom/8CB4972FFBD2553B77AFB4686863AC53.jpg,,/product/guardanapos/5604260303144
42649,Guardanapos | Dim.: 30 x 33 cm,5604260303182,10600,10087,Embalagem com 20 unidades,PorSi,,"1,39€/Unidade","1,39€",https://cdn.intermarche.pt/pt/Content/images/boitmal/produit/zoom/2F73E6193176369C4F899FFDAC0F4779.jpg,,/product/guardanapos-|-dim.:-30-x-33-cm/5604260303182
18628,Rolo de Cozinha Multi,5601028002707,10601,10087,4 Rolos,Renova,,"1,49€/Unidade","1,49€",https://cdn.intermarche.pt/pt/Content/images/boitmal/produit/zoom/EC28E7C70040AEF56E88826756B8374D.jpg,2024-10-04T22:59:59.999Z,/product/rolo-de-cozinha-multi/5601028002707
44990,"Rolo Cozinha Triplo Paratodo XXL, 2 rolos",7322541026848,10601,10087,,Colhogar,,"2,90€/Unidade","2,90€",https://cdn.intermarche.pt/pt/Content/images/boitmal/produit/zoom/FD2F06EF407C935270B6B06470315261.jpg,2024-09-25T22:59:59.999Z,/product/rolo-cozinha-triplo-paratodo-xxl-2-rolos/7322541026848
48084,Rolo papel cozinha branco compacto,5604260318711,10601,10087,Embalagem de 4 unidades,PorSi,,"1,99€/Unidade","1,99€",https://cdn.intermarche.pt/pt/Content/images/boitmal/produit/zoom/847C563966A0FB4F073440C9864AFF5F.jpg,,/product/rolo-papel-cozinha-branco-compacto/5604260318711
8318,"Rolos de cozinha compactos, branco, máxima absorção, xxl",5601028014540,10601,10087,1 unidade,Renova,,"1,09€/Unidade","1,09€",https://cdn.intermarche.pt/pt/Content/images/boitmal/produit/zoom/9EF4E7DC89CE067F797091D12596CE34.jpg,,/product/rolos-de-cozinha-compactos-branco-maxima-absorcao-xxl/5601028014540
5923,"Rolos de cozinha compactos, branco, 2 unidades",5604260255665,10601,10087,Uma embalagem,PorSi,,"0,95€/Unidade","0,95€",https://cdn.intermarche.pt/pt/Content/images/boitmal/produit/zoom/70F032228D90EBD3B0FF71AB66350EE7.jpg,,/product/rolos-de-cozinha-compactos-branco-2-unidades/5604260255665
35947,Rolo de cozinha XXL,5604260285716,10601,10087,1 rolo,PorSi,,"1,09€/Unidade","1,09€",https://cdn.intermarche.pt/pt/Content/images/boitmal/produit/zoom/94BB6D601C4BC65D3D49ED5723B47026.jpg,,/product/rolo-de-cozinha-xxl/5604260285716
53469,Rolo Cozinha Máxima Absorção Extra XXL,5601028019941,10601,10087,Embalagem de 2 unidades,Renova,,"2,19€/Unidade","2,19€",https://cdn.intermarche.pt/pt/Content/images/boitmal/produit/zoom/CC4799D932DD202B86A18A616DE89926.jpg,,/product/rolo-cozinha-maxima-absorcao-extra-xxl/5601028019941
33630,Rolo cozinha branco 3 folhas,5604260285518,10601,10087,3 rolos,PorSi,,"2,89€/Unidade","2,89€",https://cdn.intermarche.pt/pt/Content/images/boitmal/produit/zoom/52E593650DEC779E5319F9980CD46D25.jpg,,/product/rolo-cozinha-branco-3-folhas/5604260285518
8312,Rolos de papel multiusos 2 folhas,5604260318728,10601,10087,1 unidade,PorSi,,"3,49€/Unidade","3,49€",https://cdn.intermarche.pt/pt/Content/images/boitmal/produit/zoom/33FCF85CC6DA62FF31D337D343B82DD7.jpg,,/product/rolos-de-papel-multiusos-2-folhas/5604260318728
36680,Rolo de cozinha reciclado,5604260292189,10601,10087,4 rolos,PorSi,,"1,99€/Unidade","1,99€",https://cdn.intermarche.pt/pt/Content/images/boitmal/produit/zoom/BC2FB727518511D3442BE67DEE235242.jpg,,/product/rolo-de-cozinha-reciclado/5604260292189
19415,"Rolo de cozinha design xxl, 3 rolos",5601028019798,10601,10087,Embalagem de 3 unidades,Renova,,"1,99€/Unidade","1,99€",https://cdn.intermarche.pt/pt/Content/images/boitmal/produit/zoom/72BDE5829FC47024A80D1CC998CA1B8E.jpg,,/product/rolo-de-cozinha-design-xxl-3-rolos/5601028019798
48528,Rolo cozinha,5604260318704,10601,10087,4 unidades,PorSi,,"1,85€/Unidade","1,85€",https://cdn.intermarche.pt/pt/Content/images/boitmal/produit/zoom/6011F700CE1AB2210172B90DB56C825B.jpg,,/product/rolo-cozinha/5604260318704
41601,Rolo de multiusos decor 3 folhas,5604260301515,10601,10087,1 unidade,PorSi,,"4,69€/Unidade","4,69€",https://cdn.intermarche.pt/pt/Content/images/boitmal/produit/zoom/E293EAB8A998B6C9E84FEA3FBEA50E88.jpg,,/product/rolo-de-multiusos-decor-3-folhas/5604260301515
41162,Rolo de cozinha ultra forte,5029053573977,10601,10087,2 rolos,Scottex,,"4,49€/Unidade","4,49€",https://cdn.intermarche.pt/pt/Content/images/boitmal/produit/zoom/53D77CA0276D765B18E1AEBF7713A968.jpg,,/product/rolo-de-cozinha-ultra-forte/5029053573977
44418,Rolo multiusos ecológico 100% reciclado,5604260314102,10601,10087,2 folhas |  500 serviços,PorSi,,"3,99€/Unidade","3,99€",https://cdn.intermarche.pt/pt/Content/images/boitmal/produit/zoom/46B3588B501F4B29B72C8B0B86D63E26.jpg,,/product/rolo-multiusos-ecologico-100%25-reciclado/5604260314102
6267,Pasta dentífrica menta fresca,8016825926687,10471,10069,Embalagem de 75 ml,Aquafresh,,"24,67€/L","1,85€",https://cdn.intermarche.pt/pt/Content/images/boitmal/produit/zoom/B3DC987DC2831B4B3E07291CAE434D07.jpg,2024-09-25T22:59:59.999Z,/product/pasta-dentifrica-menta-fresca/8016825926687
54321,"Pasta De Dentes Tripla Ação, 100ml",8718951477957,10471,10069,,Colgate,,"19,50€/L","1,95€",https://cdn.intermarche.pt/pt/Content/images/boitmal/produit/zoom/6A66738B64F04C4649C8E34FD10D1AE8.jpg,2024-10-04T22:59:59.999Z,/product/pasta-de-dentes-tripla-acao-100ml/8718951477957
46730,Dentífrico cuidado extra fresco,5054563049063,10471,10069,Embalagem de 75 ml,Parodontax,,"63,87€/L","4,79€",https://cdn.intermarche.pt/pt/Content/images/boitmal/produit/zoom/C56C41AD87E833591F33AC729652E2B6.jpg,2024-09-25T22:59:59.999Z,/product/dentifrico-cuidado-extra-fresco/5054563049063
11392,Dentífrico Complete Elixir e Branqueador,5410076960651,10471,10069,Embalagem de 75 ml,Oral B,,"29,87€/L","2,24€",https://cdn.intermarche.pt/pt/Content/images/boitmal/produit/zoom/E0FA37D23E4C3314DFC0B99006F5FE34.jpg,2024-09-25T22:59:59.999Z,/product/dentifrico-complete-elixir-e-branqueador/5410076960651
28640,Dentífrico Tripla Proteção,5054563030948,10471,10069,Embalagem de 75 ml,Aquafresh,,"23,87€/L","1,79€",https://cdn.intermarche.pt/pt/Content/images/boitmal/produit/zoom/2F0758EC50E92354A2691A9D74801B48.jpg,2024-09-25T22:59:59.999Z,/product/dentifrico-tripla-protecao/5054563030948
45773,"Pasta dentífrica eucalipto, lima e menta",5054563087829,10471,10069,Embalagem de 75ml,Aquafresh,,"24,67€/L","1,85€",https://cdn.intermarche.pt/pt/Content/images/boitmal/produit/zoom/9BD714E3A534CEE4C22E5ACF847E84CE.jpg,2024-09-25T22:59:59.999Z,/product/pasta-dentifrica-eucalipto-lima-e-menta/5054563087829
45774,"Pasta dentífrica toranja, limão e menta",5054563107800,10471,10069,Embalagem de 75ml,Aquafresh,,"24,67€/L","1,85€",https://cdn.intermarche.pt/pt/Content/images/boitmal/produit/zoom/14337ACDA5395CC2FA0C709CC7D82E7C.jpg,2024-09-25T22:59:59.999Z,/product/pasta-dentifrica-toranja-limao-e-menta/5054563107800
45883,Dentifrico max white  cristais brancos,8718951315365,10471,10069,Embalagem 75 ml,Colgate,,"26,53€/L","1,99€",https://cdn.intermarche.pt/pt/Content/images/boitmal/produit/zoom/4E172F27888BCC4326288509CC9468FE.jpg,2024-09-25T22:59:59.999Z,/product/dentifrico-max-white-cristais-brancos/8718951315365
46509,Dentífrico Pro-Expert Proteção Profissional,8001841811963,10471,10069,Embalagem de 75 ml,Oral B,,"39,87€/L","2,99€",https://cdn.intermarche.pt/pt/Content/images/boitmal/produit/zoom/E636154D7C9B191D1E1EEEB8C6AE6960.jpg,2024-10-04T22:59:59.999Z,/product/dentifrico-pro-expert-protecao-profissional/8001841811963
53667,Pasta de Dentes Multiprotection Branqueadora,5054563109705,10471,10069,Embalagem de 75ml,Sensodyne,,"52,53€/L","3,94€",https://cdn.intermarche.pt/pt/Content/images/boitmal/produit/zoom/4ECD05DE4F9A66A4E1002721FFFE0E09.jpg,2024-09-25T22:59:59.999Z,/product/pasta-de-dentes-multiprotection-branqueadora/5054563109705
54320,"Pasta De Dentes Maximum Caries Protection, 100ml",8718951559721,10471,10069,,Colgate,,"19,50€/L","1,95€",https://cdn.intermarche.pt/pt/Content/images/boitmal/produit/zoom/3307B8514AC5F0DDBC9E6D628C947BDB.jpg,2024-10-04T22:59:59.999Z,/product/pasta-de-dentes-maximum-caries-protection-100ml/8718951559721
48281,Pasta de Dentes Original,8718951465756,10471,10069,Embalagem de 75 ml,Colgate,,"33,87€/L","2,54€",https://cdn.intermarche.pt/pt/Content/images/boitmal/produit/zoom/49BB359E9C7607165895D2460C62E204.jpg,2024-09-25T22:59:59.999Z,/product/pasta-de-dentes-original/8718951465756
15810,Pasta Dentífrica Menta Suave,3094900059593,10471,10069,Embalagem de 75 ml,Aquafresh,,"24,67€/L","1,85€",https://cdn.intermarche.pt/pt/Content/images/boitmal/produit/zoom/36417FD84E6918863BC4A9B51808C017.jpg,2024-09-25T22:59:59.999Z,/product/pasta-dentifrica-menta-suave/3094900059593
48246,Pasta de Dentes Branqueadora,8718951465848,10471,10069,Embalagem de 75 ml,Colgate,,"34,53€/L","2,59€",https://cdn.intermarche.pt/pt/Content/images/boitmal/produit/zoom/2547C946AEFC081BD73394BED3137189.jpg,2024-09-25T22:59:59.999Z,/product/pasta-de-dentes-branqueadora/8718951465848
44961,Pasta dentífrica repair & protect branqueadora,5054563098757,10471,10069,Embalagem de 75 ml,Sensodyne,,"52,53€/L","3,94€",https://cdn.intermarche.pt/pt/Content/images/boitmal/produit/zoom/A635A3648DCB48F3466BC2FA7131A17D.jpg,2024-09-25T22:59:59.999Z,/product/pasta-dentifrica-repair-&-protect-branqueadora/5054563098757
46333,Dentífrico sensibilidade e gengivas,5054563107510,10471,10069,Embalagem de 75 ml,Sensodyne,,"52,53€/L","3,94€",https://cdn.intermarche.pt/pt/Content/images/boitmal/produit/zoom/2A004B499C48581E0F2ACB572ECC96FB.jpg,2024-09-25T22:59:59.999Z,/product/dentifrico-sensibilidade-e-gengivas/5054563107510
46729,Pasta Dentífrica Branqueadora Sensibilidade e Gengivas,5054563109743,10471,10069,Embalagem de 75 ml,Sensodyne,,"52,53€/L","3,94€",https://cdn.intermarche.pt/pt/Content/images/boitmal/produit/zoom/BF37E4C9030B80291EBCB54013CB3494.jpg,2024-09-25T22:59:59.999Z,/product/pasta-dentifrica-branqueadora-sensibilidade-e-gengivas/5054563109743
49258,Pasta de Dentes Gengivas Limpeza Interdentária,8718951476271,10471,10069,Embalagem de 75 ml,Colgate,,"43,20€/L","3,24€",https://cdn.intermarche.pt/pt/Content/images/boitmal/produit/zoom/E7FF1C0096CE044713C2591A9F09FD0E.jpg,2024-09-25T22:59:59.999Z,/product/pasta-de-dentes-gengivas-limpeza-interdentaria/8718951476271
44048,Dentífrico branqueador,5054563101846,10471,10069,Embalagem de 75 ml,Sensodyne,,"39,87€/L","2,99€",https://cdn.intermarche.pt/pt/Content/images/boitmal/produit/zoom/7B21500470D8763BB41FDC49C18F3355.jpg,2024-09-25T22:59:59.999Z,/product/dentifrico-branqueador/5054563101846
45032,Pasta dentífrica repair&protect,5054563098795,10471,10069,Embalagem de 75 ml,Sensodyne,,"46,53€/L","3,49€",https://cdn.intermarche.pt/pt/Content/images/boitmal/produit/zoom/1971DE24C5C4B21970E17F4B9857FD14.jpg,2024-09-25T22:59:59.999Z,/product/pasta-dentifrica-repair&protect/5054563098795
53670,Pasta de Dentes Branqueadora Nourish Branco Saudável,5054563119827,10471,10069,Embalagem de 75ml,Sensodyne,,"46,53€/L","3,49€",https://cdn.intermarche.pt/pt/Content/images/boitmal/produit/zoom/130D159800BD3EBD441CCD4A909E65AF.jpg,2024-09-25T22:59:59.999Z,/product/pasta-de-dentes-branqueadora-nourish-branco-saudavel/5054563119827
49259,Dentífrico herbal naturals,5054563119933,10471,10069,75 ml,Aquafresh,,"24,67€/L","1,85€",https://cdn.intermarche.pt/pt/Content/images/boitmal/produit/zoom/DC36897E4C7BC17809701C693CA58165.jpg,2024-09-25T22:59:59.999Z,/product/dentifrico-herbal-naturals/5054563119933
38340,Dentífrico cuidado branqueador,5054563049018,10471,10069,Embalagem de 75 ml,Parodontax,,"63,87€/L","4,79€",https://cdn.intermarche.pt/pt/Content/images/boitmal/produit/zoom/95DBC5080ED69B006349E0661E3A5219.jpg,2024-09-25T22:59:59.999Z,/product/dentifrico-cuidado-branqueador/5054563049018
46331,Dentífrico gengivas,5054563101969,10471,10069,Embalagem de 75 ml,Sensodyne,,"42,53€/L","3,19€",https://cdn.intermarche.pt/pt/Content/images/boitmal/produit/zoom/6DBFB1FCEF2A5F0F2CD9C79123864DD8.jpg,2024-09-25T22:59:59.999Z,/product/dentifrico-gengivas/5054563101969
50520,Pasta de Dentes Pro-Expert Frescura Saudável,8001841811888,10471,10069,Embalagem de 75 ml,Oral B,,"39,87€/L","2,99€",https://cdn.intermarche.pt/pt/Content/images/boitmal/produit/zoom/646285E351A01CF9ACC26486D4EEEF2D.jpg,2024-10-04T22:59:59.999Z,/product/pasta-de-dentes-pro-expert-frescura-saudavel/8001841811888
53672,"Pasta de Dentes Gengivas, Sensibilidade, Hálito e Branqueadora",5054563155535,10471,10069,Embalagem de 75ml,Parodontax,,"69,20€/L","5,19€",https://cdn.intermarche.pt/pt/Content/images/boitmal/produit/zoom/CAEAE99690570043B426021DC5A4A0BA.jpg,2024-09-25T22:59:59.999Z,/product/pasta-de-dentes-gengivas-sensibilidade-halito-e-branqueadora/5054563155535
5471,"Pasta dentífrica, pro-esmalte",5601385502575,10471,10069,Embalagem de 75 ml,Sensodyne,,"52,53€/L","3,94€",https://cdn.intermarche.pt/pt/Content/images/boitmal/produit/zoom/60069AE851DC89AE2DCA4F4FE3F830CC.jpg,2024-09-25T22:59:59.999Z,/product/pasta-dentifrica-pro-esmalte/5601385502575
16066,Pasta de dentes max white expert white,7509546064864,10471,10069,Embalagem de 75 ml,Colgate,,"51,20€/L","3,84€",https://cdn.intermarche.pt/pt/Content/images/boitmal/produit/zoom/0EA2A285777A75857921065AAC674A4A.jpg,2024-09-25T22:59:59.999Z,/product/pasta-de-dentes-max-white-expert-white/7509546064864
29528,Dentífrico 3DWhite Brancura Revitalizante,8001090673848,10471,10069,Embalagem de 75 ml,Oral B,,"39,87€/L","2,99€",https://cdn.intermarche.pt/pt/Content/images/boitmal/produit/zoom/CFC1527AFE820CED2A4D5240643212D0.jpg,2024-09-25T22:59:59.999Z,/product/dentifrico-3dwhite-brancura-revitalizante/8001090673848
46510,Dentífrico Pro-Expert Limpeza Profunda,8001841811840,10471,10069,Embalagem de 75 ml,Oral B,,"38,53€/L","2,89€",https://cdn.intermarche.pt/pt/Content/images/boitmal/produit/zoom/0FCDA29D55DFBE223550A3D225F99CDB.jpg,2024-10-04T22:59:59.999Z,/product/dentifrico-pro-expert-limpeza-profunda/8001841811840
46511,Dentífrico proteção diária,5054563103260,10471,10069,Embalagem de 75 ml,Sensodyne,,"39,87€/L","2,99€",https://cdn.intermarche.pt/pt/Content/images/boitmal/produit/zoom/BE198C1EA5CA97B5F87E345E50A565D7.jpg,2024-09-25T22:59:59.999Z,/product/dentifrico-protecao-diaria/5054563103260
47470,Dentífrico Pro-Expert Branqueamento,8001841811925,10471,10069,Embalagem de 75 ml,Oral B,,"39,87€/L","2,99€",https://cdn.intermarche.pt/pt/Content/images/boitmal/produit/zoom/11253ED47BC980DDB95B516B9CA9E0EE.jpg,2024-10-04T22:59:59.999Z,/product/dentifrico-pro-expert-branqueamento/8001841811925
50076,"Dentífrico Senses Melancia, Pepino e Menta",6001076003241,10471,10069,75 ml,Aquafresh,,"24,67€/L","1,85€",https://cdn.intermarche.pt/pt/Content/images/boitmal/produit/zoom/559EAD4BEEBFD4065BB8C74F79A0FF02.jpg,2024-09-25T22:59:59.999Z,/product/dentifrico-senses-melancia-pepino-e-menta/6001076003241
52541,Pasta de Dentes Total Limpeza Interdentária,8718951471481,10471,10069,Embalagem de 75ml,Colgate,,"43,20€/L","3,24€",https://cdn.intermarche.pt/pt/Content/images/boitmal/produit/zoom/634352B7AEB7C99FF8C40F094990B8FA.jpg,2024-09-25T22:59:59.999Z,/product/pasta-de-dentes-total-limpeza-interdentaria/8718951471481
52546,Pasta de Dentes Total Carvão,6920354835667,10471,10069,Embalagem de 75ml,Colgate,,"39,87€/L","2,99€",https://cdn.intermarche.pt/pt/Content/images/boitmal/produit/zoom/773CE281CCD94B7BF8E632F060BC89FF.jpg,2024-09-25T22:59:59.999Z,/product/pasta-de-dentes-total-carvao/6920354835667
53668,"Pasta de Dentes Gengivas, Sensibilidade e Hálito",5054563118226,10471,10069,Embalagem de 75ml,Parodontax,,"69,20€/L","5,19€",https://cdn.intermarche.pt/pt/Content/images/boitmal/produit/zoom/9847C35CE8C798A05A44E23A5DC95725.jpg,2024-09-25T22:59:59.999Z,/product/pasta-de-dentes-gengivas-sensibilidade-e-halito/5054563118226
42647,Dentífrico cuidado diário,5054563049360,10471,10069,Embalagem de 75 ml,Parodontax,,"63,87€/L","4,79€",https://cdn.intermarche.pt/pt/Content/images/boitmal/produit/zoom/73DA2348A5A842D31475E7DA6C37B154.jpg,2024-09-25T22:59:59.999Z,/product/dentifrico-cuidado-diario/5054563049360
45588,Pasta dentífrica branqueadora,5054563107282,10471,10069,Embalagem de 75 ml,Sensodyne,,"52,53€/L","3,94€",https://cdn.intermarche.pt/pt/Content/images/boitmal/produit/zoom/95A2A6E83C2EA42A06CA8F8C6A2BA5AB.jpg,2024-09-25T22:59:59.999Z,/product/pasta-dentifrica-branqueadora/5054563107282
46330,Dentífrico limpeza e frescura,5054563101808,10471,10069,Embalagem de 75 ml,Sensodyne,,"39,87€/L","2,99€",https://cdn.intermarche.pt/pt/Content/images/boitmal/produit/zoom/A251F845B0964F1C7AB8F55E88096599.jpg,2024-09-25T22:59:59.999Z,/product/dentifrico-limpeza-e-frescura/5054563101808
46728,Pasta dentífrica rapid action,5054563107244,10471,10069,Embalagem de 75 ml,Sensodyne,,"52,53€/L","3,94€",https://cdn.intermarche.pt/pt/Content/images/boitmal/produit/zoom/6D463C8E4A06B08BDD5D6DEFED1B7ED8.jpg,2024-09-25T22:59:59.999Z,/product/pasta-dentifrica-rapid-action/5054563107244
