Product ID,Title,EAN,Family ID,Department ID,Packaging,Brand,Category,Price,Price Per Unit,Image URL,Promo End,Product URL
18755,Pera Williams,2892287000000,11508,11506,1 un = 120 gr (aprox.),Fruta,CAT:II,"1,79€/Kg","0,21€",https://cdn.intermarche.pt/pt/Content/images/boitmal/produit/zoom/1CE2597981CADFF99DE227C27A208890.jpg,,/product/pera-williams/2892287000000
14819,Pera Rocha,2892286000000,11508,11506,1 un = 150 gr (aprox.),Programa Origens,,"2,49€/Kg","0,37€",https://cdn.intermarche.pt/pt/Content/images/boitmal/produit/zoom/B2E2F24214CCC55D26179B9FD9531020.jpg,,/product/pera-rocha/2892286000000
15044,Pera Packam,2892296000000,11508,11506,1 un = 150 gr (aprox.),Fruta,CAT II,"1,59€/Kg","0,24€",https://cdn.intermarche.pt/pt/Content/images/boitmal/produit/zoom/FB563A374F4EA6B318353237C8ABEC1F.jpg,,/product/pera-packam/2892296000000
15020,Maçã Golden,2892199000000,11508,11506,1 un = 150 gr (aprox.),Fruta,CAT.: II,"1,99€/Kg","0,30€",https://cdn.intermarche.pt/pt/Content/images/boitmal/produit/zoom/AF46783081FB13FAA6C2471644DF937C.jpg,,/product/maca-golden/2892199000000
45726,Pera Moretini,2892292000000,11508,11506,Vendido ao peso a partir de 500 g,Fruta,CAT.: II,"2,29€/Kg","1,15€",https://cdn.intermarche.pt/pt/Content/images/boitmal/produit/zoom/89BBA6D3C573250F4F178C2A36D182CA.jpg,,/product/pera-moretini/2892292000000
13774,Maçã Pink Lady,2892213000000,11508,11506,1 un = 150 gr (aprox.),Fruta,CAT.: II,"2,99€/Kg","0,45€",https://cdn.intermarche.pt/pt/Content/images/boitmal/produit/zoom/98409036F25F3507962641376E0813AB.jpg,,/product/maca-pink-lady/2892213000000
36745,Pera conference categoria: II,2892275000000,11508,11506,Vendido ao peso a partir de 300 g,Fruta,CAT II,"2,59€/Kg","0,78€",https://cdn.intermarche.pt/pt/Content/images/boitmal/produit/zoom/592E90297DE3CDE7F58E1FF322C66078.jpg,,/product/pera-conference-categoria:-ii/2892275000000
13795,Maçã Fuji,2892186000000,11508,11506,1 un = 150 gr (aprox.),Fruta,CAT.: II,"2,99€/Kg","0,45€",https://cdn.intermarche.pt/pt/Content/images/boitmal/produit/zoom/FE18B3A40CF753A582E312825ED3CC79.jpg,,/product/maca-fuji/2892186000000
15030,Maçã Royal Gala,2892231000000,11508,11506,1 un = 150 gr (aprox.),Fruta,CAT.II,"1,99€/Kg","0,30€",https://cdn.intermarche.pt/pt/Content/images/boitmal/produit/zoom/6659420271B43ED8D587601BFE62FD2E.jpg,,/product/maca-royal-gala/2892231000000
34967,Maçã Reineta Categoria: II,2892478000000,11508,11506,Vendido ao peso,Fruta,CAT.: II,"1,99€/Kg","1,00€",https://cdn.intermarche.pt/pt/Content/images/boitmal/produit/zoom/2C5E3C73864DB03E1C9ACCC9D0AA8A8D.jpg,,/product/maca-reineta-categoria:-ii/2892478000000
35283,Pera forelle categoria II,2892396000000,11508,11506,Vendido ao peso,Fruta,CAT.: II,"2,49€/Kg","0,75€",https://cdn.intermarche.pt/pt/Content/images/boitmal/produit/zoom/0956C2DB9CF6969BCCF587A350B404B2.jpg,,/product/pera-forelle-categoria-ii/2892396000000
48827,Maçã Golden Premium,2892739000000,11508,11506,,Fruta,CAT.:I,"2,99€/Kg","0,90€",https://cdn.intermarche.pt/pt/Content/images/boitmal/produit/zoom/5E887B02FADE2A8202C9853E78D6B70A.jpg,,/product/maca-golden-premium/2892739000000
13026,Maçã Granny Smith,2892205000000,11508,11506,1 un = 150 gr (aprox.),Fruta,CAT.: I,"2,29€/Kg","0,34€",https://cdn.intermarche.pt/pt/Content/images/boitmal/produit/zoom/560041EEC5C67768E4125133A7EE8F0B.jpg,,/product/maca-granny-smith/2892205000000
18260,Pera Rocha,2892284000000,11508,11506,1 un = 150 gr (aprox.),Programa Origens,CAT.II,"2,49€/Kg","0,37€",https://cdn.intermarche.pt/pt/Content/images/boitmal/produit/zoom/C6A79D66A734B820802321B84FF6E44E.jpg,,/product/pera-rocha/2892284000000
12960,Maçã Bravo Esmolfe,2892243000000,11508,11506,1 un = 150 gr (aprox.),Fruta,CAT II,"2,99€/Kg","0,45€",https://cdn.intermarche.pt/pt/Content/images/boitmal/produit/zoom/BD2F4A40E8728DBDBB9965F07794D178.jpg,,/product/maca-bravo-esmolfe/2892243000000
13785,Maçã Golden Económica,2892195000000,11508,11506,1 un = 120 gr (aprox.),Fruta,CAT.II,"1,29€/Kg","0,15€",https://cdn.intermarche.pt/pt/Content/images/boitmal/produit/zoom/998E2A1774116A0855767FF639A0161F.jpg,,/product/maca-golden-economica/2892195000000
12906,Clementinas,2892001000000,11510,11506,1 un = 100 gr (aprox.),Fruta,CAT:II,"2,99€/Kg","0,30€",https://cdn.intermarche.pt/pt/Content/images/boitmal/produit/zoom/483A21231312DFA2BEAD08893E3D6F54.jpg,,/product/clementinas/2892001000000
12909,Laranja Económica,2892005000000,11510,11506,1 un = 250 gr  (aprox.),Fruta,CAT.: II,"1,29€/Kg","0,32€",https://cdn.intermarche.pt/pt/Content/images/boitmal/produit/zoom/E1EAB292C303D77FDC2FE941695C0092.jpg,,/product/laranja-economica/2892005000000
48394,Clementinas,2892003000000,11510,11506,1 un = 100 gr (aprox.),Fruta,CAT: II,"2,99€/Kg","0,30€",https://cdn.intermarche.pt/pt/Content/images/boitmal/produit/zoom/4A2F29577A99021EFB6152CC66E31ABD.jpg,,/product/clementinas/2892003000000
12956,Toranja,2892018000000,11510,11506,1 un = 300 gr  (aprox.),Fruta,CAT.: I,"1,99€/Kg","0,60€",https://cdn.intermarche.pt/pt/Content/images/boitmal/produit/zoom/C4B20F4AC0B35607B7246EDE01CE879E.jpg,,/product/toranja/2892018000000
12972,Banana,2892040000000,11511,11506,1 un = 200 gr (aprox.),Fruta,CAT: I,"1,09€/Kg","1,09€",https://cdn.intermarche.pt/pt/Content/images/boitmal/produit/zoom/C368220872795E9863F1F37C2230CCEA.jpg,2024-09-25T22:59:59.999Z,/product/banana/2892040000000
12894,Banana da  Madeira,2892042000000,11511,11506,1 un= 200 gr (aprox.),Fruta,CAT.: II,"2,79€/Kg","0,56€",https://cdn.intermarche.pt/pt/Content/images/boitmal/produit/zoom/AEB09FDBC77DC8299336F2901981AE66.jpg,,/product/banana-da-madeira/2892042000000
12889,Kiwi categoria II,2892175000000,11511,11506,1 un = 150 gr (aprox.),Fruta,CAT.: I,"3,99€/Kg","0,60€",https://cdn.intermarche.pt/pt/Content/images/boitmal/produit/zoom/8ECB4A8CBEF9251912188D64C7413AB3.jpg,,/product/kiwi-categoria-ii/2892175000000
14822,Kiwi Económico,2892176000000,11511,11506,1 un = 150 gr (aprox.),Fruta,,"1,99€/Kg","0,30€",https://cdn.intermarche.pt/pt/Content/images/boitmal/produit/zoom/C649417CB459701978602F8CD37855E9.jpg,,/product/kiwi-economico/2892176000000
14821,Banana,2892041000000,11511,11506,Vendido ao peso a partir de 500 gr,Nossa Seleção,,"2,99€/Kg","1,50€",https://cdn.intermarche.pt/pt/Content/images/boitmal/produit/zoom/304EF4F966C84F5C94706AD4432E6074.jpg,,/product/banana/2892041000000
15922,Nectarina,2892269000000,11512,11506,1 un = 150 gr (aprox.),Fruta,CAT.: II,"1,99€/Kg","0,30€",https://cdn.intermarche.pt/pt/Content/images/boitmal/produit/zoom/3A8538F6AC415625F5A1969A6F07D441.jpg,,/product/nectarina/2892269000000
12945,Ameixa Amarela,2892154000000,11512,11506,1 un = 250 gr  (aprox.),Fruta,CAT.: II,"2,49€/Kg","0,62€",https://cdn.intermarche.pt/pt/Content/images/boitmal/produit/zoom/2090DD1A82171FDD907927AD0AF26B38.jpg,,/product/ameixa-amarela/2892154000000
14903,Alperce,2892152000000,11512,11506,Vendido a partir de 250 gr,Fruta,CAT.: II,"2,49€/Kg","0,62€",https://cdn.intermarche.pt/pt/Content/images/boitmal/produit/zoom/EF2EC7F966A96380EE409113CCEB09D2.jpg,,/product/alperce/2892152000000
15063,Nêspera,2892272000000,11512,11506,1 un = 250 gr  (aprox.),Fruta,CAT: II,"3,99€/Kg","1,00€",https://cdn.intermarche.pt/pt/Content/images/boitmal/produit/zoom/271B42FC0A8E9E652C409A06855364A7.jpg,,/product/nespera/2892272000000
12946,Ameixa Vermelha,2892155000000,11512,11506,1 un = 250 gr  (aprox.),Fruta,CAT.: II,"2,49€/Kg","0,62€",https://cdn.intermarche.pt/pt/Content/images/boitmal/produit/zoom/1F3553DA3EF8F6B165B1563A2EC408C3.jpg,,/product/ameixa-vermelha/2892155000000
41223,Pêssego amarelo categoria II,2892299000000,11512,11506,Vendido ao peso a partir de 300 g,Fruta,CAT.: II,"2,99€/Kg","0,90€",https://cdn.intermarche.pt/pt/Content/images/boitmal/produit/zoom/94E6434048502F382DB0A0B212145AC9.jpg,,/product/pessego-amarelo-categoria-ii/2892299000000
44324,Nectarina,2892266000000,11512,11506,1 un = 150 gr (aprox.),Fruta,CAT.: II,"2,99€/Kg","0,45€",https://cdn.intermarche.pt/pt/Content/images/boitmal/produit/zoom/D49F1495635C50DE9E4BD122108FBD8F.jpg,,/product/nectarina/2892266000000
12884,Limão,2892009000000,11509,11506,1 un = 200 gr (aprox.),Fruta,CAT.: II,"1,89€/Kg","0,38€",https://cdn.intermarche.pt/pt/Content/images/boitmal/produit/zoom/2F7773525E5DEBAE013C06CBE4768FAC.jpg,,/product/limao/2892009000000
12940,Lima,2892083000000,11509,11506,1 un = 200 gr (aprox.),Fruta,CAT: II,"3,39€/Kg","0,68€",https://cdn.intermarche.pt/pt/Content/images/boitmal/produit/zoom/20A6BBEF6B12F4FB4181A414DFA3AAB3.jpg,,/product/lima/2892083000000
12930,Ananás Açores,2892053000000,11513,11506,1 un=1 kg aprox.,Programa Origens,CAT: II,"12,99€/Kg","12,99€",https://cdn.intermarche.pt/pt/Content/images/boitmal/produit/zoom/2753F07085A96252423EBBB3087C5179.jpg,,/product/ananas-acores/2892053000000
44955,Abacaxi Maturado Plump Gold,2892732000000,11513,11506,1 un = 2kg ( aprox.),Fruta,CAT:II,"1,99€/Kg","3,98€",https://cdn.intermarche.pt/pt/Content/images/boitmal/produit/zoom/17671066900D42D10EF401FBE42F8ACF.jpg,,/product/abacaxi-maturado-plump-gold/2892732000000
33662,"Abacaxi ""Avião"" categoria II",2892117000000,11513,11506,Vendido ao peso (1un = 1.5 kg aprox.),Fruta,CAT:II,"4,99€/Kg","7,49€",https://cdn.intermarche.pt/pt/Content/images/boitmal/produit/zoom/F23BD5027A4BDAD19453CC562963414B.jpg,,"/product/abacaxi-""aviao""-categoria-ii/2892117000000"
14826,Morangos,2892264000000,11514,11506,Vendido a partir de 250 gr,Fruta,CAT:II,"4,49€/Kg","1,12€",https://cdn.intermarche.pt/pt/Content/images/boitmal/produit/zoom/FCF3DD9E844DCEA80EFAEFD8AB17F278.jpg,,/product/morangos/2892264000000
15575,Groselha,5604260279180,11514,11506,Embalagem com 125g,PorSi,,"15,92€/Kg","1,99€",https://cdn.intermarche.pt/pt/Content/images/boitmal/produit/zoom/F53E5F4F8E133C4D9682BA40A18B293E.jpg,,/product/groselha/5604260279180
20523,Mix do Bosque,5602132656701,11514,11506,Embalagem com 175 gr,Fruta,,"20,51€/Kg","3,59€",https://cdn.intermarche.pt/pt/Content/images/boitmal/produit/zoom/43AA9A921030E2C4FA30201D7CB9AF20.jpg,,/product/mix-do-bosque/5602132656701
15041,Morangos,2892265000000,11514,11506,,PorSi Bio,CAT.: II,"3,99€/Kg","1,00€",https://cdn.intermarche.pt/pt/Content/images/boitmal/produit/zoom/03F37DF36EEC4F25971E4EFEA853DF4B.jpg,,/product/morangos/2892265000000
14916,Cereja,2892165000000,11514,11506,Vendido ao peso,Fruta,CAT:II,"7,99€/Kg","2,00€",https://cdn.intermarche.pt/pt/Content/images/boitmal/produit/zoom/3B3CEED19BC776B2D2FE661DA0AAB904.jpg,,/product/cereja/2892165000000
14904,Cereja,2892164000000,11514,11506,1 un = 250 gr  (aprox.),Programa Origens,CAT: II,"12,99€/Kg","3,25€",https://cdn.intermarche.pt/pt/Content/images/boitmal/produit/zoom/ACDCC001ADD312CD5B14A6D9CD7396E4.jpg,,/product/cereja/2892164000000
39224,Mirtilos,5601557056356,11514,11506,Embalagem de 100g,Salutem,,"42,90€/Kg","4,29€",https://cdn.intermarche.pt/pt/Content/images/boitmal/produit/zoom/6D01F939C6D4AF3E675148F0D6234BA9.jpg,,/product/mirtilos/5601557056356
15577,Framboesa,5604260279166,11514,11506,Embalagem com 125g,PorSi,,"15,92€/Kg","1,99€",https://cdn.intermarche.pt/pt/Content/images/boitmal/produit/zoom/498DD3B7B51C2A37F7C64567752911E7.jpg,,/product/framboesa/5604260279166
18965,Morangos,5604260279883,11514,11506,Embalagem de 500 gr,PorSi,,"5,98€/Kg","2,99€",https://cdn.intermarche.pt/pt/Content/images/boitmal/produit/zoom/13CB93A89524CED215DC53D2AD433098.jpg,,/product/morangos/5604260279883
13781,Uva Red Globe,2892323000000,11515,11506,1 un = 250 gr  (aprox.),Fruta,CAT:II,"2,49€/Kg","0,62€",https://cdn.intermarche.pt/pt/Content/images/boitmal/produit/zoom/1F39C2CDDA1731E30D604B1031CF2B02.jpg,,/product/uva-red-globe/2892323000000
44214,Uva Branca,2892389000000,11515,11506,Vendido ao peso,Programa Origens,CAT.: II,"1,99€/Kg","1,99€",https://cdn.intermarche.pt/pt/Content/images/boitmal/produit/zoom/050ED6D4AEAAA41934401645B113C58A.jpg,,/product/uva-branca/2892389000000
25785,Uva Preta s/ Graínha,5609489871849,11515,11506,Embalagem 500g,Vale da Rosa,,"7,98€/Kg","3,99€",https://cdn.intermarche.pt/pt/Content/images/boitmal/produit/zoom/97031CCDB104AC4BE5FD1E7724DEFDBC.jpg,,/product/uva-preta-s-ou-grainha/5609489871849
15067,Uva Preta,2892316000000,11515,11506,Vendido a partir de 250 gr,Fruta,CAT II,"1,99€/Kg","0,50€",https://cdn.intermarche.pt/pt/Content/images/boitmal/produit/zoom/0F4B814FCBD1E6E66B9A99BDA34CD4EA.jpg,,/product/uva-preta/2892316000000
15066,Uva Preta Red Globe,2892325000000,11515,11506,Vendido a partir de 250 gr,Fruta,,"1,99€/Kg","0,50€",https://cdn.intermarche.pt/pt/Content/images/boitmal/produit/zoom/E3DAB662E65058D1BA70B929286E63D0.jpg,,/product/uva-preta-red-globe/2892325000000
21151,Uva Cardinal,5609489871887,11515,11506,Embalagem de 500 g,Vale da Rosa,,"6,58€/Kg","3,29€",https://cdn.intermarche.pt/pt/Content/images/boitmal/produit/zoom/4D30FEBBC4C09AD729E0E90AFB1BBF2D.jpg,,/product/uva-cardinal/5609489871887
15038,Melão Branco,2892255000000,11516,11506,Vendido ao peso | 1 un = 2.5 kg (aprox.),Programa Origens,CAT.: II,"0,99€/Kg","2,48€",https://cdn.intermarche.pt/pt/Content/images/boitmal/produit/zoom/1907C0AEFCB3376B09C7B915B4809CC0.jpg,,/product/melao-branco/2892255000000
12891,Melão Amarelo,2892251000000,11516,11506,Vendido ao peso | 1 un = 2.5 kg (aprox.),Fruta,CAT II,"1,09€/Kg","1,09€",https://cdn.intermarche.pt/pt/Content/images/boitmal/produit/zoom/B28D3DA3CF94FC2145F6127879554AD3.jpg,,/product/melao-amarelo/2892251000000
14897,Melancia Riscada,2892245000000,11516,11506,Vendido ao peso | 1 un = 4kg (aprox.),Fruta,CAT.: II,"0,99€/Kg","3,96€",https://cdn.intermarche.pt/pt/Content/images/boitmal/produit/zoom/AA3D63A30F9BA2DBBD75810E5FD774FC.jpg,,/product/melancia-riscada/2892245000000
15040,Melão Verde,2892257000000,11516,11506,Vendido ao peso | 1 un = 2.5 kg (aprox.),Programa Origens,CAT.: II,"1,99€/Kg","4,98€",https://cdn.intermarche.pt/pt/Content/images/boitmal/produit/zoom/A8913855ED220D27ACC9440788566FCA.jpg,,/product/melao-verde/2892257000000
15103,Romã,2892313000000,11517,11506,1 un = 250 gr  (aprox.),Fruta,CAT:II,"2,59€/Kg","0,65€",https://cdn.intermarche.pt/pt/Content/images/boitmal/produit/zoom/6A80EC559844989ABEB231AE7C3574EF.jpg,2024-09-25T22:59:59.999Z,/product/roma/2892313000000
14924,Diospiro,2892170000000,11517,11506,1 un = 250 gr  (aprox.),Fruta,CAT.: II,"3,99€/Kg","1,00€",https://cdn.intermarche.pt/pt/Content/images/boitmal/produit/zoom/055011FD9860D80149770D7CDBDB472E.jpg,,/product/diospiro/2892170000000
13806,Marmelo,2892244000000,11517,11506,1 un = 250 gr  (aprox.),Fruta,CAT:II,"1,79€/Kg","0,45€",https://cdn.intermarche.pt/pt/Content/images/boitmal/produit/zoom/79ACC482E6677FBCDE8B0A931D8654DF.jpg,,/product/marmelo/2892244000000
15014,Diospiro de  Roer,2892171000000,11517,11506,1 un = 250 gr  (aprox.),Programa Origens,CAT.:II,"1,69€/Kg","0,42€",https://cdn.intermarche.pt/pt/Content/images/boitmal/produit/zoom/1CD21B654EFE7A54F1CB70640F03154A.jpg,,/product/diospiro-de-roer/2892171000000
16013,Figo da India,2892070000000,11517,11506,1 un = 150 gr (aprox.),Fruta,CAT.: I,"4,99€/Kg","0,75€",https://cdn.intermarche.pt/pt/Content/images/boitmal/produit/zoom/6D3639D2C0D3D8E5C232EA543D4A53D6.jpg,,/product/figo-da-india/2892070000000
37658,Lichias categoria: II,2892084000000,11517,11506,Vendido ao peso,Fruta,CAT:I,"14,99€/Kg","3,00€",https://cdn.intermarche.pt/pt/Content/images/boitmal/produit/zoom/22AE903B0457E91C71833515736D5A3C.jpg,,/product/lichias-categoria:-ii/2892084000000
12887,Manga Barco,2892089000000,11518,11506,1 un = 500 gr (aprox.),Fruta,CAT.: I,"3,29€/Kg","1,65€",https://cdn.intermarche.pt/pt/Content/images/boitmal/produit/zoom/ADC504D3921218CCB4DF31F75AAF28C0.jpg,,/product/manga-barco/2892089000000
15156,Papaia Avião,2892099000000,11518,11506,1 un = 500 g (aprox.),Fruta,CAT.: I,"4,69€/Kg","2,35€",https://cdn.intermarche.pt/pt/Content/images/boitmal/produit/zoom/DF7F380DB21C8B86421C1DF0F267CCC0.jpg,,/product/papaia-aviao/2892099000000
12943,Mamão,2892087000000,11518,11506,"1 un = 1,5 kg (aprox.)",Fruta,CAT.: I,"4,59€/Kg","6,89€",https://cdn.intermarche.pt/pt/Content/images/boitmal/produit/zoom/7BEA239E9FBE1F40B72B7D640F731AC1.jpg,,/product/mamao/2892087000000
12888,Manga Avião,2892090000000,11518,11506,1 un=500 gr (aprox.),Fruta,CAT.: I,"3,99€/Kg","2,00€",https://cdn.intermarche.pt/pt/Content/images/boitmal/produit/zoom/2F9334665091AF30C298FAAAC9CB308C.jpg,2024-09-25T22:59:59.999Z,/product/manga-aviao/2892090000000
12931,Anona,2892054000000,11518,11506,1 un = 250 gr  (aprox.),Fruta,CAT: I,"6,99€/Kg","1,75€",https://cdn.intermarche.pt/pt/Content/images/boitmal/produit/zoom/BE303D27F43E7E1297CA176B37D596FB.jpg,,/product/anona/2892054000000
250,Abacate,2892150000000,11518,11506,1 un. = 300 g (aprox.),Fruta,CAT.: II,"4,99€/Kg","1,50€",https://cdn.intermarche.pt/pt/Content/images/boitmal/produit/zoom/75A4131DA32D2C3DB8DFB8F45FB53C98.jpg,,/product/abacate/2892150000000
17129,Maracujá Roxo,2892093000000,11518,11506,1 un = 250 gr  (aprox.),Fruta,CAT.: II,"10,99€/Kg","2,75€",https://cdn.intermarche.pt/pt/Content/images/boitmal/produit/zoom/ECC8CDE139C3DA444F897788D6B33FB9.jpg,,/product/maracuja-roxo/2892093000000
14828,Coco Seco,2892066000000,11518,11506,1 un= 500 gr (aprox.),Fruta,,"1,79€/Kg","0,90€",https://cdn.intermarche.pt/pt/Content/images/boitmal/produit/zoom/2D67FCDEB692D974E05B644DDC27D64F.jpg,,/product/coco-seco/2892066000000
15100,Manga Pronta a Comer,2892091000000,11518,11506,1 un = 400 gr (aprox.),Fruta,CAT.: I,"3,49€/Kg","1,40€",https://cdn.intermarche.pt/pt/Content/images/boitmal/produit/zoom/B47A3554E3ED8E2A276876AFC22344A1.jpg,,/product/manga-pronta-a-comer/2892091000000
16014,Goiaba Vermelha,2892074000000,11518,11506,1 un = 200 gr (aprox.),Fruta,CAT.: II,"8,99€/Kg","1,80€",https://cdn.intermarche.pt/pt/Content/images/boitmal/produit/zoom/0DBDEE57C12745682A07DB1B29EB0A61.jpg,,/product/goiaba-vermelha/2892074000000
18037,Tamarindo,2892107000000,11518,11506,1 un = 100 gr (aprox.),Fruta,II,"8,99€/Kg","0,90€",https://cdn.intermarche.pt/pt/Content/images/boitmal/produit/zoom/E0BACF95163E477D5521A66840B049C6.jpg,,/product/tamarindo/2892107000000
43993,Tremoços extra,2892681000000,11519,11506,Vendido ao peso a partir de 500 g,PorSi,CAT.: II,"3,99€/Kg","2,00€",https://cdn.intermarche.pt/pt/Content/images/boitmal/produit/zoom/38B2054758C0F96011DABBB467575EA7.jpg,,/product/tremocos-extra/2892681000000
13792,Castanha 70/90,2892161000000,11519,11506,1 un = 250 gr  (aprox.),Frutos Secos,CAT.: II,"5,49€/Kg","1,37€",https://cdn.intermarche.pt/pt/Content/images/boitmal/produit/zoom/0F5786095F308072F75657C07C787510.jpg,,/product/castanha-70-ou-90/2892161000000
46765,Mistura Cocktail,2892353000000,11519,11506,Vendido ao peso,Frutos Secos,,"6,99€/Kg","1,75€",https://cdn.intermarche.pt/pt/Content/images/boitmal/produit/zoom/2818B7CB42ED63D5F2DBAA79BACB6FD7.jpg,,/product/mistura-cocktail/2892353000000
12966,Caju simples,2892033000000,11519,11506,Vendido ao peso,Frutos Secos,CAT.: II,"19,99€/Kg","5,00€",https://cdn.intermarche.pt/pt/Content/images/boitmal/produit/zoom/06BB2BA6CC81A17A206F08795F27DA8F.jpg,,/product/caju-simples/2892033000000
12978,Alface Frisada,2892462000000,11531,11507,1 un= 400 g (aprox.),Legumes,,"0,99€/Kg","0,40€",https://cdn.intermarche.pt/pt/Content/images/boitmal/produit/zoom/14C8DBD7827DB992F77D5C5056950123.jpg,2024-09-25T22:59:59.999Z,/product/alface-frisada/2892462000000
12981,Alface Iceberg,2892463000000,11531,11507,1 un= 400 g (aprox.),Legumes,,"2,99€/Kg","1,20€",https://cdn.intermarche.pt/pt/Content/images/boitmal/produit/zoom/69E0DBFBF6C50F31C0E099474FDE3598.jpg,,/product/alface-iceberg/2892463000000
12980,Alface Roxa,2892466000000,11531,11507,1 un= 400 g (aprox.),Legumes,CAT II,"2,99€/Kg","1,20€",https://cdn.intermarche.pt/pt/Content/images/boitmal/produit/zoom/07FC950D247B0FFA212FF8F152BAE023.jpg,,/product/alface-roxa/2892466000000
13813,Batata Doce,2892489000000,11522,11507,1 un = 250 gr  (aprox.),Legumes,CAT:II,"1,59€/Kg","0,40€",https://cdn.intermarche.pt/pt/Content/images/boitmal/produit/zoom/B0785A3D8A1A6773EB1FB43B119AC4D9.jpg,2024-09-25T22:59:59.999Z,/product/batata-doce/2892489000000
12986,Batata Branca Nova Granel,2892484000000,11522,11507,1 un = 250 gr  (aprox.),Legumes,CAT II,"1,49€/Kg","0,37€",https://cdn.intermarche.pt/pt/Content/images/boitmal/produit/zoom/CF9E1012080EAC69BF620A742C6DFA61.jpg,,/product/batata-branca-nova-granel/2892484000000
44395,Batata roxa,5608951110141,11522,11507,Embalagem de 5 kg,Legumes,,"1,10€/Kg","5,50€",https://cdn.intermarche.pt/pt/Content/images/boitmal/produit/zoom/185E1D2A97798515B92AF55308BFB0CB.jpg,,/product/batata-roxa/5608951110141
34240,Cebola roxa categoria II,2892497000000,11523,11507,Vendido ao peso,Programa Origens,CAT: II,"1,59€/Kg","0,40€",https://cdn.intermarche.pt/pt/Content/images/boitmal/produit/zoom/2911925A7CDB073DF1ED60E2BCA1D13D.jpg,,/product/cebola-roxa-categoria-ii/2892497000000
13828,Cebola,2892514000000,11523,11507,1 un = 250 gr  (aprox.),Legumes,CAT: II,"1,39€/Kg","0,35€",https://cdn.intermarche.pt/pt/Content/images/boitmal/produit/zoom/1A901EFB61436E373D941BF5597B64BD.jpg,,/product/cebola/2892514000000
43371,Alho laminado/louro cortado,5604260303892,11523,11507,Embalagem de 65g,PorSi,,"29,08€/Kg","1,89€",https://cdn.intermarche.pt/pt/Content/images/boitmal/produit/zoom/17159BC5B670A0F70520F2AD96410694.jpg,,/product/alho-laminado-ou-louro-cortado/5604260303892
14921,Couve Bróculo,2892534000000,11524,11507,Vendido ao peso,Legumes,CAT.: II,"2,99€/Kg","1,20€",https://cdn.intermarche.pt/pt/Content/images/boitmal/produit/zoom/4F48873F332B6ECE759CD88793270811.jpg,2024-09-25T22:59:59.999Z,/product/couve-broculo/2892534000000
15010,Couve Flor,2892545000000,11524,11507,1 un = 1 kg (aprox.),Programa Origens,CAT.II,"2,49€/Kg","2,49€",https://cdn.intermarche.pt/pt/Content/images/boitmal/produit/zoom/73DF9B2986748054B9303F926F23B964.jpg,,/product/couve-flor/2892545000000
13814,Feijão Verde,2892558000000,11524,11507,1 un = 250 gr  (aprox.),Legumes,CAT:II,"3,99€/Kg","1,00€",https://cdn.intermarche.pt/pt/Content/images/boitmal/produit/zoom/5688B97D5E073F1C8E51E2F8542D9EC1.jpg,,/product/feijao-verde/2892558000000
13000,Couve branca,2892533000000,11524,11507,1 un= 1 kg aprox,Legumes,CAT:II,"1,29€/Kg","1,29€",https://cdn.intermarche.pt/pt/Content/images/boitmal/produit/zoom/4A118CCD7A01ABE88026942CC385EB6B.jpg,,/product/couve-branca/2892533000000
15012,Couve Penca (Portuguesa) Programa Origens,2892549000000,11524,11507,1 un = 1 kg (aprox.),PorSi,CAT:II,"1,59€/Kg","1,59€",https://cdn.intermarche.pt/pt/Content/images/boitmal/produit/zoom/EE987F3E9930327662D1A159E001738F.jpg,,/product/couve-penca-(portuguesa)-programa-origens/2892549000000
13004,Couve Lombarda,2892539000000,11524,11507,1 un=1 kg (aprox.),Legumes,CAT.II,"0,99€/Kg","0,99€",https://cdn.intermarche.pt/pt/Content/images/boitmal/produit/zoom/7673EB08916DD7A850C8BACAE77F0ED9.jpg,,/product/couve-lombarda/2892539000000
15058,Couve Coração,2892537000000,11524,11507,1 un = 1 kg (aprox.),Legumes,CAT.II,"1,09€/Kg","1,09€",https://cdn.intermarche.pt/pt/Content/images/boitmal/produit/zoom/1698347C46AA0BD612BDA97AF2BB156E.jpg,,/product/couve-coracao/2892537000000
15013,Couve Roxa,2892586000000,11524,11507,1 un = 1 kg (aprox.),Programa Origens,,"1,29€/Kg","1,29€",https://cdn.intermarche.pt/pt/Content/images/boitmal/produit/zoom/C15FB4AA650D08814701170E90E9EDB6.jpg,,/product/couve-roxa/2892586000000
51500,Couve Chinesa Roxa,2892482000000,11524,11507,1 un= 1 kg (aprox.),Legumes,,"2,49€/Kg","2,49€",https://cdn.intermarche.pt/pt/Content/images/boitmal/produit/zoom/8397C776FD3D027B082013BDDD5D1D23.jpg,,/product/couve-chinesa-roxa/2892482000000
15059,Nabo Roxo sem Rama,2892578000000,11525,11507,1 un = 200 gr (aprox.),Legumes,CAT: II,"2,19€/Kg","0,44€",https://cdn.intermarche.pt/pt/Content/images/boitmal/produit/zoom/EECF99CF1D26FD88C91EC2A5B22EA3C8.jpg,,/product/nabo-roxo-sem-rama/2892578000000
13016,Grelo Nabo Programa Origens,2892565000000,11525,11507,1 un= 1 kg (aprox.),PorSi,,"2,49€/Kg","2,49€",https://cdn.intermarche.pt/pt/Content/images/boitmal/produit/zoom/0DBA6D391F2AA92196B9CD39EB64BA0D.jpg,,/product/grelo-nabo-programa-origens/2892565000000
13831,Nabiças Programa Origens,2892573000000,11525,11507,1 un = 1 kg (aprox.),PorSi,CAT:II,"1,99€/Kg","1,99€",https://cdn.intermarche.pt/pt/Content/images/boitmal/produit/zoom/78312AB154E1D8141C51469DE01B5A58.jpg,,/product/nabicas-programa-origens/2892573000000
15247,Grelo de Couve Programa Origens,2892564000000,11525,11507,1 un = 1 kg (aprox.),PorSi,CAT:II,"2,49€/Kg","2,49€",https://cdn.intermarche.pt/pt/Content/images/boitmal/produit/zoom/9C76FA289784C5E4C4E51E55DAEB9600.jpg,,/product/grelo-de-couve-programa-origens/2892564000000
13012,Espinafres Arrancar Programa Origens,2892554000000,11526,11507,1 un= 1 kg  (aprox. ),PorSi,CAT:II,"3,29€/Kg","3,29€",https://cdn.intermarche.pt/pt/Content/images/boitmal/produit/zoom/2F9CCC4B8A628CD91356370A558F861C.jpg,,/product/espinafres-arrancar-programa-origens/2892554000000
12994,Cenoura Granel,2892524000000,11527,11507,1 un = 100 gr (aprox.),Legumes,CATEGORI,"0,89€/Kg","0,09€",https://cdn.intermarche.pt/pt/Content/images/boitmal/produit/zoom/6427FE21A79FA79A1E8CC03E5F3B3703.jpg,,/product/cenoura-granel/2892524000000
15161,Cenouras Programa Origens,5604260274246,11527,11507,Embalagem de 1 kg,PorSi,II,"1,09€/Kg","1,09€",https://cdn.intermarche.pt/pt/Content/images/boitmal/produit/zoom/2C5D90EF430B0C18141C519CD5070475.jpg,2024-09-25T22:59:59.999Z,/product/cenouras-programa-origens/5604260274246
18038,Abóbora Menina Programa Origens,2892451000000,11527,11507,1 un= 1 kg (aprox.),PorSi,,"1,29€/Kg","1,29€",https://cdn.intermarche.pt/pt/Content/images/boitmal/produit/zoom/1DBE299601350369EB6F0EE0A43BDBDE.jpg,,/product/abobora-menina-programa-origens/2892451000000
15060,Abóbora Butternut,2892453000000,11527,11507,1 un = 1 kg (aprox.),Programa Origens,CAT.:II,"1,29€/Kg","1,29€",https://cdn.intermarche.pt/pt/Content/images/boitmal/produit/zoom/EAB55C948223F5C0DA9E5CFE8535733D.jpg,,/product/abobora-butternut/2892453000000
15052,Tomate Alongado,2892600000000,11528,11507,1 un = 200 gr (aprox.),Legumes,CAT.: II,"1,99€/Kg","0,40€",https://cdn.intermarche.pt/pt/Content/images/boitmal/produit/zoom/8D39F3A81A54F88B7EA7E58898AD3AD6.jpg,,/product/tomate-alongado/2892600000000
13817,Pimento Verde,2892582000000,11528,11507,1 un = 250 gr  (aprox.),Legumes,CAT.: II,"1,79€/Kg","0,45€",https://cdn.intermarche.pt/pt/Content/images/boitmal/produit/zoom/7B3A4CEB1862E90C3453A121EC9872E4.jpg,,/product/pimento-verde/2892582000000
13821,Tomate Cacho,2892597000000,11528,11507,1 un = 200 gr (aprox.),Legumes,CAT:II,"1,49€/Kg","0,30€",https://cdn.intermarche.pt/pt/Content/images/boitmal/produit/zoom/3B66EF6541266EDFA27BC4541501843F.jpg,2024-09-25T22:59:59.999Z,/product/tomate-cacho/2892597000000
15055,Tomate Cacho,2892602000000,11528,11507,1 un = 200 gr (aprox.),Programa Origens,CAT II,"1,79€/Kg","0,36€",https://cdn.intermarche.pt/pt/Content/images/boitmal/produit/zoom/5CC43CC2537AA793FBCEC427E2019B73.jpg,,/product/tomate-cacho/2892602000000
35692,Tomate coração de boi categoria: II,2892417000000,11528,11507,Vendido ao peso,Legumes,,"1,89€/Kg","0,47€",https://cdn.intermarche.pt/pt/Content/images/boitmal/produit/zoom/0C1F0495142A9726159F9415681B2BD1.jpg,,/product/tomate-coracao-de-boi-categoria:-ii/2892417000000
19368,Tomate Cherry,5606586000417,11528,11507,Embalagem de 250 g,Legumes,,"6,36€/Kg","1,59€",https://cdn.intermarche.pt/pt/Content/images/boitmal/produit/zoom/5696AF4CF4EA8EEE176DF8D04ED26B65.jpg,,/product/tomate-cherry/5606586000417
49893,Tomate Azul | categoria: II,2892734000000,11528,11507,Vendido ao peso,Legumes,,"3,99€/Kg","1,00€",https://cdn.intermarche.pt/pt/Content/images/boitmal/produit/zoom/9F3343679FE035AA43D2E490A8855662.jpg,,/product/tomate-azul-|-categoria:-ii/2892734000000
45321,Pimento verde assado em tiras,5600765590027,11528,11507,350 g,Legumes,,"8,54€/Kg","2,99€",https://cdn.intermarche.pt/pt/Content/images/boitmal/produit/zoom/F7D546BE196C1D551D79BE72AF23E385.jpg,,/product/pimento-verde-assado-em-tiras/5600765590027
40658,Tomate Cereja Alongado Origens,5604260282302,11528,11507,Emb.: ± 250 g,PorSi Bio,,"5,96€/Kg","1,49€",https://cdn.intermarche.pt/pt/Content/images/boitmal/produit/zoom/48ED242521CF5BB28F6E6B8F79FCF102.jpg,,/product/tomate-cereja-alongado-origens/5604260282302
40659,Tomate Cereja Redondo,5604260282296,11528,11507,Emb.: ± 250 g,PorSi,,"5,96€/Kg","1,49€",https://cdn.intermarche.pt/pt/Content/images/boitmal/produit/zoom/F961AD48FA0AC89D025B910BA308851E.jpg,,/product/tomate-cereja-redondo/5604260282296
13833,Pepino,2892579000000,11530,11507,1 un = 300 gr  (aprox.),Legumes,CAT II,"1,59€/Kg","0,48€",https://cdn.intermarche.pt/pt/Content/images/boitmal/produit/zoom/81A5C57CCE1518487B68F04112010F92.jpg,,/product/pepino/2892579000000
20937,Aipo,2892426000000,11534,11507,Vendido ao peso,Nossa Seleção,,"2,29€/Kg","1,37€",https://cdn.intermarche.pt/pt/Content/images/boitmal/produit/zoom/0F2692678CC5607E259BDEB4FF40CE13.jpg,,/product/aipo/2892426000000
12996,Chuchu,2892526000000,11533,11507,1 un = 250 gr  (aprox.),Legumes,CAT I,"2,79€/Kg","0,70€",https://cdn.intermarche.pt/pt/Content/images/boitmal/produit/zoom/93A45A4645EB0EB96CD1F4E97D062E08.jpg,,/product/chuchu/2892526000000
12892,Beringela,2892508000000,11533,11507,1 un=400 gr (aprox.),Legumes,CAT.: II,"2,99€/Kg","1,20€",https://cdn.intermarche.pt/pt/Content/images/boitmal/produit/zoom/FB5F3B306A4564F795D1797261204613.jpg,,/product/beringela/2892508000000
12939,Gengibre,2892073000000,11533,11507,1 un = 100 gr (aprox.),Legumes,CAT. I,"4,99€/Kg","0,50€",https://cdn.intermarche.pt/pt/Content/images/boitmal/produit/zoom/F521D3FB8B28A3559D4F16F09B6F660F.jpg,,/product/gengibre/2892073000000
12990,Beterraba sem Rama,2892510000000,11533,11507,1 un=250 gr (aprox.),Legumes,CAT.: II,"1,29€/Kg","0,32€",https://cdn.intermarche.pt/pt/Content/images/boitmal/produit/zoom/FE38D0A0EDE44D01AA1FA1361EAB5312.jpg,,/product/beterraba-sem-rama/2892510000000
14914,Mandioca,2892088000000,11533,11507,1 un=500 gr (aprox.),Legumes,CAT.: I,"3,49€/Kg","1,75€",https://cdn.intermarche.pt/pt/Content/images/boitmal/produit/zoom/245947474965D9E23A1A5C2C57D52994.jpg,,/product/mandioca/2892088000000
14848,Espargos Verde,2892551000000,11533,11507,1 un = 250 g  (aprox.),Legumes,,"13,99€/Kg","3,50€",https://cdn.intermarche.pt/pt/Content/images/boitmal/produit/zoom/BF2446A98231B640F0D52C3264828F72.jpg,,/product/espargos-verde/2892551000000
14830,Malagueta Vermelha,2892569000000,11533,11507,1 un = 100 gr (aprox.),Legumes,,"3,99€/Kg","0,40€",https://cdn.intermarche.pt/pt/Content/images/boitmal/produit/zoom/151CDFCA95F59274D4B086E92B3E5633.jpg,,/product/malagueta-vermelha/2892569000000
51502,Rebentos de Alfafa,5606999027827,11533,11507,150 g,Legumes,,"18,60€/Kg","2,79€",https://cdn.intermarche.pt/pt/Content/images/boitmal/produit/zoom/BD86DD6F5D4064235E26683E46F12AC7.jpg,,/product/rebentos-de-alfafa/5606999027827
13830,Malagueta Verde,2892568000000,11533,11507,1 un = 100 gr (aprox.),Legumes,,"2,99€/Kg","0,30€",https://cdn.intermarche.pt/pt/Content/images/boitmal/produit/zoom/03F786FAED5F09927938E38F292CCE04.jpg,,/product/malagueta-verde/2892568000000
15251,Aipo com Rama,2892456000000,11533,11507,1 un = 1 kg (aprox.),Programa Origens,,"2,29€/Kg","2,29€",https://cdn.intermarche.pt/pt/Content/images/boitmal/produit/zoom/B916F1E6C8E72EC9E565CCD4FE03A840.jpg,,/product/aipo-com-rama/2892456000000
15015,Favas,2892555000000,11533,11507,1 un = 250 gr  (aprox.),Programa Origens,CAT.:II,"2,29€/Kg","0,57€",https://cdn.intermarche.pt/pt/Content/images/boitmal/produit/zoom/BC35B2B23D2D6FC8E4C8F5D46BD8DBFB.jpg,,/product/favas/2892555000000
13866,Bifanas,2891048000000,11539,11537,Vendido ao peso a partir de 1 kg,Porco,,"3,99€/Kg","3,99€",https://cdn.intermarche.pt/pt/Content/images/boitmal/produit/zoom/C9E276B082B119EFEDC2A2B0E1BC737E.jpg,2024-09-25T22:59:59.999Z,/product/bifanas/2891048000000
13865,Costeletas do Cachaço,2891042000000,11539,11537,Vendido ao peso a partir de 1 kg,Porco,,"4,98€/Kg","4,98€",https://cdn.intermarche.pt/pt/Content/images/boitmal/produit/zoom/9CC30521C194F3CF0E71F32C6E004880.jpg,2024-09-25T22:59:59.999Z,/product/costeletas-do-cachaco/2891042000000
13893,Entrecosto,2891043000000,11539,11537,Vendido ao peso a partir de 1 kg,Porco,,"5,99€/Kg","5,99€",https://cdn.intermarche.pt/pt/Content/images/boitmal/produit/zoom/AA05EE99D302D59771FCC108473E0700.jpg,2024-09-25T22:59:59.999Z,/product/entrecosto/2891043000000
13897,Lombo sem Osso,2891053000000,11539,11537,Vendido ao peso a partir de 1 kg,Porco,,"5,29€/Kg","5,29€",https://cdn.intermarche.pt/pt/Content/images/boitmal/produit/zoom/415564DA70574ED3C1D7475F1F28BDB6.jpg,,/product/lombo-sem-osso/2891053000000
13881,Lombinhos,2891051000000,11539,11537,1 un=500 gr aprox.,Porco,,"7,99€/Kg","4,00€",https://cdn.intermarche.pt/pt/Content/images/boitmal/produit/zoom/72A8F969F14B8E66787332FACB9A8F30.jpg,,/product/lombinhos/2891051000000
13894,Entremeada sem Entrecosto,2891044000000,11539,11537,Vendido ao peso a partir de 1 kg,Porco,,"4,88€/Kg","4,88€",https://cdn.intermarche.pt/pt/Content/images/boitmal/produit/zoom/C03EF63C56AFB4E4EA78E134436BF30C.jpg,2024-09-25T22:59:59.999Z,/product/entremeada-sem-entrecosto/2891044000000
13892,Costeletas do Lombo,2891041000000,11539,11537,Vendido ao peso a partir de 1 kg,Porco,,"3,99€/Kg","3,99€",https://cdn.intermarche.pt/pt/Content/images/boitmal/produit/zoom/0CEDBCB04142A68CDED3690FB39820D0.jpg,2024-09-25T22:59:59.999Z,/product/costeletas-do-lombo/2891041000000
17523,Pá York c/ Osso c/ Couro,2891246000000,11539,11537,Vendido ao peso a partir de 1 kg,Porco,,"3,58€/Kg","3,58€",https://cdn.intermarche.pt/pt/Content/images/boitmal/produit/zoom/B1774B7150E1E65399A00A5F3DC93922.jpg,,/product/pa-york-c-ou-osso-c-ou-couro/2891246000000
13934,Rojões,2891062000000,11539,11537,1 un = 250 gr  (aprox.),Porco,,"3,99€/Kg","1,00€",https://cdn.intermarche.pt/pt/Content/images/boitmal/produit/zoom/EC22EC97C3D422144CA5D38D9F748D88.jpg,,/product/rojoes/2891062000000
21291,Cachaço s/ Osso,2891140000000,11539,11537,Vendido ao peso a partir de 1 kg,Porco,,"5,49€/Kg","5,49€",https://cdn.intermarche.pt/pt/Content/images/boitmal/produit/zoom/5959AA495A4B146D941DA93F1CFF6837.jpg,,/product/cachaco-s-ou-osso/2891140000000
13859,Pernil,2891058000000,11539,11537,1 un = 1 kg (aprox.),Porco,,"3,99€/Kg","3,99€",https://cdn.intermarche.pt/pt/Content/images/boitmal/produit/zoom/C4572635831A08625EF6328534B36B49.jpg,,/product/pernil/2891058000000
13895,Espetadas,2891047000000,11539,11537,1 un = 150 gr (aprox.),Porco,,"6,95€/Kg","1,04€",https://cdn.intermarche.pt/pt/Content/images/boitmal/produit/zoom/401EE6D6FA8B752FC8E1714FD69830E3.jpg,,/product/espetadas/2891047000000
13896,Fígado,2891049000000,11539,11537,Vendido ao peso a partir de 1 kg,Porco,,"2,99€/Kg","2,99€",https://cdn.intermarche.pt/pt/Content/images/boitmal/produit/zoom/740BF060094E10F038B52E10E6D0AA68.jpg,,/product/figado/2891049000000
13954,Tiras da Costela/Piano,2891192000000,11539,11537,1 un = 500 gr (aprox.),Porco,,"7,99€/Kg","4,00€",https://cdn.intermarche.pt/pt/Content/images/boitmal/produit/zoom/7D0B09E93398DFB0B31D06D5AFBD6B99.jpg,,/product/tiras-da-costela-ou-piano/2891192000000
14025,Bochechas,2891195000000,11539,11537,1 un = 150 gr (aprox.),Porco,,"12,49€/Kg","1,87€",https://cdn.intermarche.pt/pt/Content/images/boitmal/produit/zoom/3D60CE0A2317E208CB420B4ACEB4DFAC.jpg,,/product/bochechas/2891195000000
14831,Bifanas,2891550000000,11539,11537,1 un = 100 gr (aprox.),Porco,,"3,79€/Kg","0,76€",https://cdn.intermarche.pt/pt/Content/images/boitmal/produit/zoom/3722127D55723618A546ABA2D21A0A46.jpg,,/product/bifanas/2891550000000
13891,Costeleta mista,2891040000000,11539,11537,1 un = 150 gr (aprox.),Porco,,"4,88€/Kg","0,73€",https://cdn.intermarche.pt/pt/Content/images/boitmal/produit/zoom/6B722F9909362F2F1A2998382EA0EE82.jpg,,/product/costeleta-mista/2891040000000
36829,Costeleta do cachaço de porco,5604260291533,11539,11537,Embalagem de 1 kg,PorSi,,"4,98€/Kg","4,98€",https://cdn.intermarche.pt/pt/Content/images/boitmal/produit/zoom/FF0C927FDDCA81029A3A6CF580547213.jpg,,/product/costeleta-do-cachaco-de-porco/5604260291533
14936,Pá com Osso,2891055000000,11539,11537,Vendido ao peso a partir de 1 kg,Porco,,"3,17€/Kg","3,17€",https://cdn.intermarche.pt/pt/Content/images/boitmal/produit/zoom/DCB3979D4697BF7A768518A7C52DC125.jpg,,/product/pa-com-osso/2891055000000
36830,Entremeada de porco fatiada,5604260291540,11539,11537,Embalagem de 1 kg,PorSi,,"4,88€/Kg","4,88€",https://cdn.intermarche.pt/pt/Content/images/boitmal/produit/zoom/90649E0C3D168F929A048A85CF0A720B.jpg,,/product/entremeada-de-porco-fatiada/5604260291540
13864,Chispe da Perna,2891037000000,11539,11537,1 un = 800 gr (aprox.),Porco,,"1,99€/Kg","1,59€",https://cdn.intermarche.pt/pt/Content/images/boitmal/produit/zoom/B3DAAD6BE624664B4FCA9BE619015E84.jpg,,/product/chispe-da-perna/2891037000000
13873,Cachaço c/ Osso,2891197000000,11539,11537,1 un= 500 gr (aprox.),Porco,,"4,88€/Kg","2,44€",https://cdn.intermarche.pt/pt/Content/images/boitmal/produit/zoom/641196B6FD150D9312988E658BC35D8E.jpg,,/product/cachaco-c-ou-osso/2891197000000
13944,Orelhas,2891054000000,11539,11537,1 un = 250 gr (aprox.),Porco,,"5,99€/Kg","1,50€",https://cdn.intermarche.pt/pt/Content/images/boitmal/produit/zoom/58E736C9F70B312B5FE9853375C94DCC.jpg,,/product/orelhas/2891054000000
15413,Tiras de entrecosto pré temperado,2891167000000,11539,11537,1 un = 500 gr (aprox.),Porco,,"8,99€/Kg","4,50€",https://cdn.intermarche.pt/pt/Content/images/boitmal/produit/zoom/94A8BBF1098414A7D51C8F634050B411.jpg,,/product/tiras-de-entrecosto-pre-temperado/2891167000000
17215,Entrecosto pré temperado,2891168000000,11539,11537,"Vendido ao peso, a partir de 500 g",Porco,,"5,99€/Kg","3,00€",https://cdn.intermarche.pt/pt/Content/images/boitmal/produit/zoom/BF1377FBCEF601E8A152A3371F07D907.jpg,,/product/entrecosto-pre-temperado/2891168000000
13887,Unha,2891196000000,11539,11537,1 un = 500 gr (aprox.),Porco,,"2,99€/Kg","1,50€",https://cdn.intermarche.pt/pt/Content/images/boitmal/produit/zoom/A67A6A30CAF4733127975F594664EA8C.jpg,,/product/unha/2891196000000
14008,Cabeça c/ Osso,2891036000000,11539,11537,1 un = 1.5 kg (aprox.),Porco,,"2,49€/Kg","3,74€",https://cdn.intermarche.pt/pt/Content/images/boitmal/produit/zoom/BE1B3FD5AC77D6536B3889726BD957B5.jpg,,/product/cabeca-c-ou-osso/2891036000000
13962,Focinho,2891543000000,11539,11537,1 un = 300 gr (aprox.),Porco,,"5,99€/Kg","1,80€",https://cdn.intermarche.pt/pt/Content/images/boitmal/produit/zoom/D6C5F066CD4F3F79D26D3BD2BF1029DE.jpg,,/product/focinho/2891543000000
14943,Leitão Crú,2891160000000,11539,11537,"1/2 un = 3 kg, 1 un = 6 kg",Porco,,"14,99€/Kg","44,97€",https://cdn.intermarche.pt/pt/Content/images/boitmal/produit/zoom/675E10DCDC994371562FBBE76A57DC99.jpg,,/product/leitao-cru/2891160000000
15207,Orelheira Fumada Ponte de Lima,2894151000000,11539,11537,1 un = 1 kg (aprox.),PorSi,,"6,99€/Kg","6,99€",https://cdn.intermarche.pt/pt/Content/images/boitmal/produit/zoom/4688F4734BBE38826A4E7417B17C2D6D.jpg,,/product/orelheira-fumada-ponte-de-lima/2894151000000
45465,Entremeada de novilho,5604260315604,11539,11537,Embalagem de 400 g,PorSi,,"9,73€/Kg","3,89€",https://cdn.intermarche.pt/pt/Content/images/boitmal/produit/zoom/FF237AB26B7D86411EEA82F9C5A6ECD5.jpg,,/product/entremeada-de-novilho/5604260315604
13933,Rabos,2891059000000,11539,11537,1 un = 250 gr  (aprox.),Porco,,"4,99€/Kg","1,25€",https://cdn.intermarche.pt/pt/Content/images/boitmal/produit/zoom/52BFDE659CA3BCC2159ED97AA231C217.jpg,,/product/rabos/2891059000000
13842,Bife da Vazia,2891009000000,11540,11537,Vendido ao peso a partir de 800 g,Novilho,PT-R95-C,"15,95€/Kg","12,76€",https://cdn.intermarche.pt/pt/Content/images/boitmal/produit/zoom/01A34A12BFFC51D86F44E2793C3596E7.jpg,,/product/bife-da-vazia/2891009000000
13838,Bife do Lombo,2891005000000,11540,11537,1 un= 150 gr (aprox.),Novilho,PT-R95-C,"26,99€/Kg","4,05€",https://cdn.intermarche.pt/pt/Content/images/boitmal/produit/zoom/E8004D30030C5BE75C3DEB9449E59D0A.jpg,,/product/bife-do-lombo/2891005000000
13890,Costeleta,2891017000000,11540,11537,1 un= 400 gr aprox.,Novilho,PT-R95-C,"13,99€/Kg","5,60€",https://cdn.intermarche.pt/pt/Content/images/boitmal/produit/zoom/1E30B29CED8DE853BBFB70B478C1AF58.jpg,,/product/costeleta/2891017000000
17272,Carne p/ Estufar,2891375000000,11540,11537,Vendido ao peso a partir de 800 g,Novilho,PT-R95-C,"8,49€/Kg","6,79€",https://cdn.intermarche.pt/pt/Content/images/boitmal/produit/zoom/74A9E71258207F3FD300DB35B0F5BB18.jpg,,/product/carne-p-ou-estufar/2891375000000
13839,Bife da Pá,2891006000000,11540,11537,Vendido ao peso a partir de 800 g,Novilho,PT-R95-C,"8,99€/Kg","7,19€",https://cdn.intermarche.pt/pt/Content/images/boitmal/produit/zoom/CFA6C3958119482911BB8DE0A0199C98.jpg,,/product/bife-da-pa/2891006000000
13840,Bife do Pojadouro,2891007000000,11540,11537,Vendido ao peso a partir de 800 g,Novilho,PT-R95-C,"11,49€/Kg","9,19€",https://cdn.intermarche.pt/pt/Content/images/boitmal/produit/zoom/9D26C7053D3F4ACB4F82B306719D79B5.jpg,,/product/bife-do-pojadouro/2891007000000
13844,Carne p/ Assar,2891011000000,11540,11537,Vendido ao peso a partir de 800 g,Novilho,PT-R95-C,"8,99€/Kg","7,19€",https://cdn.intermarche.pt/pt/Content/images/boitmal/produit/zoom/5BE20A86BAEB137E382553205DC9D349.jpg,,/product/carne-p-ou-assar/2891011000000
13852,Fígado,2891020000000,11540,11537,1 un = 100 gr (aprox.),Novilho,,"6,99€/Kg","0,70€",https://cdn.intermarche.pt/pt/Content/images/boitmal/produit/zoom/7F21D014BF856223502CE366D77F0F5C.jpg,,/product/figado/2891020000000
13862,Maminha,2891027000000,11540,11537,Vendido ao peso (artigo em vácuo),Novilho,,"12,98€/Kg","12,98€",https://cdn.intermarche.pt/pt/Content/images/boitmal/produit/zoom/92CF9AE7921047CA2E4DA934ECFCCEC5.jpg,,/product/maminha/2891027000000
14075,Picanha,2891270000000,11540,11537,Vendido ao peso a partir de 800 g,Bovino,PT-R95-C,"14,99€/Kg","11,99€",https://cdn.intermarche.pt/pt/Content/images/boitmal/produit/zoom/0D53841F7FAAB339706426EF33AAF920.jpg,,/product/picanha/2891270000000
16599,Bife Alcatra,2891414000000,11540,11537,1 un = 200 gr (aprox.),Vitela,,"15,99€/Kg","3,20€",https://cdn.intermarche.pt/pt/Content/images/boitmal/produit/zoom/9D59FB71DAC2411FC84347888559BDF4.jpg,,/product/bife-alcatra/2891414000000
17174,Costeletão,2891285000000,11540,11537,Vendido ao peso a partir de 1 kg,Novilho,PT-R95-C,"8,59€/Kg","8,59€",https://cdn.intermarche.pt/pt/Content/images/boitmal/produit/zoom/3119B572BBCB66D5B0D8D4234718B722.jpg,,/product/costeletao/2891285000000
18332,Espetadas Novilho,2891313000000,11540,11537,1 un=300 gr aprox.,Mertolenga,,"9,99€/Kg","3,00€",https://cdn.intermarche.pt/pt/Content/images/boitmal/produit/zoom/48A7533076DB9FB9560C1DB38D0F7ECB.jpg,,/product/espetadas-novilho/2891313000000
49628,Picanha Fatiada,5600757203959,11540,11537,embalagem com 450 g,Bovino Maturado,,"23,53€/Kg","10,59€",https://cdn.intermarche.pt/pt/Content/images/boitmal/produit/zoom/756E2D6905DE08531F1029F558F52D02.jpg,,/product/picanha-fatiada/5600757203959
13837,Bife da Alcatra,2891004000000,11540,11537,1 un = 250 gr (aprox.),Novilho,PT-R95-C,"14,99€/Kg","3,75€",https://cdn.intermarche.pt/pt/Content/images/boitmal/produit/zoom/0DB4E73429948AD44AC689613310FABC.jpg,,/product/bife-da-alcatra/2891004000000
13848,Entremeada Novilho,2891015000000,11540,11537,1 un=150 gr (aprox),Novilho,PT-R95-C,"8,59€/Kg","1,29€",https://cdn.intermarche.pt/pt/Content/images/boitmal/produit/zoom/ACCD84223C8F31B7632094FDB8ADB807.jpg,,/product/entremeada-novilho/2891015000000
13858,Hambúrgueres,2891035000000,11540,11537,1 un = 100 gr (aprox.),Novilho,,"8,99€/Kg","0,90€",https://cdn.intermarche.pt/pt/Content/images/boitmal/produit/zoom/C346582C2D01EAC41F877BB24B00A56E.jpg,,/product/hamburgueres/2891035000000
14056,Bife do Acém,2891280000000,11540,11537,Vendido ao peso a partir de 800 g,Novilho,,"8,99€/Kg","7,19€",https://cdn.intermarche.pt/pt/Content/images/boitmal/produit/zoom/552F67FF75CD62F25CC9EE25BCCA669C.jpg,,/product/bife-do-acem/2891280000000
45456,Bifes do pojadouro de novilho,5604260315550,11540,11537,Embalagem de 400 g,PorSi,,"12,98€/Kg","5,19€",https://cdn.intermarche.pt/pt/Content/images/boitmal/produit/zoom/72F163C4A7056918BC8D8E53B9C488E4.jpg,,/product/bifes-do-pojadouro-de-novilho/5604260315550
32318,Bife da Rabadilha,2891008000000,11540,11537,Vendido ao peso a partir de 800 g,Novilho,PT-R95-C,"11,49€/Kg","9,19€",https://cdn.intermarche.pt/pt/Content/images/boitmal/produit/zoom/6FF7AD5E41DE4EA33707216209323350.jpg,,/product/bife-da-rabadilha/2891008000000
13856,Picanha,2891025000000,11540,11537,1 un = 1.250 kg (aprox.),Bovino,,"22,00€/Kg","27,50€",https://cdn.intermarche.pt/pt/Content/images/boitmal/produit/zoom/759532435621A3D4B458F022D645930E.jpg,,/product/picanha/2891025000000
13863,Ganso Redondo,2891293000000,11540,11537,1 un = 150 gr (aprox.),Novilho,,"10,49€/Kg","1,57€",https://cdn.intermarche.pt/pt/Content/images/boitmal/produit/zoom/D06E21B501895FE58333983352AB8D67.jpg,,/product/ganso-redondo/2891293000000
45458,Bifes do dianteiro de novilho,5604260315574,11540,11537,Embalagem de 400 g,PorSi,,"12,98€/Kg","5,19€",https://cdn.intermarche.pt/pt/Content/images/boitmal/produit/zoom/17CFECCA50856CEDC8E547FE90EFA37F.jpg,,/product/bifes-do-dianteiro-de-novilho/5604260315574
14776,Bife do Pojadouro Novilho,2701067000000,11540,11537,embalagem de 500 g (aprox.),Campicarn,,"14,99€/Kg","7,50€",https://cdn.intermarche.pt/pt/Content/images/boitmal/produit/zoom/4924879A11E39B775F5FF7EC2E844A75.jpg,,/product/bife-do-pojadouro-novilho/2701067000000
14777,Bife da Alcatra Novilho,2701068000000,11540,11537,Embalagem de 500 g (aprox.),Campicarn,,"20,29€/Kg","10,15€",https://cdn.intermarche.pt/pt/Content/images/boitmal/produit/zoom/9B815B2AAA68A79062DC4A169AE3A016.jpg,,/product/bife-da-alcatra-novilho/2701068000000
14838,Osso Buco Novilho,2724081000000,11540,11537,embalagem de 600 g (aprox.),Campicarn,,"9,99€/Kg","5,99€",https://cdn.intermarche.pt/pt/Content/images/boitmal/produit/zoom/15EF893CD64E4BCF9F2D45F9D183DD7E.jpg,,/product/osso-buco-novilho/2724081000000
16600,Costeleta Acém Redondo,2891251000000,11540,11537,1 un=300 gr aprox.,Vitela,,"16,95€/Kg","5,09€",https://cdn.intermarche.pt/pt/Content/images/boitmal/produit/zoom/BC43AD1CA51EABFE05F83A6FDF84E1C6.jpg,,/product/costeleta-acem-redondo/2891251000000
45457,Bifes da rabadilha de novilho,5604260315567,11540,11537,Embalagem de 400 g,PorSi,,"12,98€/Kg","5,19€",https://cdn.intermarche.pt/pt/Content/images/boitmal/produit/zoom/35B9E1F4C7232267A6B3C9762D51266D.jpg,,/product/bifes-da-rabadilha-de-novilho/5604260315567
45463,Carne para assar de novilho,5604260315598,11540,11537,Embalagem de 400 g,PorSi,,"12,45€/Kg","4,98€",https://cdn.intermarche.pt/pt/Content/images/boitmal/produit/zoom/F489339564FF84726F3535A15495CEE7.jpg,,/product/carne-para-assar-de-novilho/5604260315598
14775,Bife à Cortador Novilho,2736206000000,11540,11537,Embalagem de 400 g (aprox.),Campicarn,,"20,29€/Kg","8,12€",https://cdn.intermarche.pt/pt/Content/images/boitmal/produit/zoom/2443A298FCBF131A9CB41E1BED175E16.jpg,,/product/bife-a-cortador-novilho/2736206000000
14778,Bife da Rabadilha Novilho,2724078000000,11540,11537,Embalagem de 500 g (aprox.),Campicarn,,"14,99€/Kg","7,50€",https://cdn.intermarche.pt/pt/Content/images/boitmal/produit/zoom/BECE5DC8AE0ED588AA560166D51C4414.jpg,,/product/bife-da-rabadilha-novilho/2724078000000
14780,Bife Sete da Pá Novilho,2724076000000,11540,11537,embalagem de 500 g (aprox.),Campicarn,,"14,38€/Kg","7,19€",https://cdn.intermarche.pt/pt/Content/images/boitmal/produit/zoom/DECCDC88968D8884B8D540C04EAEF66E.jpg,,/product/bife-sete-da-pa-novilho/2724076000000
14839,Bife do Acem Novilho,2724082000000,11540,11537,embalagem de 350 g (aprox.),Campicarn,,"14,38€/Kg","5,03€",https://cdn.intermarche.pt/pt/Content/images/boitmal/produit/zoom/557F78C4BC977457C1B1C183092F6CFE.jpg,,/product/bife-do-acem-novilho/2724082000000
14840,Bife da Vazia Novilho,2701134000000,11540,11537,embalagem de 500 g (aprox.),Campicarn,,"20,99€/Kg","10,50€",https://cdn.intermarche.pt/pt/Content/images/boitmal/produit/zoom/4B4EF9095AEBB97B3C29E8E095D48AC1.jpg,,/product/bife-da-vazia-novilho/2701134000000
49625,Tomahawk,2920159000000,11540,11537,embalado,Bovino Maturado,,"23,89€/Kg","23,89€",https://cdn.intermarche.pt/pt/Content/images/boitmal/produit/zoom/9867EDC83C91B6A80AE0BAA9880EFDA9.jpg,,/product/tomahawk/2920159000000
49627,Tornedó,2920295000000,11540,11537,embalado,Bovino Maturado,,"25,99€/Kg","25,99€",https://cdn.intermarche.pt/pt/Content/images/boitmal/produit/zoom/819DB48B73E5BF44A596FE29BEFC9EEC.jpg,,/product/tornedo/2920295000000
13940,Borrego,2891087000000,11541,11537,Vendido ao peso a partir de 4 kg,Borrego,,"11,12€/Kg","44,48€",https://cdn.intermarche.pt/pt/Content/images/boitmal/produit/zoom/9F1C6FF4AFD12DD85C906D272D53DF3C.jpg,,/product/borrego/2891087000000
14938,Inteiro/Metades,2891099000000,11541,11537,"1/2 un = 2.5 kg, 1 un = 5 kg (aprox.)",Cabrito,,"16,94€/Kg","42,35€",https://cdn.intermarche.pt/pt/Content/images/boitmal/produit/zoom/017962D342F22D757480BB3242189F4E.jpg,,/product/inteiro-ou-metades/2891099000000
26376,Borrego de Leite,2891433000000,11541,11537,1 un = 14 kg (aprox.),Nossa Seleção,,"13,99€/Kg","19,59€",https://cdn.intermarche.pt/pt/Content/images/boitmal/produit/zoom/8254A3BD6997D0F8DE97A893DD7F4A30.jpg,,/product/borrego-de-leite/2891433000000
37628,4 Costeletas pé de Borrego,2776283000000,11541,11537,Embalagem ± 400 g,PorSi,,"22,95€/Kg","9,18€",https://cdn.intermarche.pt/pt/Content/images/boitmal/produit/zoom/B0A67E8492FBBC1337BFF4517F99BA82.jpg,,/product/4-costeletas-pe-de-borrego/2776283000000
13845,Borrego Inteiro/Metades,2891012000000,11541,11537,1/2 un = 7 kg <br> 1 un = 14 kg (aprox.),PorSi,,"11,12€/Kg","77,84€",https://cdn.intermarche.pt/pt/Content/images/boitmal/produit/zoom/27255CB3BFC69EE6B4C80C2CD3967735.jpg,,/product/borrego-inteiro-ou-metades/2891012000000
13942,Quarto Dianteiro,2891089000000,11541,11537,"1 unidade = +/- 2,5kg",Borrego,,"9,53€/Kg","23,83€",https://cdn.intermarche.pt/pt/Content/images/boitmal/produit/zoom/8D9FD4B9C75E052F284E87C15664B7A9.jpg,,/product/quarto-dianteiro/2891089000000
17866,Borrego de Leite,2891296000000,11541,11537,1/2 un = 7 kg | 1 un = 14 kg (aprox.),PorSi,,"11,65€/Kg","81,55€",https://cdn.intermarche.pt/pt/Content/images/boitmal/produit/zoom/58677C1CCDAABD5B94408A7C0A61E33C.jpg,,/product/borrego-de-leite/2891296000000
17867,Cabrito Inteiro/Metades,2891297000000,11541,11537,1/2 un = 7 kg <br> 1 un = 14 kg (aprox.),PorSi,,"14,83€/Kg","103,81€",https://cdn.intermarche.pt/pt/Content/images/boitmal/produit/zoom/7501183DAF3D36674F4BA1492A86CC94.jpg,,/product/cabrito-inteiro-ou-metades/2891297000000
13869,Coelho inteiro,2891126000000,11542,11537,Vendido ao peso,PorSi,,"8,99€/Kg","8,99€",https://cdn.intermarche.pt/pt/Content/images/boitmal/produit/zoom/52C51860E551A8D97DAB91398A81FDB2.jpg,,/product/coelho-inteiro/2891126000000
13914,Perna com Costa,2891225000000,11543,11537,1 un. = 300 g (aprox.),Frango,,"2,99€/Kg","1,05€",https://cdn.intermarche.pt/pt/Content/images/boitmal/produit/zoom/89930EDC34D301922B922A95CF09456D.jpg,,/product/perna-com-costa/2891225000000
13861,Codornizes,2691127000000,11543,11537,1 un. = 150 g (aprox.),Aves,,"1,09€/Unidade","1,09€",https://cdn.intermarche.pt/pt/Content/images/boitmal/produit/zoom/49A0BEA3AB28A38ED8B2B84EBCB7B813.jpg,,/product/codornizes/2691127000000
40762,Peito peito de peru Programa Origens,2708171000000,11543,11537,Vendido ao peso,PorSi,,"8,99€/Kg","4,50€",https://cdn.intermarche.pt/pt/Content/images/boitmal/produit/zoom/0A62C4A780EB4CF2F225FCE0EFDC4EA0.jpg,2024-09-25T22:59:59.999Z,/product/peito-peito-de-peru-programa-origens/2708171000000
40764,Bife da perna de peru Programa Origens,2702160000000,11543,11537,Vendido ao peso,PorSi,,"6,38€/Kg","3,19€",https://cdn.intermarche.pt/pt/Content/images/boitmal/produit/zoom/63F23D09B7BF2629EA121A51AF281B40.jpg,2024-09-25T22:59:59.999Z,/product/bife-da-perna-de-peru-programa-origens/2702160000000
14854,Pato inteiro com miúdos,2891117000000,11543,11537,1 un = 2.250 kg (aprox.),PorSi,,"6,99€/Kg","16,43€",https://cdn.intermarche.pt/pt/Content/images/boitmal/produit/zoom/8590712CC932B136925D5328AF850637.jpg,,/product/pato-inteiro-com-miudos/2891117000000
13947,Espetadas de Peru,2891125000000,11543,11537,1 un = 150 gr (aprox.),Peru,,"6,99€/Kg","1,05€",https://cdn.intermarche.pt/pt/Content/images/boitmal/produit/zoom/F64981E370592175339C16298CEA7C3B.jpg,,/product/espetadas-de-peru/2891125000000
13915,Perna com Osso,2891249000000,11543,11537,Vendido ao peso,Peru,,"4,99€/Kg","9,98€",https://cdn.intermarche.pt/pt/Content/images/boitmal/produit/zoom/1D88BA2E1544364C5EB66CF19AD6E70E.jpg,,/product/perna-com-osso/2891249000000
14882,Frango Inteiro Grande,2891118000000,11543,11537,1 un = 1.6 kg (aprox.),Frango,,"2,99€/Kg","4,78€",https://cdn.intermarche.pt/pt/Content/images/boitmal/produit/zoom/1E124B70C1AD07E8012EAEA5CE4EDE3E.jpg,,/product/frango-inteiro-grande/2891118000000
35219,Bife de frango,5604260292356,11543,11537,Embalagem de 400 g,PorSi,,"6,98€/Kg","2,79€",https://cdn.intermarche.pt/pt/Content/images/boitmal/produit/zoom/216F0D2226077488BD5003141271308D.jpg,,/product/bife-de-frango/5604260292356
13868,Asas de Frango,2891110000000,11543,11537,1 un = 100 gr (aprox.),Frango,,"2,99€/Kg","0,30€",https://cdn.intermarche.pt/pt/Content/images/boitmal/produit/zoom/2CEFD9249854318FFBADA33050B17121.jpg,,/product/asas-de-frango/2891110000000
14950,Peru Costeletas,2891247000000,11543,11537,1 un = 100 gr (aprox.),Peru,,"5,29€/Kg","0,53€",https://cdn.intermarche.pt/pt/Content/images/boitmal/produit/zoom/DB956C07159F4D9A485773E18B3733E0.jpg,,/product/peru-costeletas/2891247000000
36600,Peito de frango,5604260283842,11543,11537,Embalagem de 400 g,PorSi,,"6,90€/Kg","2,76€",https://cdn.intermarche.pt/pt/Content/images/boitmal/produit/zoom/90FDABFB89262D809B935AE954CE4C29.jpg,,/product/peito-de-frango/5604260283842
36602,Perninha de frango,5604260283866,11543,11537,Embalagem de 400 g,PorSi,,"5,28€/Kg","2,11€",https://cdn.intermarche.pt/pt/Content/images/boitmal/produit/zoom/D566D2CBC9AA5C1EABBF6080EA6F2556.jpg,,/product/perninha-de-frango/5604260283866
13946,Patas,2891114000000,11543,11537,1 un = 250 gr  (aprox.),Frango,,"1,99€/Kg","0,50€",https://cdn.intermarche.pt/pt/Content/images/boitmal/produit/zoom/BB5DB3675510A299BB6EA5334DDCCC3F.jpg,,/product/patas/2891114000000
14749,Frango de Churrasco,2769496000000,11543,11537,embalagem de 900 g (aprox.),Lusiaves,,"3,88€/Kg","3,49€",https://cdn.intermarche.pt/pt/Content/images/boitmal/produit/zoom/B7EE7CD11870D59C25614D6502A7AB2C.jpg,,/product/frango-de-churrasco/2769496000000
14758,Figados de Frango,2762299000000,11543,11537,embalagem de 350 g (aprox.),Lusiaves,,"2,09€/Kg","0,73€",https://cdn.intermarche.pt/pt/Content/images/boitmal/produit/zoom/8D220F2014809550FB2EE2893343A0BF.jpg,,/product/figados-de-frango/2762299000000
14884,Galinha Pequena com Miúdos,2891116000000,11543,11537,1 un = 1 kg (aprox.),Aves,,"2,49€/Kg","2,49€",https://cdn.intermarche.pt/pt/Content/images/boitmal/produit/zoom/20A6BFA82163B6E8DA0585FFEDD12ED3.jpg,,/product/galinha-pequena-com-miudos/2891116000000
14947,Espetadas,2891215000000,11543,11537,1 un= 150 gr (aprox.),Frango,,"10,99€/Kg","1,65€",https://cdn.intermarche.pt/pt/Content/images/boitmal/produit/zoom/5A6662E0FAFA2253904D368CE98F370B.jpg,,/product/espetadas/2891215000000
35229,Espetada de peru,5604260292479,11543,11537,Embalagem de 400 g,PorSi,,"6,88€/Kg","2,75€",https://cdn.intermarche.pt/pt/Content/images/boitmal/produit/zoom/EA419A103B5A905123358EE8E544335C.jpg,,/product/espetada-de-peru/5604260292479
46920,Frango inteiro com miúdos,2735719000000,11543,11537,Embalagem com 1.4 kg (aprox.),PorSi,,"2,49€/Kg","3,49€",https://cdn.intermarche.pt/pt/Content/images/boitmal/produit/zoom/49E3A62158DD77A6C9548D00F1B32F09.jpg,,/product/frango-inteiro-com-miudos/2735719000000
13884,Frango do Campo Inteiro c/ Miúdos Programa Origens,2891106000000,11543,11537,Vendido ao peso,PorSi Select,,"4,98€/Kg","9,96€",https://cdn.intermarche.pt/pt/Content/images/boitmal/produit/zoom/6B6825838652E244237081C091CB1D51.jpg,,/product/frango-do-campo-inteiro-c-ou-miudos-programa-origens/2891106000000
35221,Coxa de frango,5604260292387,11543,11537,Embalagem de 400 g,PorSi,,"5,28€/Kg","2,11€",https://cdn.intermarche.pt/pt/Content/images/boitmal/produit/zoom/AFE130A3A7A8A76512AC91B080DC217B.jpg,,/product/coxa-de-frango/5604260292387
15113,Moelas,2891112000000,11543,11537,1 un = 200 gr (aprox.),Frango,,"3,99€/Kg","0,80€",https://cdn.intermarche.pt/pt/Content/images/boitmal/produit/zoom/B8C7BDB6F722DEF08EFB8D0186708F9D.jpg,,/product/moelas/2891112000000
35227,Perna de frango com costa,5604260292332,11543,11537,Embalagem de 1.5 Kg,PorSi,,"2,96€/Kg","4,44€",https://cdn.intermarche.pt/pt/Content/images/boitmal/produit/zoom/A47E0C75D9E54E826702BF3F59BF8279.jpg,,/product/perna-de-frango-com-costa/5604260292332
49545,Frango aberto para churrasco,2706799000000,11543,11537,Embalagem com 1.1 kg (aprox.),PorSi,,"3,49€/Kg","3,84€",https://cdn.intermarche.pt/pt/Content/images/boitmal/produit/zoom/BCCABF33F3C7AE3F47F3E4B9833F6500.jpg,,/product/frango-aberto-para-churrasco/2706799000000
13945,Miúdos,2891111000000,11543,11537,1 un = 250 gr  (aprox.),Frango,,"2,49€/Kg","0,62€",https://cdn.intermarche.pt/pt/Content/images/boitmal/produit/zoom/A2C7CAE31D6C70ECE8426332A5172FA6.jpg,,/product/miudos/2891111000000
35232,Moelas de frango,5604260292400,11543,11537,Embalagem de 400 g,PorSi,,"4,45€/Kg","1,78€",https://cdn.intermarche.pt/pt/Content/images/boitmal/produit/zoom/9DE8C80ED347E25D072A8C87CA6AF1D2.jpg,,/product/moelas-de-frango/5604260292400
36614,Perninha de frango,5604260291489,11543,11537,Embalagem de 800 g,PorSi,,"4,99€/Kg","3,99€",https://cdn.intermarche.pt/pt/Content/images/boitmal/produit/zoom/D41E807564DEEB0B29B1A67D2A8694EF.jpg,,/product/perninha-de-frango/5604260291489
35230,Canjinha de frango,5604260292370,11543,11537,Embalagem de 400 g,PorSi,,"3,80€/Kg","1,52€",https://cdn.intermarche.pt/pt/Content/images/boitmal/produit/zoom/2A8F7D9A3E47B8CAC7E7599B22165F54.jpg,,/product/canjinha-de-frango/5604260292370
35234,Corações de frango,5604260292424,11543,11537,Embalagem de 400 g,PorSi,,"4,73€/Kg","1,89€",https://cdn.intermarche.pt/pt/Content/images/boitmal/produit/zoom/21DF345CD4D6571DB689D0DB74E885A8.jpg,,/product/coracoes-de-frango/5604260292424
14740,Peito de Frango do campo Lusitano,2767521000000,11543,11537,embalagem de 500 g (aprox.),PorSi Select,,"8,29€/Kg","4,15€",https://cdn.intermarche.pt/pt/Content/images/boitmal/produit/zoom/23A9A2678A97D4CBA2F7A2661A236085.jpg,,/product/peito-de-frango-do-campo-lusitano/2767521000000
14883,Galinha Grande com Miúdos,2891115000000,11543,11537,1 un = 1.8 kg (aprox.),Frango,,"2,99€/Kg","5,38€",https://cdn.intermarche.pt/pt/Content/images/boitmal/produit/zoom/C46F60DCF71FBF49309F3325F499D4F3.jpg,,/product/galinha-grande-com-miudos/2891115000000
13904,Asas,2891123000000,11543,11537,1 un = 500 gr (aprox.),Peru,,"3,49€/Kg","1,75€",https://cdn.intermarche.pt/pt/Content/images/boitmal/produit/zoom/D1DB26A7C7C8EDE7F85F79045F2FD848.jpg,,/product/asas/2891123000000
46919,Canjinha de frango,5604260313747,11543,11537,Embalagem de 650 g,PorSi,,"3,83€/Kg","2,49€",https://cdn.intermarche.pt/pt/Content/images/boitmal/produit/zoom/9DB07EE05FCB6105ABA50E161BFF63B7.jpg,,/product/canjinha-de-frango/5604260313747
14741,Bife  de Frango do campo Lusitano,2767522000000,11543,11537,embalagem de 500 g (aprox.),PorSi Select,,"8,28€/Kg","4,14€",https://cdn.intermarche.pt/pt/Content/images/boitmal/produit/zoom/68C7659A651EB67DD7214EC4EB89BD45.jpg,,/product/bife-de-frango-do-campo-lusitano/2767522000000
14746,Asas de Frango do Campo Lusitano,2767528000000,11543,11537,embalagem de 500 g (aprox.),PorSi Select,,"3,16€/Kg","1,58€",https://cdn.intermarche.pt/pt/Content/images/boitmal/produit/zoom/ACB5E19D52C292A4C91292DEE0AEDAED.jpg,,/product/asas-de-frango-do-campo-lusitano/2767528000000
43880,Lombinhos de frango,5604260313730,11543,11537,Embalagem de 450g,PorSi,,"7,98€/Kg","3,59€",https://cdn.intermarche.pt/pt/Content/images/boitmal/produit/zoom/8185F0C781C0C6EC247C4C80F1649BB7.jpg,,/product/lombinhos-de-frango/5604260313730
13912,Frango do campo c/ Miúdos,2891219000000,11543,11537,1 un = 1.2 kg (aprox.),Frango,,"24,99€/Kg","29,99€",https://cdn.intermarche.pt/pt/Content/images/boitmal/produit/zoom/755C4869706496A35B8CE957ABFC9ECE.jpg,,/product/frango-do-campo-c-ou-miudos/2891219000000
14751,Peito de Frango,2762303000000,11543,11537,Embalagem de 500 g (aprox.),Lusiaves,,"7,98€/Kg","3,99€",https://cdn.intermarche.pt/pt/Content/images/boitmal/produit/zoom/7C8B19C3419E6356CB576AB52D74EC25.jpg,,/product/peito-de-frango/2762303000000
48826,Pato inteiro com miúdos,2727255000000,11543,11537,Aproximadamente 2 kg,PorSi,,"4,48€/Kg","8,96€",https://cdn.intermarche.pt/pt/Content/images/boitmal/produit/zoom/830B3A8E1D33B023FFD08324B4C6F198.jpg,,/product/pato-inteiro-com-miudos/2727255000000
34456,Salsicha fresca merguez,5604260325726,11544,11537,Embalagem de 330 g,PorSi,,"16,03€/Kg","5,29€",https://cdn.intermarche.pt/pt/Content/images/boitmal/produit/zoom/22438EF01FEDB1476B95CB4F80EA6172.jpg,2024-09-25T22:59:59.999Z,/product/salsicha-fresca-merguez/5604260325726
47788,6 Salsichas Frescas Chipolatas com Ervas,5604260325740,11544,11537,330 g,PorSi,,"13,91€/Kg","4,59€",https://cdn.intermarche.pt/pt/Content/images/boitmal/produit/zoom/F757EBD60368C9DF60B53A7951BEF7CB.jpg,2024-09-25T22:59:59.999Z,/product/6-salsichas-frescas-chipolatas-com-ervas/5604260325740
14850,Salsicha Fresca com Ervas,2891146000000,11544,11537,1 un = 100 gr (aprox.),Porco,,"6,99€/Kg","0,70€",https://cdn.intermarche.pt/pt/Content/images/boitmal/produit/zoom/50D08B46BF15FDD4A94F3D92AEC66DDE.jpg,,/product/salsicha-fresca-com-ervas/2891146000000
13950,Salsicha Fresca,2891145000000,11544,11537,1 un = 100 gr (aprox.),Porco,,"5,98€/Kg","0,60€",https://cdn.intermarche.pt/pt/Content/images/boitmal/produit/zoom/2E1CED7EDF010F56C2BF0E6CDF74D52B.jpg,,/product/salsicha-fresca/2891145000000
14834,Jardineira Novilho,2701132000000,11544,11537,embalagem de 600 g (aprox.),Campicarn,,"12,79€/Kg","7,67€",https://cdn.intermarche.pt/pt/Content/images/boitmal/produit/zoom/2CFBE1FFF6E3A409EC059B2BEEB99109.jpg,,/product/jardineira-novilho/2701132000000
21071,Almôndegas de Novilho,2944622000000,11544,11537,embalagem de 500 g (aprox.),Mertolenga DOP,,"11,01€/Kg","5,51€",https://cdn.intermarche.pt/pt/Content/images/boitmal/produit/zoom/5D8A43CCD14FDBC909ABC253CAF3743F.jpg,,/product/almondegas-de-novilho/2944622000000
21072,Hamburguer de Novilho,2907173000000,11544,11537,Embalagem de 500 g (aprox.),Mertolenga DOP,,"15,98€/Kg","7,99€",https://cdn.intermarche.pt/pt/Content/images/boitmal/produit/zoom/221BEB692D9EDAF4B0CE873B68D9F4C0.jpg,,/product/hamburguer-de-novilho/2907173000000
13956,Salsicha Brasileira,2891205000000,11544,11537,1 un = 50 gr (aprox.),Porco,,"5,99€/Kg","0,30€",https://cdn.intermarche.pt/pt/Content/images/boitmal/produit/zoom/14EAE52DCA3FF1BF75259E62B26E7BDF.jpg,,/product/salsicha-brasileira/2891205000000
35525,Salsichas frescas de porco,5604260292646,11544,11537,Embalagem de 400 g,PorSi,,"6,23€/Kg","2,49€",https://cdn.intermarche.pt/pt/Content/images/boitmal/produit/zoom/E30C1DA540EE807ED81A6C7CC08B1771.jpg,,/product/salsichas-frescas-de-porco/5604260292646
43987,Salsichas frescas de porco tipo brasileiro,5604260292653,11544,11537,400 g,PorSi,,"6,23€/Kg","2,49€",https://cdn.intermarche.pt/pt/Content/images/boitmal/produit/zoom/AE8364FC9C500F44CB43B8D63EB104EF.jpg,,/product/salsichas-frescas-de-porco-tipo-brasileiro/5604260292653
13957,Salsicha Fresca de Aves,2891233000000,11544,11537,1 un = 100 gr (aprox.),Aves,,"7,99€/Kg","0,80€",https://cdn.intermarche.pt/pt/Content/images/boitmal/produit/zoom/0A11AADC497489C7F99DD3047DDB09B1.jpg,,/product/salsicha-fresca-de-aves/2891233000000
14852,Salsicha Picante,2891467000000,11544,11537,1 un = 100 gr (aprox.),Porco,,"6,99€/Kg","0,70€",https://cdn.intermarche.pt/pt/Content/images/boitmal/produit/zoom/D55CAD148CD2B63D504B8575438EC0CC.jpg,,/product/salsicha-picante/2891467000000
40581,Salsichas Frescas Chipolatas,2732743000000,11544,11537,Embalagem com 1 kg (aprox.) ,PorSi,,"12,89€/Kg","12,89€",https://cdn.intermarche.pt/pt/Content/images/boitmal/produit/zoom/996B04AC70DE8BA5785E90BCAD9CF63C.jpg,,/product/salsichas-frescas-chipolatas/2732743000000
43877,Hambúrguer de peru,5604260313709,11544,11537,Embalagem de 460g,PorSi,,"7,15€/Kg","3,29€",https://cdn.intermarche.pt/pt/Content/images/boitmal/produit/zoom/C4AD02D38DC90F07496BECFD0832F2EA.jpg,,/product/hamburguer-de-peru/5604260313709
14010,Popietes,2891045000000,11544,11537,1 un = 250 gr  (aprox.),Novilho,,"10,49€/Kg","2,62€",https://cdn.intermarche.pt/pt/Content/images/boitmal/produit/zoom/238420AA6B105BA1827D3CCB15BBCC79.jpg,,/product/popietes/2891045000000
35130,Medalhões de novilho,5604260315611,11544,11537,Embalagem de 400 g,PorSi,,"12,98€/Kg","5,19€",https://cdn.intermarche.pt/pt/Content/images/boitmal/produit/zoom/C5EF1EC51016F147BBEB6BEA7D75DD66.jpg,,/product/medalhoes-de-novilho/5604260315611
50537,Porção de bacalhau,2693168000000,11545,11538,150 g,Bacalhau,,"19,93€/Kg","2,99€",https://cdn.intermarche.pt/pt/Content/images/boitmal/produit/zoom/148D3D67754BE560C44BCFC8C4042B63.jpg,,/product/porcao-de-bacalhau/2693168000000
15162,Lombo de Bacalhau Congelado e Higienizado,2942700000000,11545,11538,"Vendido ao peso, 1 un  = 300 gr (aprox.)",PorSi,,"14,99€/Kg","4,50€",https://cdn.intermarche.pt/pt/Content/images/boitmal/produit/zoom/E0380226A99E3513956AC3E0819102F8.jpg,,/product/lombo-de-bacalhau-congelado-e-higienizado/2942700000000
15163,Bacalhau Posta Congelada e Higienizada,2993817000000,11545,11538,Vendido ao peso a partir de 350 g,PorSi,,"12,79€/Kg","4,48€",https://cdn.intermarche.pt/pt/Content/images/boitmal/produit/zoom/A5B3C129CB022361ABEB7E8C8039014B.jpg,,/product/bacalhau-posta-congelada-e-higienizada/2993817000000
13555,Caras de Bacalhau Congeladas,2893549000000,11545,11538,"Vendido ao peso, 1 un = 500g (aprox.)",Peixaria,CONG:11/,"5,59€/Kg","2,80€",https://cdn.intermarche.pt/pt/Content/images/boitmal/produit/zoom/2B829CF1032DEFD9A684FD98B7006160.jpg,,/product/caras-de-bacalhau-congeladas/2893549000000
15070,Bacalhau Crescido da Islândia,2893803000000,11545,11538,1 un = 1.5 kg (aprox.),Bacalhau,PROD.: 2,"13,99€/Kg","20,99€",https://cdn.intermarche.pt/pt/Content/images/boitmal/produit/zoom/8555454911E47BBEA765BD523448AA78.jpg,,/product/bacalhau-crescido-da-islandia/2893803000000
14911,Bacalhau Especial Asa Branca da Noruega,2893806000000,11545,11538,1 un= 4 kg (aprox.),Bacalhau,,"15,99€/Kg","63,96€",https://cdn.intermarche.pt/pt/Content/images/boitmal/produit/zoom/E27266F5B16F1FAA8F336C1A4E440D5E.jpg,,/product/bacalhau-especial-asa-branca-da-noruega/2893806000000
13216,Perca à Posta,2893201000000,11546,11538,1 un = 250g (aprox.),PorSi,LOTE: 31,"8,79€/Kg","2,20€",https://cdn.intermarche.pt/pt/Content/images/boitmal/produit/zoom/741D00CAD6DCC4EC729919B0800D71BD.jpg,,/product/perca-a-posta/2893201000000
13242,Robalo de Viveiro,2893227000000,11546,11538,de 200 a 600 g (aprox.),Peixaria,LOTE: 20,"5,79€/Kg","1,16€",https://cdn.intermarche.pt/pt/Content/images/boitmal/produit/zoom/48561D1FC8B0542874DDBC21F2E9ADCA.jpg,2024-09-25T22:59:59.999Z,/product/robalo-de-viveiro/2893227000000
13522,Choco Pequeno Congelado,2893514000000,11546,11538,1 un= 200 gr (aprox.),Peixaria,CONG.: 1,"9,49€/Kg","1,90€",https://cdn.intermarche.pt/pt/Content/images/boitmal/produit/zoom/37754AAC1A8B81BA5D21C470572981B5.jpg,2024-09-25T22:59:59.999Z,/product/choco-pequeno-congelado/2893514000000
13529,Pescada do Chile Congelada Nº3,2893521000000,11546,11538,1 un= 1 kg (aprox.),Peixaria,CONG: 21,"8,99€/Kg","8,99€",https://cdn.intermarche.pt/pt/Content/images/boitmal/produit/zoom/40D57D35BBDBDF72027C959F41A6E90C.jpg,2024-09-25T22:59:59.999Z,/product/pescada-do-chile-congelada-nº3/2893521000000
13595,Pescada Pequena da Argentina Congelada,2893590000000,11546,11538,1 un= 1kg (aprox.),Peixaria,CONG:24/,"3,69€/Kg","1,11€",https://cdn.intermarche.pt/pt/Content/images/boitmal/produit/zoom/55D0840C54B4509E0B02B8F93D8A0E14.jpg,2024-09-25T22:59:59.999Z,/product/pescada-pequena-da-argentina-congelada/2893590000000
13599,Red Fish Grande Congelado,2893594000000,11546,11538,1 un = 500 gr (aprox.),Peixaria,CONG: 09,"5,99€/Kg","3,29€",https://cdn.intermarche.pt/pt/Content/images/boitmal/produit/zoom/A3E98972B338DCF46BAA412A17BB9B0C.jpg,2024-09-25T22:59:59.999Z,/product/red-fish-grande-congelado/2893594000000
13095,Carapau Pequeno,2893071000000,11546,11538,1 un = 100 g (aprox.),Peixaria,LOTE:202,"2,99€/Kg","0,30€",https://cdn.intermarche.pt/pt/Content/images/boitmal/produit/zoom/A6FA4A5C89011F3F27A60AD959FD9913.jpg,2024-09-25T22:59:59.999Z,/product/carapau-pequeno/2893071000000
13523,Lula Congelada,2893515000000,11546,11538,1 un= 250 gr (aprox.),Peixaria,CONG.: 1,"4,99€/Kg","1,25€",https://cdn.intermarche.pt/pt/Content/images/boitmal/produit/zoom/B2B7BBDC4CDC3C912C9CD2FEC6D3B682.jpg,2024-09-25T22:59:59.999Z,/product/lula-congelada/2893515000000
13158,Lula Descongelada,2893143000000,11546,11538,1 un= 100 gr (aprox.),Peixaria,LOTE: 02,"9,99€/Kg","1,00€",https://cdn.intermarche.pt/pt/Content/images/boitmal/produit/zoom/ED50EDDD473B6F16081950AF9B5B4382.jpg,2024-09-25T22:59:59.999Z,/product/lula-descongelada/2893143000000
33884,Peixe espada preto inteiro,2893837000000,11546,11538,Vendido ao peso,Peixaria,LOTE: 48,"8,99€/Kg","13,49€",https://cdn.intermarche.pt/pt/Content/images/boitmal/produit/zoom/C67775DEF7965BD4AF6F93F01FE1AC28.jpg,2024-09-25T22:59:59.999Z,/product/peixe-espada-preto-inteiro/2893837000000
14906,Raia Média,2893338000000,11546,11538,1un= 2.5 kg (aprox.),Peixaria,LOTE: DC,"4,99€/Kg","12,48€",https://cdn.intermarche.pt/pt/Content/images/boitmal/produit/zoom/F793DB00DDC6B724D88FB735A347087D.jpg,2024-09-25T22:59:59.999Z,/product/raia-media/2893338000000
13136,Garoupa Legítima Pequena,2893117000000,11546,11538,1 un= 2 kg (aprox.),Peixaria,LOTE: GA,"14,99€/Kg","29,98€",https://cdn.intermarche.pt/pt/Content/images/boitmal/produit/zoom/129E0A0F960C6AA8C3FB58671CC9747D.jpg,2024-09-25T22:59:59.999Z,/product/garoupa-legitima-pequena/2893117000000
13348,Raia Pequena Inteira Fresca,2893749000000,11546,11538,1 un=1.5kg (aprox.),Peixaria,,"9,99€/Kg","14,99€",https://cdn.intermarche.pt/pt/Content/images/boitmal/produit/zoom/4789CBA6A10FE80CF1408DC7E4B5069D.jpg,,/product/raia-pequena-inteira-fresca/2893749000000
14941,Safio Médio,2893850000000,11546,11538,1 un= 3kg (aprox.),Peixaria,LOTE: BF,"4,99€/Kg","14,97€",https://cdn.intermarche.pt/pt/Content/images/boitmal/produit/zoom/EB3D3584366D22239A20ACE785E0080C.jpg,2024-09-25T22:59:59.999Z,/product/safio-medio/2893850000000
13625,Salmão de viveiro à posta,2893620000000,11546,11538,1 un. = 300 g (aprox.),Peixaria,LOTE: 20,"12,99€/Kg","3,90€",https://cdn.intermarche.pt/pt/Content/images/boitmal/produit/zoom/29B9DB2E73FB6AE756265DB326B65712.jpg,,/product/salmao-de-viveiro-a-posta/2893620000000
14908,Dourada Pequena,2893723000000,11546,11538,"Vendido ao peso, de 200 a 600 g",Peixaria,A.P.: NA,"7,99€/Kg","4,79€",https://cdn.intermarche.pt/pt/Content/images/boitmal/produit/zoom/71281EF345546B53934FBD5F0D1B6558.jpg,,/product/dourada-pequena/2893723000000
13126,Dourada de Viveiro,2893105000000,11546,11538,de 600 a 800g,Peixaria,A.P.: NA,"7,99€/Kg","4,79€",https://cdn.intermarche.pt/pt/Content/images/boitmal/produit/zoom/029F52875DBC51F21511F40D4DB7EF92.jpg,,/product/dourada-de-viveiro/2893105000000
13552,Pescada do Pacífico,2893546000000,11546,11538,"Congelada de 1 a 1,5 kg",Peixaria,,"4,99€/Kg","4,99€",https://cdn.intermarche.pt/pt/Content/images/boitmal/produit/zoom/9338753B1C4ABFCE07E8B8D915DEBC97.jpg,,/product/pescada-do-pacifico/2893546000000
13577,Pota Inteira Congelada,2893572000000,11546,11538,1 un= 200 gr (aprox.),Peixaria,CONG.: 2,"5,99€/Kg","1,20€",https://cdn.intermarche.pt/pt/Content/images/boitmal/produit/zoom/B2D6321EA80C5271A6C9DE3162C36D95.jpg,,/product/pota-inteira-congelada/2893572000000
13600,Pescada da África do Sul Congelada,2893595000000,11546,11538,Pescado no mar,Peixaria,CONG.: 0,"4,99€/Kg","5,99€",https://cdn.intermarche.pt/pt/Content/images/boitmal/produit/zoom/E9AD5276431B4DE5F454F50385DC97F6.jpg,,/product/pescada-da-africa-do-sul-congelada/2893595000000
15168,Posta de Perca-do-Nilo Congelada,2927299000000,11546,11538,Vendido ao peso,PorSi,,"10,99€/Kg","4,40€",https://cdn.intermarche.pt/pt/Content/images/boitmal/produit/zoom/07248061BE63012F69F41EE54B6C54BA.jpg,,/product/posta-de-perca-do-nilo-congelada/2927299000000
15215,Tentáculo de Pota Congelado,2942861000000,11546,11538,1 un = 1 Kg (aprox.),PorSi,,"6,99€/Kg","6,99€",https://cdn.intermarche.pt/pt/Content/images/boitmal/produit/zoom/6D723361BA984D05D3F7E2756F513783.jpg,,/product/tentaculo-de-pota-congelado/2942861000000
50273,Salmão à Posta Congelado,2912820000000,11546,11538,Higienizado Congelado,PorSi,,"12,99€/Kg","6,50€",https://cdn.intermarche.pt/pt/Content/images/boitmal/produit/zoom/EA36CBC5B936840FEAB82D7DA5D7A2FC.jpg,,/product/salmao-a-posta-congelado/2912820000000
13602,Pescada Média Argentina Congelada,2893597000000,11546,11538,+ de 500 g,Peixaria,CONG.: 2,"3,99€/Kg","2,00€",https://cdn.intermarche.pt/pt/Content/images/boitmal/produit/zoom/0B666403B9A0F93B2C5A3F28805283FC.jpg,,/product/pescada-media-argentina-congelada/2893597000000
13582,Solha Congelada (200/400),2893577000000,11546,11538,Pescado no mar,Peixaria,CONG:18/,"4,99€/Kg","3,99€",https://cdn.intermarche.pt/pt/Content/images/boitmal/produit/zoom/09CD29C77ECA15BC59D0A288B72C20B4.jpg,,/product/solha-congelada-(200-ou-400)/2893577000000
13352,Robalo Viveiro,2893342000000,11546,11538,+600g,Peixaria,A.P.:NAO,"10,99€/Kg","8,79€",https://cdn.intermarche.pt/pt/Content/images/boitmal/produit/zoom/C64C7068C513ECB33F6E55EAEB9222F6.jpg,,/product/robalo-viveiro/2893342000000
13537,Sardinha Congelada,2893529000000,11546,11538,1 un = 250 gr  (aprox.),Peixaria,CONG: 24,"2,99€/Kg","0,75€",https://cdn.intermarche.pt/pt/Content/images/boitmal/produit/zoom/20CBBBB0702ADDE0888E404D1EC78925.jpg,,/product/sardinha-congelada/2893529000000
13673,Verdinhos,2893668000000,11546,11538,1 un= 100 gr (aprox.),Peixaria,A.P.: RE,"1,99€/Kg","0,20€",https://cdn.intermarche.pt/pt/Content/images/boitmal/produit/zoom/8FA032CD02DE442A2FE95E0D7EBC90D3.jpg,,/product/verdinhos/2893668000000
13521,Pescada congelada 350-450 g,2893513000000,11546,11538,Peixe de aquacultura,Peixaria,CONG.: 2,"3,59€/Kg","1,26€",https://cdn.intermarche.pt/pt/Content/images/boitmal/produit/zoom/22F3B24F720E80E5292E5ED176EAD86C.jpg,,/product/pescada-congelada-350-450-g/2893513000000
13603,Sardinha Pequena Congelada,2893598000000,11546,11538,1 un= 250 gr (aprox.),Peixaria,CONG.:02,"2,69€/Kg","0,67€",https://cdn.intermarche.pt/pt/Content/images/boitmal/produit/zoom/3CA0FC96B889D2EC96F915EEAEB30E47.jpg,,/product/sardinha-pequena-congelada/2893598000000
13094,Carapau Médio Fresco,2893070000000,11546,11538,1 un = 150 gr (aprox.),Peixaria,LOTE: 20,"3,99€/Kg","0,60€",https://cdn.intermarche.pt/pt/Content/images/boitmal/produit/zoom/5561FF39144D34B65C5FB553D6B1F100.jpg,,/product/carapau-medio-fresco/2893070000000
13201,Pargo Mulato,2893186000000,11546,11538, 1un = 800 gr (aprox.),Peixaria,LOTE:190,"6,99€/Kg","5,59€",https://cdn.intermarche.pt/pt/Content/images/boitmal/produit/zoom/E0618151B3B8B33430897B1086A8B8B7.jpg,,/product/pargo-mulato/2893186000000
13227,Sardinha Pequena,2893212000000,11546,11538,1 un = 100 gr (aprox.),Peixaria,LOTE: 19,"4,99€/Kg","0,50€",https://cdn.intermarche.pt/pt/Content/images/boitmal/produit/zoom/6DA14603CCCB097A22BEF4C3D311CC0E.jpg,,/product/sardinha-pequena/2893212000000
13241,Robalo Selvagem,2893739000000,11546,11538,1 un = 500 gr (aprox.),Peixaria,LOTE: FA,"18,99€/Kg","9,50€",https://cdn.intermarche.pt/pt/Content/images/boitmal/produit/zoom/3C4C7FFBA3E8D31AD4E8697948F237D5.jpg,,/product/robalo-selvagem/2893739000000
13036,Robalo de viveiro,2893008000000,11546,11538,de 800 g a 1.5 kg,Programa Origens,A.P.: RE,"6,99€/Kg","5,59€",https://cdn.intermarche.pt/pt/Content/images/boitmal/produit/zoom/22D4D358AFC53256882D2078319B336F.jpg,,/product/robalo-de-viveiro/2893008000000
13112,Chicharro Fresco,2893091000000,11546,11538,1 un= 400 g (aprox.),Peixaria,REDES DE,"4,99€/Kg","2,00€",https://cdn.intermarche.pt/pt/Content/images/boitmal/produit/zoom/FB568BCCF7F0742E8CF1174087C1CF25.jpg,,/product/chicharro-fresco/2893091000000
13133,Faneca,2893114000000,11546,11538,"Vendido ao peso, 1 un = 500 g (aprox.)",Peixaria,LOTE: 01,"3,99€/Kg","2,00€",https://cdn.intermarche.pt/pt/Content/images/boitmal/produit/zoom/B3B2873A2D7B6182C4A2F2B5F7F12F0A.jpg,,/product/faneca/2893114000000
13206,Peixe Espada Branco,2893191000000,11546,11538,1 un = 1 kg (aprox.),Peixaria,LOTE: 17,"9,29€/Kg","9,29€",https://cdn.intermarche.pt/pt/Content/images/boitmal/produit/zoom/A46580A829B91E6E5DA4753BBE8C6BE2.jpg,,/product/peixe-espada-branco/2893191000000
18697,Choco limpo congelado,2914783000000,11546,11538,Vendido ao peso a partir de 200 g (aprox.),PorSi,,"11,99€/Kg","2,40€",https://cdn.intermarche.pt/pt/Content/images/boitmal/produit/zoom/8BD081D4EF033A1813AA1955B29978CC.jpg,,/product/choco-limpo-congelado/2914783000000
48128,Posta de Cação Congelado,2904751000000,11546,11538,Vendido ao peso a partir de 200 g (aprox.),PorSi,,"8,99€/Kg","1,80€",https://cdn.intermarche.pt/pt/Content/images/boitmal/produit/zoom/044D116CAF28B91D0E2776A766426F54.jpg,,/product/posta-de-cacao-congelado/2904751000000
13585,Gambão Congelado 20/30,2893580000000,11547,11538,Vendido a partir de 250 (aprox.),Marisco,CONG.15/,"8,99€/Kg","2,25€",https://cdn.intermarche.pt/pt/Content/images/boitmal/produit/zoom/4D0BD52A2A6DCE6EE965D391A979212D.jpg,2024-09-25T22:59:59.999Z,/product/gambao-congelado-20-ou-30/2893580000000
13048,Ameijoa Branca Vietnamita Congelada,2893561000000,11547,11538,Vendido a partir de 250 gr  (aprox.),Marisco,CONG. 22,"1,99€/Kg","0,50€",https://cdn.intermarche.pt/pt/Content/images/boitmal/produit/zoom/87AAE93BFC6F911123DE0600840801E2.jpg,2024-09-25T22:59:59.999Z,/product/ameijoa-branca-vietnamita-congelada/2893561000000
13566,Camarão Congelado 20/30,2893560000000,11547,11538,1 un = 250 gr  (aprox.),Congelado de Aquicultura,CONG.: 0,"8,99€/Kg","2,25€",https://cdn.intermarche.pt/pt/Content/images/boitmal/produit/zoom/863DB9F10BE616A55736AB7A17BC6BB5.jpg,2024-09-25T22:59:59.999Z,/product/camarao-congelado-20-ou-30/2893560000000
13541,Camarão Congelado 60/80,2893533000000,11547,11538,1 un = 250 gr  (aprox.),Congelado de Aquicultura,CONG.: 0,"6,99€/Kg","1,75€",https://cdn.intermarche.pt/pt/Content/images/boitmal/produit/zoom/29A2DFA509FFDAFCD18E7F308BD753B4.jpg,2024-09-25T22:59:59.999Z,/product/camarao-congelado-60-ou-80/2893533000000
13175,Mexilhão Médio Fresco,2893160000000,11547,11538,Vendido ao peso,Marisco,,"2,99€/Kg","0,90€",https://cdn.intermarche.pt/pt/Content/images/boitmal/produit/zoom/F14ACE9787BE0CEBB197A6DF9EBBAB4B.jpg,,/product/mexilhao-medio-fresco/2893160000000
13511,Camarão Tigre Congelado 20/30,2893503000000,11547,11538,,Nossa Seleção,,"14,99€/Kg","5,25€",https://cdn.intermarche.pt/pt/Content/images/boitmal/produit/zoom/E82BCD25FFFB4DE2BFED051270400B76.jpg,,/product/camarao-tigre-congelado-20-ou-30/2893503000000
13567,Ameijoa Castanha Vietnamita Congelada,2893562000000,11547,11538,Venda ao Kilo,Marisco,CONG:05/,"3,49€/Kg","0,87€",https://cdn.intermarche.pt/pt/Content/images/boitmal/produit/zoom/33CC3279E2741F227440A7AFDC3AEEF9.jpg,,/product/ameijoa-castanha-vietnamita-congelada/2893562000000
40577,Camarão cozido 30/50,5604260299973,11547,11538,Embalagem de 1 kg,PorSi,,"11,99€/Kg","11,99€",https://cdn.intermarche.pt/pt/Content/images/boitmal/produit/zoom/00C2BCBFCCE2E2436C33CDBEBFF85680.jpg,,/product/camarao-cozido-30-ou-50/5604260299973
13551,Camarão Congelado 40/60,2893545000000,11547,11538,1 un = 250 gr  (aprox.),Congelado de Aquicultura,CONG.: 3,"10,99€/Kg","2,75€",https://cdn.intermarche.pt/pt/Content/images/boitmal/produit/zoom/72C3FD55BAB0CCCDCC2D655DFCED036D.jpg,,/product/camarao-congelado-40-ou-60/2893545000000
15581,Camarão 30/40 Madagascar,2893553000000,11547,11538,1 un = 250 gr  (aprox.),Congelado Selvagem,,"12,99€/Kg","3,25€",https://cdn.intermarche.pt/pt/Content/images/boitmal/produit/zoom/2724BC8EC94B24A0EA2A17EF66B8A97C.jpg,,/product/camarao-30-ou-40-madagascar/2893553000000
13609,Camarão tigre 10/15 Congelado,2893604000000,11547,11538,Vendido ao peso,Nossa Seleção,CONG.: 1,"29,99€/Kg","15,00€",https://cdn.intermarche.pt/pt/Content/images/boitmal/produit/zoom/19378E26D71FD78C14F8D967367F0951.jpg,,/product/camarao-tigre-10-ou-15-congelado/2893604000000
13613,Camarão Tigre 6/8,2893608000000,11547,11538,vendido ao peso,Nossa Seleção,CONG.: 0,"44,99€/Kg","11,25€",https://cdn.intermarche.pt/pt/Content/images/boitmal/produit/zoom/11CA1D12C00D63533607A8EEA2FA897F.jpg,,/product/camarao-tigre-6-ou-8/2893608000000
13653,Camarão Selvagem Madagáscar 60/80,2893648000000,11547,11538,vendido ao peso,Nossa Seleção,CONG.: 1,"13,99€/Kg","8,39€",https://cdn.intermarche.pt/pt/Content/images/boitmal/produit/zoom/94C4C809B4315F70EB5E9C70DE019455.jpg,,/product/camarao-selvagem-madagascar-60-ou-80/2893648000000
7126,Queijo flamengo barra,2895005000000,11551,11549,"Vendido ao peso, fatiado a partir de 100 gr",PorSi,,"6,99€/Kg","0,70€",https://cdn.intermarche.pt/pt/Content/images/boitmal/produit/zoom/16C1EB46F4F37242994168D0C6EEE2EA.jpg,2024-10-04T22:59:59.999Z,/product/queijo-flamengo-barra/2895005000000
9691,Queijo Flamengo Fatias,5604260270613,11551,11549,Embalagem 500G,PorSi,,"7,98€/Kg","3,99€",https://cdn.intermarche.pt/pt/Content/images/boitmal/produit/zoom/FFFF236BFADF54D62A4E0EFB7AF0E7B7.jpg,2024-10-04T22:59:59.999Z,/product/queijo-flamengo-fatias/5604260270613
32342,Queijo açoriano fatias de textura cremosa,5603722517334,11551,11549,Embalagem de 200g,Milhafre,,"10,45€/Kg","2,09€",https://cdn.intermarche.pt/pt/Content/images/boitmal/produit/zoom/ED1DA3BFDC83B30FF20CB1A8441640A4.jpg,2024-09-25T22:59:59.999Z,/product/queijo-acoriano-fatias-de-textura-cremosa/5603722517334
11974,Queijo em fatias original,5603722508752,11551,11549,Embalagem de 200g,Castelões,,"10,45€/Kg","2,09€",https://cdn.intermarche.pt/pt/Content/images/boitmal/produit/zoom/9FEB09D8F116F09205434B0A49717030.jpg,2024-10-02T22:59:59.999Z,/product/queijo-em-fatias-original/5603722508752
28062,"Queijo sem lactose fatiado, 150g",5603722516764,11274,10118,,Castelões,,"11,93€/Kg","1,79€",https://cdn.intermarche.pt/pt/Content/images/boitmal/produit/zoom/5F601B42C74F0F85211A2BAC0672F8FD.jpg,2024-10-02T22:59:59.999Z,/product/queijo-sem-lactose-fatiado-150g/5603722516764
38044,Queijo da ilha graciosa,5603722519253,11551,11549,Embalagem de 280 g,Milhafre,,"14,96€/Kg","4,19€",https://cdn.intermarche.pt/pt/Content/images/boitmal/produit/zoom/466C45EB0D5F2883E1BBF7B8B9CEC029.jpg,2024-09-25T22:59:59.999Z,/product/queijo-da-ilha-graciosa/5603722519253
9245,Queijo dop cura 4 meses fatias,5603034000098,11551,11549,Embalagem de 400g,São Jorge,,"15,35€/Kg","6,14€",https://cdn.intermarche.pt/pt/Content/images/boitmal/produit/zoom/A4FE3A45E95585BD4D435B2857AEDB59.jpg,2024-10-02T22:59:59.999Z,/product/queijo-dop-cura-4-meses-fatias/5603034000098
36711,Queijo edam fatias,5604260294862,11551,11549,Embalagem de 200 g,PorSi,,"7,95€/Kg","1,59€",https://cdn.intermarche.pt/pt/Content/images/boitmal/produit/zoom/5E7868E65B9D53FA1D2FA6932B87431A.jpg,,/product/queijo-edam-fatias/5604260294862
9079,"Queijo flamengo, fatias",5601883000719,11551,11549,Embalagem de 200g,Nova Açores,,"12,45€/Kg","2,49€",https://cdn.intermarche.pt/pt/Content/images/boitmal/produit/zoom/7F26FAA8053D654E46EFF18238D0A9DA.jpg,,/product/queijo-flamengo-fatias/5601883000719
11688,Queijo flamengo em fatias,5601244202318,11551,11549,Embalagem de 200g,Terra Nostra,,"13,40€/Kg","2,68€",https://cdn.intermarche.pt/pt/Content/images/boitmal/produit/zoom/1AC37D1F5312990D8FFDE85110EEAFAE.jpg,,/product/queijo-flamengo-em-fatias/5601244202318
15279,Queijo flamengo fatiado,5604260276356,11551,11549,Embalagem de 200G,PorSi,,"8,95€/Kg","1,79€",https://cdn.intermarche.pt/pt/Content/images/boitmal/produit/zoom/CDB0586407F1FB1687ED5AD6FD9D7139.jpg,,/product/queijo-flamengo-fatiado/5604260276356
8998,"Queijo em fatias, 400g",5601511000616,11551,11549,,Limiano,,"12,23€/Kg","4,89€",https://cdn.intermarche.pt/pt/Content/images/boitmal/produit/zoom/F2A45C587735E27AE71C82EDBAD67D56.jpg,,/product/queijo-em-fatias-400g/5601511000616
15125,Queijo Flamengo em Barra,2895006000000,11551,11549,1 un = 150 gr (aprox.),Terra Nostra,,"9,99€/Kg","1,50€",https://cdn.intermarche.pt/pt/Content/images/boitmal/produit/zoom/476F7A985B3EA4EB38194328E8345ADF.jpg,,/product/queijo-flamengo-em-barra/2895006000000
36712,"Queijo gouda fatias, 200 g",5604260294879,11551,11549,,PorSi,,"8,45€/Kg","1,69€",https://cdn.intermarche.pt/pt/Content/images/boitmal/produit/zoom/035731A25F84733D5A5C741F14C1E244.jpg,,/product/queijo-gouda-fatias-200-g/5604260294879
11755,"Queijo fatias -50% de gordura, 400g",5601511000623,11551,11549,,Limiano,,"12,48€/Kg","4,99€",https://cdn.intermarche.pt/pt/Content/images/boitmal/produit/zoom/0ADAA02E1446E8C0B207669B95BD76E3.jpg,,/product/queijo-fatias-50%25-de-gordura-400g/5601511000623
36713,Queijo mozzarella fatias,5604260294886,11551,11549,Embalagem de 200 g,PorSi,,"9,45€/Kg","1,89€",https://cdn.intermarche.pt/pt/Content/images/boitmal/produit/zoom/C060D01D33AECBF3420B6C0B4E638837.jpg,,/product/queijo-mozzarella-fatias/5604260294886
42160,Queijo cabra fatias,5604260305971,11551,11549,Embalagem de 150g,PorSi,,"14,60€/Kg","2,19€",https://cdn.intermarche.pt/pt/Content/images/boitmal/produit/zoom/4BFF9F2A722FCE8D492E96816DAB1D9A.jpg,,/product/queijo-cabra-fatias/5604260305971
44385,Queijo em cubos para saladas,5604260307890,11551,11549,Embalagem de 150 g,PorSi,,"10,60€/Kg","1,59€",https://cdn.intermarche.pt/pt/Content/images/boitmal/produit/zoom/1B67391F5B78B9FF20A8AC2B753F1F16.jpg,,/product/queijo-em-cubos-para-saladas/5604260307890
8800,"Queijo em fatias, -50% gordura",5601244201922,11551,11549,Embalagem de 200g,Terra Nostra,,"14,25€/Kg","2,85€",https://cdn.intermarche.pt/pt/Content/images/boitmal/produit/zoom/85D15B5E2887AAA1EC03C6E7ECAD1482.jpg,,/product/queijo-em-fatias-50%25-gordura/5601244201922
8802,Queijo em fatias,5601244202363,11551,11549,Embalagem de 400g,Terra Nostra,,"12,23€/Kg","4,89€",https://cdn.intermarche.pt/pt/Content/images/boitmal/produit/zoom/B65A579FDF6F0A415C810CA406B71B6F.jpg,,/product/queijo-em-fatias/5601244202363
8996,"Queijo em fatias -50% gordura, 200g",5601511000357,11551,11549,,Limiano,,"13,95€/Kg","2,79€",https://cdn.intermarche.pt/pt/Content/images/boitmal/produit/zoom/A6B93C0CB6D9BBBEB1609EFDC3F10F68.jpg,,/product/queijo-em-fatias-50%25-gordura-200g/5601511000357
41124,Queijo fatiado cheddar,5604260305988,11551,11549,Embalagem de 150 g,PorSi,,"9,93€/Kg","1,49€",https://cdn.intermarche.pt/pt/Content/images/boitmal/produit/zoom/EB25A7C76803974DB5AAD22A99C0464C.jpg,,/product/queijo-fatiado-cheddar/5604260305988
48297,Queijo flamengo fatias light,5604260320721,11551,11549,Embalagem de 200g,PorSi Viva Bem,,"11,45€/Kg","2,29€",https://cdn.intermarche.pt/pt/Content/images/boitmal/produit/zoom/39DCA880B0101D2539BC3FC4E3A25E7D.jpg,,/product/queijo-flamengo-fatias-light/5604260320721
8994,"Queijo flamengo, fatias",5601511000012,11551,11549,Embalagem de 200g,Limiano,,"13,45€/Kg","2,69€",https://cdn.intermarche.pt/pt/Content/images/boitmal/produit/zoom/86AD0748081C379158BF2EE3F6F67244.jpg,,/product/queijo-flamengo-fatias/5601511000012
11687,Queijo fatias -50% gordura,5601244202158,11551,11549,Embalagem de 400g,Terra Nostra,,"12,48€/Kg","4,99€",https://cdn.intermarche.pt/pt/Content/images/boitmal/produit/zoom/CCCF8966A6691863BD8AEE552A96BE72.jpg,,/product/queijo-fatias-50%25-gordura/5601244202158
46606,Queijo azul,5604260318384,11551,11549,100 g,PorSi,,"19,90€/Kg","1,99€",https://cdn.intermarche.pt/pt/Content/images/boitmal/produit/zoom/E17FE25AD57C764DBD1CEA2F4797B680.jpg,,/product/queijo-azul/5604260318384
48345,Queijo gouda fatias 0% lactose,5604260318414,11274,10118,Embalagem de 150g,PorSi Viva Bem,,"11,93€/Kg","1,79€",https://cdn.intermarche.pt/pt/Content/images/boitmal/produit/zoom/F4BADABD2C2F60D5FAE232C1DAEE88B1.jpg,,/product/queijo-gouda-fatias-0%25-lactose/5604260318414
7401,Queijo roquefort,3250390461777,11551,11549,Embalagem de 150 g,Páturages,,"17,93€/Kg","2,69€",https://cdn.intermarche.pt/pt/Content/images/boitmal/produit/zoom/2C4299FEE51CDB299AF05F135F96AE89.jpg,,/product/queijo-roquefort/3250390461777
11968,"Queijo flamengo, bola quartos",5603722506932,11551,11549,Embalagem de 350g,Agros,,"11,40€/Kg","3,99€",https://cdn.intermarche.pt/pt/Content/images/boitmal/produit/zoom/A855C104890794BB9CC86EE717D5F260.jpg,,/product/queijo-flamengo-bola-quartos/5603722506932
18401,Queijo Raclette Fatias,3250390224747,11551,11549,Embalagem de 400 g,Páturages,,"12,48€/Kg","4,99€",https://cdn.intermarche.pt/pt/Content/images/boitmal/produit/zoom/F8FEDAD9454D1F3D9D15101AEB6CFCD0.jpg,,/product/queijo-raclette-fatias/3250390224747
41196,Queijo flamengo 0% lactose,5604260306787,11274,10118,Embalagem de 150 g,PorSi Viva Bem,,"9,93€/Kg","1,49€",https://cdn.intermarche.pt/pt/Content/images/boitmal/produit/zoom/70EFC7DA8E23D31BF48007A15842F8C8.jpg,,/product/queijo-flamengo-0%25-lactose/5604260306787
8801,"Queijo flamengo, bola quartos",5601244201960,11551,11549,Embalagem de 350g,Terra Nostra,,"11,11€/Kg","3,89€",https://cdn.intermarche.pt/pt/Content/images/boitmal/produit/zoom/EAFF5C0559AD2637C6F580877C4E36CF.jpg,,/product/queijo-flamengo-bola-quartos/5601244201960
36719,Queijo maasdam fatias,5604260297078,11551,11549,Embalagem de 200 g,PorSi,,"11,45€/Kg","2,29€",https://cdn.intermarche.pt/pt/Content/images/boitmal/produit/zoom/44B40059545730262ED66EED5E527407.jpg,,/product/queijo-maasdam-fatias/5604260297078
10306,Queijo em pó para massas,8410634083010,11551,11549,Embalagem de 50 g,Hochland,,"17,80€/Kg","0,89€",https://cdn.intermarche.pt/pt/Content/images/boitmal/produit/zoom/2FCDBB40030D2EA42A73559049D048FB.jpg,,/product/queijo-em-po-para-massas/8410634083010
36720,Queijo emmental fatias,5604260297085,11551,11549,Embalagem de 200 g,PorSi,,"9,95€/Kg","1,99€",https://cdn.intermarche.pt/pt/Content/images/boitmal/produit/zoom/B50F06DF495A9F210AAB645C75F6DEC1.jpg,,/product/queijo-emmental-fatias/5604260297085
21373,Queijo Flamengo Bola,2895039000000,11551,11549,Vendido ao peso a partir de 100 g,Queijaria de Celorico,,"11,99€/Kg","1,20€",https://cdn.intermarche.pt/pt/Content/images/boitmal/produit/zoom/8194600BA03A0D029CAEBA91D40CFAD9.jpg,,/product/queijo-flamengo-bola/2895039000000
7237,"Queijo light, 10 fatias",3073780543989,11551,11549,Embalagem de 200g,A Vaca Que Ri,,"12,45€/Kg","2,49€",https://cdn.intermarche.pt/pt/Content/images/boitmal/produit/zoom/6E9A8572990407EAC799CB9E8EDCE64C.jpg,,/product/queijo-light-10-fatias/3073780543989
48346,Queijo edam light fatias,5604260319787,11551,11549,Embalagem de 150g,PorSi Viva Bem,,"12,60€/Kg","1,89€",https://cdn.intermarche.pt/pt/Content/images/boitmal/produit/zoom/10355B7CF5075F097DBAA94B5544D8B7.jpg,,/product/queijo-edam-light-fatias/5604260319787
50038,Queijo Roquefort Fatias,3023260001362,11551,11549,embalagem de 100 g,Société,,"33,90€/Kg","3,39€",https://cdn.intermarche.pt/pt/Content/images/boitmal/produit/zoom/E7DF1815B26AD4301BA71C32E9245495.jpg,,/product/queijo-roquefort-fatias/3023260001362
9727,Queijo mozzarella ralado,5604260273058,11552,11549,Embalagem de 200 g,PorSi,,"7,85€/Kg","1,57€",https://cdn.intermarche.pt/pt/Content/images/boitmal/produit/zoom/06A41E6C952C21A7856951F2F972349C.jpg,2024-10-04T22:59:59.999Z,/product/queijo-mozzarella-ralado/5604260273058
27947,"Queijo ilha ralado, 150g",5604079046003,11552,11549,,Valformoso,,"11,93€/Kg","1,79€",https://cdn.intermarche.pt/pt/Content/images/boitmal/produit/zoom/DB955C32F854C309752DDF4027DD3532.jpg,2024-09-25T22:59:59.999Z,/product/queijo-ilha-ralado-150g/5604079046003
36926,Queijo flamengo ralado,5604260296729,11552,11549,Embalagem de 200G,PorSi,,"7,25€/Kg","1,45€",https://cdn.intermarche.pt/pt/Content/images/boitmal/produit/zoom/DFC2644CA861B461322B07CE2298EC44.jpg,,/product/queijo-flamengo-ralado/5604260296729
40358,Queijo para barrar natural,5604260301881,11552,11549,Embalagem de 200 g,PorSi,,"4,95€/Kg","0,99€",https://cdn.intermarche.pt/pt/Content/images/boitmal/produit/zoom/711E7D068BA90BBAF2E1EBA93ACC02FE.jpg,,/product/queijo-para-barrar-natural/5604260301881
50658,Queijo Creme Light,7622201724443,11552,11549,Embalagem de 150g,Philadelphia,,"15,27€/Kg","2,29€",https://cdn.intermarche.pt/pt/Content/images/boitmal/produit/zoom/1F5DBEB2C0B14CA8D92B81707B49E930.jpg,,/product/queijo-creme-light/7622201724443
31463,Philadelphia original cream cheese plain,7622210103963,11552,11549,Embalagem de 270g,Philadelphia,,"12,56€/Kg","3,39€",https://cdn.intermarche.pt/pt/Content/images/boitmal/produit/zoom/C127386EA846053813C6FE5F6BF61DC5.jpg,,/product/philadelphia-original-cream-cheese-plain/7622210103963
45813,Queijo ralado parmigiano,5604260310371,11552,11549,Embalagem de 60g,PorSi Select,,"29,83€/Kg","1,79€",https://cdn.intermarche.pt/pt/Content/images/boitmal/produit/zoom/CD7691A976B68723CC9DF442FFCCA5DC.jpg,,/product/queijo-ralado-parmigiano/5604260310371
37599,Queijo emmental ralado,5604260296736,11552,11549,Embalagem de 200 g,PorSi,,"8,75€/Kg","1,75€",https://cdn.intermarche.pt/pt/Content/images/boitmal/produit/zoom/CF569E0ADBF17DEEFAA27277A07F5FA3.jpg,,/product/queijo-emmental-ralado/5604260296736
6988,Queijo creme real,0000056090017,11552,11549,Embalagem de 100 g,Eru,,"15,90€/Kg","1,59€",https://cdn.intermarche.pt/pt/Content/images/boitmal/produit/zoom/903838029622B2F4259D8E514B009979.jpg,,/product/queijo-creme-real/0000056090017
36721,Queijo ralado mix 3 queijos,5604260296712,11552,11549,Embalagem de 200 g,PorSi,,"8,95€/Kg","1,79€",https://cdn.intermarche.pt/pt/Content/images/boitmal/produit/zoom/EC76C2D5864B1F09F276FC151FFBD6C1.jpg,,/product/queijo-ralado-mix-3-queijos/5604260296712
42159,Queijo para barrar light,5604260304868,11552,11549,Embalagem de 200g,PorSi Viva Bem,,"5,70€/Kg","1,14€",https://cdn.intermarche.pt/pt/Content/images/boitmal/produit/zoom/5976BE27B960C59B96A3CB63CD84B361.jpg,,/product/queijo-para-barrar-light/5604260304868
48860,Queijo mozzarella light ralado,5604260319794,11552,11549,Embalagem de 150 g,PorSi Viva Bem,,"8,60€/Kg","1,29€",https://cdn.intermarche.pt/pt/Content/images/boitmal/produit/zoom/450A55FBEE3B8F60E5165B6A63CFC2EE.jpg,,/product/queijo-mozzarella-light-ralado/5604260319794
37543,Queijo ilha ralado,5604260296774,11552,11549,Embalagem de 200g,PorSi,,"9,95€/Kg","1,99€",https://cdn.intermarche.pt/pt/Content/images/boitmal/produit/zoom/7DAA1AD458A6BC66AD01B784796FAD35.jpg,,/product/queijo-ilha-ralado/5604260296774
40357,Queijo para barrar alho/ervas,5604260301898,11552,11549,Embalagem de 200 g,PorSi,,"4,95€/Kg","0,99€",https://cdn.intermarche.pt/pt/Content/images/boitmal/produit/zoom/CFD1561BF73C20359013C5B339E856F3.jpg,,/product/queijo-para-barrar-alho-ou-ervas/5604260301898
50657,Queijo Creme Regular,7622201723767,11552,11549,Embalagem de 150g,Philadelphia,,"12,33€/Kg","1,85€",https://cdn.intermarche.pt/pt/Content/images/boitmal/produit/zoom/557EC9F2DADB9BBCF07CBF75BC9EC55D.jpg,,/product/queijo-creme-regular/7622201723767
20366,Queijo creme de ervas finas,7622210981141,11552,11549,Embalagem de 150g,Philadelphia,,"16,60€/Kg","2,49€",https://cdn.intermarche.pt/pt/Content/images/boitmal/produit/zoom/387760CE40B92A0462A1AF5F8E61AAE0.jpg,,/product/queijo-creme-de-ervas-finas/7622210981141
42842,"Queijo ralado dispensador, 80g",5604260307883,11552,11549,,PorSi,,"22,38€/Kg","1,79€",https://cdn.intermarche.pt/pt/Content/images/boitmal/produit/zoom/6F1A501981275844457B935F893903CE.jpg,,/product/queijo-ralado-dispensador-80g/5604260307883
6993,"Queijo creme, presunto",0000056091151,11552,11549,Embalagem de 100 g,Eru,,"15,90€/Kg","1,59€",https://cdn.intermarche.pt/pt/Content/images/boitmal/produit/zoom/18F3A18A3116B3716EC2E65028430488.jpg,,/product/queijo-creme-presunto/0000056091151
31462,Philadelphia cream cheese light,7622210103505,11552,11549,Embalagem de 270g,Philadelphia,,"12,56€/Kg","3,39€",https://cdn.intermarche.pt/pt/Content/images/boitmal/produit/zoom/AFC6C2433325F5B972D1D982BA1B90EE.jpg,,/product/philadelphia-cream-cheese-light/7622210103505
11685,"Queijo flamengo, ralado",5601244202042,11552,11549,Embalagem de 150g,Terra Nostra,,"13,27€/Kg","1,99€",https://cdn.intermarche.pt/pt/Content/images/boitmal/produit/zoom/D57397560EC0A59BBB96B5304E9DEE30.jpg,,/product/queijo-flamengo-ralado/5601244202042
19158,Queijo p/ barrar s/ lactose,7622210440914,11274,10118,Embalagem de 150g,Philadelphia,,"16,60€/Kg","2,49€",https://cdn.intermarche.pt/pt/Content/images/boitmal/produit/zoom/F7AC6E4743C3775586AC9B93E6A5AED5.jpg,,/product/queijo-p-ou-barrar-s-ou-lactose/7622210440914
45683,Queijo emmental ralado,5604260312818,11552,11549,Embalagem de 200g,PorSi Select,,"11,45€/Kg","2,29€",https://cdn.intermarche.pt/pt/Content/images/boitmal/produit/zoom/8DA4FCAEF7D3AEDBBE1FD44934E0226E.jpg,,/product/queijo-emmental-ralado/5604260312818
10902,"Queijo creme flamengo, 125 g",3228023070078,11552,11549,,Président,,"15,92€/Kg","1,99€",https://cdn.intermarche.pt/pt/Content/images/boitmal/produit/zoom/BF0603E6A0D20A2949D051FD868416FD.jpg,,/product/queijo-creme-flamengo-125-g/3228023070078
7011,Queijo creme eru kids,0000087187069,11552,11549,Embalagem de 100 g,Eru,,"15,90€/Kg","1,59€",https://cdn.intermarche.pt/pt/Content/images/boitmal/produit/zoom/A279EC3B8BC5E3D291A29EE62DF3D294.jpg,,/product/queijo-creme-eru-kids/0000087187069
6992,Queijo creme light,0000056090864,11552,11549,Embalagem de 100 g,Eru,,"15,90€/Kg","1,59€",https://cdn.intermarche.pt/pt/Content/images/boitmal/produit/zoom/7AF7CD5AB1E6FD4B4EE6ADE4EE7D3004.jpg,,/product/queijo-creme-light/0000056090864
33221,Queijo creme de camembert,3228021000145,11552,11549,embalagem de 125 g,Président,,"19,92€/Kg","2,49€",https://cdn.intermarche.pt/pt/Content/images/boitmal/produit/zoom/191B0F5F4C277BC0952AE88BBE7A9713.jpg,,/product/queijo-creme-de-camembert/3228021000145
10823,Queijo Curado kg,2895063000000,11553,11549,1 un = 250 gr  (aprox.),Castelões,,"9,99€/Kg","2,50€",https://cdn.intermarche.pt/pt/Content/images/boitmal/produit/zoom/75B6363D9B6BD363EA11623977BF1CB2.jpg,2024-10-02T22:59:59.999Z,/product/queijo-curado-kg/2895063000000
10827,Queijo Curado Trad.Pimentão,2895084000000,11553,11549,Vendido ao peso a partir de 250 gr,Alavão,,"8,99€/Kg","2,25€",https://cdn.intermarche.pt/pt/Content/images/boitmal/produit/zoom/4E6BAB74AB5F3DC05744A385414FF98D.jpg,2024-09-25T22:59:59.999Z,/product/queijo-curado-trad.pimentao/2895084000000
9696,Queijo cura 2 meses,5604260270774,11553,11549,Embalagem de 400 g,PorSi,,"11,48€/Kg","4,59€",https://cdn.intermarche.pt/pt/Content/images/boitmal/produit/zoom/A1AF688507B30A4CDBAE1FA16344D264.jpg,,/product/queijo-cura-2-meses/5604260270774
10826,Queijo Curado,2895082000000,11553,11549,Vendido ao peso a partir de 250 gr,Ilha Azul,,"7,99€/Kg","2,00€",https://cdn.intermarche.pt/pt/Content/images/boitmal/produit/zoom/3B62E6B6007870C37C76A52222AF902D.jpg,2024-10-02T22:59:59.999Z,/product/queijo-curado/2895082000000
9246,Queijo dop 7 meses,5603034000104,11553,11549,Embalagem de 400g,São Jorge,,"15,98€/Kg","6,39€",https://cdn.intermarche.pt/pt/Content/images/boitmal/produit/zoom/CB4BD722274BC6240EEEAC3824F6D917.jpg,2024-10-02T22:59:59.999Z,/product/queijo-dop-7-meses/5603034000104
9751,Queijo de ovelha curado amanteigado,5604661000222,11553,11549,Embalagem de 500g,Seia,,"19,58€/Kg","9,79€",https://cdn.intermarche.pt/pt/Content/images/boitmal/produit/zoom/E4087F2DEAD0EDEA66F21D932DC8C64C.jpg,2024-10-02T22:59:59.999Z,/product/queijo-de-ovelha-curado-amanteigado/5604661000222
7166,Queijo da Ilha DOP Cura 4 Meses,2895224000000,11553,11549,Vendido ao peso a partir de 250 gr,São Jorge,,"14,30€/Kg","3,58€",https://cdn.intermarche.pt/pt/Content/images/boitmal/produit/zoom/702004FBEA1D5588A2791A027C546286.jpg,2024-10-02T22:59:59.999Z,/product/queijo-da-ilha-dop-cura-4-meses/2895224000000
7150,Queijo Açoreano Alho & Salsa,2895089000000,11553,11549,Vendido ao peso a partir de 250 gr,Cp.Açores,,"14,49€/Kg","3,62€",https://cdn.intermarche.pt/pt/Content/images/boitmal/produit/zoom/38567A10B55F0FF432EB00F39EAF459D.jpg,,/product/queijo-acoreano-alho-&-salsa/2895089000000
12177,Queijo de mistura curado,5604661000123,11553,11549,Embalagem de 250g,Seia,,"21,96€/Kg","5,49€",https://cdn.intermarche.pt/pt/Content/images/boitmal/produit/zoom/4F98A81F4F73410E6359C73D3B0E8CC8.jpg,,/product/queijo-de-mistura-curado/5604661000123
24668,Queijo Ovelha Amanteigado Grande,2895071000000,11553,11549,,Sabores do Dão,,"21,99€/Kg","11,00€",https://cdn.intermarche.pt/pt/Content/images/boitmal/produit/zoom/C70849E10A43BF5B13BD715C3CD51A3C.jpg,,/product/queijo-ovelha-amanteigado-grande/2895071000000
24906,Queijo Ovelha Amanteigado Pequeno,2895080000000,11553,11549,,Sabores do Dão,,"22,99€/Kg","6,90€",https://cdn.intermarche.pt/pt/Content/images/boitmal/produit/zoom/C70849E10A43BF5B13BD715C3CD51A3C.jpg,,/product/queijo-ovelha-amanteigado-pequeno/2895080000000
33871,Queijo curado meio gordo,2895319000000,11553,11549,Vendido ao peso,Valformoso,,"11,99€/Kg","2,40€",https://cdn.intermarche.pt/pt/Content/images/boitmal/produit/zoom/523AA9B4316653D44FC78137C3449A01.jpg,,/product/queijo-curado-meio-gordo/2895319000000
51699,"Queijo picante Beira Baixa DOP, 200 g (aprox.)",5604260328598,11553,11549,,PorSi Select,,"24,95€/Kg","4,99€",https://cdn.intermarche.pt/pt/Content/images/boitmal/produit/zoom/DF1145CAA3587F4076643233CC9FE0FB.jpg,,/product/queijo-picante-beira-baixa-dop-200-g-(aprox.)/5604260328598
26587,Queijo de Ovelha Meio Gordo,5604661000802,11553,11549,1 un = 450 g (aprox.),Seia,,"21,76€/Kg","9,79€",https://cdn.intermarche.pt/pt/Content/images/boitmal/produit/zoom/35A6C3D68352C1EC768514CA82DD00A3.jpg,2024-10-02T22:59:59.999Z,/product/queijo-de-ovelha-meio-gordo/5604661000802
26588,Queijo de Ovelha S/ Lactose,5604661000895,11274,10118,1 un = 450 g (aprox.),Seia,,"21,76€/Kg","9,79€",https://cdn.intermarche.pt/pt/Content/images/boitmal/produit/zoom/FB626D250D3482B7110E7AEC31A71923.jpg,2024-10-02T22:59:59.999Z,/product/queijo-de-ovelha-s-ou-lactose/5604661000895
28061,Queijo Curado Vaca Cremoso Ilha Terceira,2895093000000,11553,11549,1 un = 1 kg (aprox.),Milhafre,,"11,49€/Kg","11,49€",https://cdn.intermarche.pt/pt/Content/images/boitmal/produit/zoom/FDB1554A8220C7DD03C25D7A47079B19.jpg,2024-09-25T22:59:59.999Z,/product/queijo-curado-vaca-cremoso-ilha-terceira/2895093000000
33870,Queijo curado amanteigado,2895208000000,11553,11549,Vendido ao peso,Valformoso,,"13,49€/Kg","2,70€",https://cdn.intermarche.pt/pt/Content/images/boitmal/produit/zoom/B9BC52C68D166F636BB34FD3FE46C141.jpg,,/product/queijo-curado-amanteigado/2895208000000
42164,"Queijo são jorge dop, 400g",5604260306725,11553,11549,,PorSi Select,,"16,98€/Kg","6,79€",https://cdn.intermarche.pt/pt/Content/images/boitmal/produit/zoom/928BB75B1F0EC904315A6960353239F6.jpg,,/product/queijo-sao-jorge-dop-400g/5604260306725
10914,Queijo brie 60% mg,3250390011620,11553,11549,Embalagem de 200 g,Páturages,,"7,95€/Kg","1,59€",https://cdn.intermarche.pt/pt/Content/images/boitmal/produit/zoom/F0996075C850BE204C673B211C3895CD.jpg,,/product/queijo-brie-60%25-mg/3250390011620
10910,Queijo camembert 45% mg,3250390010586,11553,11549,Embalagem de 250 g,Páturages,,"7,56€/Kg","1,89€",https://cdn.intermarche.pt/pt/Content/images/boitmal/produit/zoom/232F9128D46F6DC4CCBB63ED1536E948.jpg,,/product/queijo-camembert-45%25-mg/3250390010586
17388,Queijo Curado Vaca/ Cabra/ Ovelha,2895242000000,11553,11549,,PorSi,,"17,99€/Kg","4,50€",https://cdn.intermarche.pt/pt/Content/images/boitmal/produit/zoom/27F49080079AE872122C382282D8D313.jpg,,/product/queijo-curado-vaca-ou-cabra-ou-ovelha/2895242000000
21680,Queijo de nisa dop,5604260279333,11553,11549,1 unidade = 280g (aprox.),PorSi Select,,"21,39€/Kg","5,99€",https://cdn.intermarche.pt/pt/Content/images/boitmal/produit/zoom/F18A1E8A09D0ABFF12C5B52D56D15DF6.jpg,,/product/queijo-de-nisa-dop/5604260279333
37921,Queijo de cabra curado rolo,5604260302376,11553,11549,Embalagem de 180 g,PorSi,,"12,17€/Kg","2,19€",https://cdn.intermarche.pt/pt/Content/images/boitmal/produit/zoom/91C2BC0C22821E85DDF6F8433B3D175F.jpg,,/product/queijo-de-cabra-curado-rolo/5604260302376
40666,"Queijo de vaca curado amanteigado, +/- 550 g",5604260303717,11553,11549,,PorSi,,"9,07€/Kg","4,99€",https://cdn.intermarche.pt/pt/Content/images/boitmal/produit/zoom/71D4AE77B1B9E30A46D9F4D1F90C487D.jpg,,/product/queijo-de-vaca-curado-amanteigado-+-ou-550-g/5604260303717
42785,Queijo manchego D.O.P,5604260310074,11553,11549,Embalagem de 250g,PorSi Select,,"19,96€/Kg","4,99€",https://cdn.intermarche.pt/pt/Content/images/boitmal/produit/zoom/D84F1A001EF557F102A43CA5D66C09AE.jpg,,/product/queijo-manchego-d.o.p/5604260310074
41653,Queijo grana padano D.O.P 16 meses de cura,5604260303960,11553,11549,Embalagem de 180 g,PorSi Select,,"16,61€/Kg","2,99€",https://cdn.intermarche.pt/pt/Content/images/boitmal/produit/zoom/F2EE8E1824D432017AA71A3FCEC2645B.jpg,,/product/queijo-grana-padano-d.o.p-16-meses-de-cura/5604260303960
10849,Queijo meio gordo,2895261000000,11553,11549,Vendido ao peso a partir de 250 gr,Dom Pedro,,"12,99€/Kg","3,25€",https://cdn.intermarche.pt/pt/Content/images/boitmal/produit/zoom/2E32C351CB5E4755DE882B4BFEA56EE3.jpg,,/product/queijo-meio-gordo/2895261000000
7140,Queijo tres igrejas cura 2 meses,2895062000000,11553,11549,Vendido ao peso a partir de 250 gr,Santiago,,"13,99€/Kg","3,50€",https://cdn.intermarche.pt/pt/Content/images/boitmal/produit/zoom/23C77AA648CADC2DCC87B3557E21073E.jpg,,/product/queijo-tres-igrejas-cura-2-meses/2895062000000
48176,"Queijo curado mistura, 190 g",5604260319800,11553,11549,,PorSi,,"13,11€/Kg","2,49€",https://cdn.intermarche.pt/pt/Content/images/boitmal/produit/zoom/0288EDC3FC66F50D1D7FFCAD5166E77A.jpg,,/product/queijo-curado-mistura-190-g/5604260319800
10830,Queijo Ovelha Amanteigado Pequeno,2895147000000,11553,11549,,PorSi,,"17,99€/Kg","4,50€",https://cdn.intermarche.pt/pt/Content/images/boitmal/produit/zoom/958960878DBE7A0B609BFE6680F8AC1C.jpg,,/product/queijo-ovelha-amanteigado-pequeno/2895147000000
23267,Queijo Curado Amanteigado,2895081000000,11553,11549,Vendido ao peso a partir de 250 g,Queijaria das Pousadas,,"11,99€/Kg","3,00€",https://cdn.intermarche.pt/pt/Content/images/boitmal/produit/zoom/F173EAB177640DDAAFC306D7CB5DADA9.jpg,,/product/queijo-curado-amanteigado/2895081000000
10842,Queijo 3 Igrejas Cura 2m Pimentão,2895207000000,11553,11549,Vendido ao peso a partir de 250 gr,Santiago,,"13,99€/Kg","3,50€",https://cdn.intermarche.pt/pt/Content/images/boitmal/produit/zoom/2F11F4EC63EB49EF2522FB61028743A0.jpg,,/product/queijo-3-igrejas-cura-2m-pimentao/2895207000000
5147,"Queijo curado, amanteigado",5601098045802,11553,11549,Embalagem de 550g,Paiva,,"12,71€/Kg","6,99€",https://cdn.intermarche.pt/pt/Content/images/boitmal/produit/zoom/E7077C5FF1201824CC9CB595BECBB8C1.jpg,,/product/queijo-curado-amanteigado/5601098045802
20420,Queijo de azeitão dop,5604260279340,11553,11549,Embalagem de 255 g,PorSi Select,,"27,02€/Kg","6,89€",https://cdn.intermarche.pt/pt/Content/images/boitmal/produit/zoom/09029D9160A74613BDA4924F324960E7.jpg,,/product/queijo-de-azeitao-dop/5604260279340
48861,Queijo vaca sem lactose,5604260318407,11274,10118,250 g,PorSi Viva Bem,,"15,56€/Kg","3,89€",https://cdn.intermarche.pt/pt/Content/images/boitmal/produit/zoom/58AFAC96EBABB570741CC816FF4A7099.jpg,,/product/queijo-vaca-sem-lactose/5604260318407
15129,Queijo Curado Amanteigado,2895064000000,11553,11549,1 un = 250 gr  (aprox.),Fonte Mourisca,,"12,99€/Kg","3,25€",https://cdn.intermarche.pt/pt/Content/images/boitmal/produit/zoom/9650B9EFC51ACF7C156FD8A564763877.jpg,,/product/queijo-curado-amanteigado/2895064000000
25571,Queijo Meio Gordo,2895122000000,11553,11549,Vendido ao peso a partir de 250 g,Queijaria das Pousadas,,"11,99€/Kg","3,00€",https://cdn.intermarche.pt/pt/Content/images/boitmal/produit/zoom/A713CAD12AD522E0FF113F2036DAAAE9.jpg,,/product/queijo-meio-gordo/2895122000000
7171,Queijo Ovelha Curado,2895241000000,11553,11549,Vendido ao peso a partir de 250 g,PorSi,,"16,99€/Kg","4,25€",https://cdn.intermarche.pt/pt/Content/images/boitmal/produit/zoom/E016596BDB3A7591BDF4F1DA4C95838D.jpg,,/product/queijo-ovelha-curado/2895241000000
8495,Queijo curado apimentado,5601098047004,11553,11549,Embalagem de 550g,Paiva,,"12,71€/Kg","6,99€",https://cdn.intermarche.pt/pt/Content/images/boitmal/produit/zoom/200242543934F6D66D6090C45630AD58.jpg,,/product/queijo-curado-apimentado/5601098047004
10836,Queijo de Cabra Curado Rústico,2895185000000,11553,11549,Vendido ao peso a partir de 250 gr,Palhais,,"22,99€/Kg","5,75€",https://cdn.intermarche.pt/pt/Content/images/boitmal/produit/zoom/2FE8D9335592B8FABDF28D8B9C7420DF.jpg,,/product/queijo-de-cabra-curado-rustico/2895185000000
51908,"Queijo fundido light, 125g",3073781193169,11554,11549,,A Vaca Que Ri,,"15,92€/Kg","1,99€",https://cdn.intermarche.pt/pt/Content/images/boitmal/produit/zoom/2657CD03C8EFB54F4294DBB2443B5D1B.jpg,,/product/queijo-fundido-light-125g/3073781193169
7240,Queijo mini,3073780902366,11554,11549,Embalagem de 6x20 g ,Babybel,,"19,92€/Kg","2,39€",https://cdn.intermarche.pt/pt/Content/images/boitmal/produit/zoom/C2AEB33307B3FB83CB9A7C96FA47EBE6.jpg,,/product/queijo-mini/3073780902366
16672,Queijinhos mini,3073780971751,11554,11549,Embalagem de 240g,Babybel,,"19,13€/Kg","4,59€",https://cdn.intermarche.pt/pt/Content/images/boitmal/produit/zoom/36A7A75E4C6D39C6D9D9BD91D6CD7958.jpg,,/product/queijinhos-mini/3073780971751
51066,"Queijo fundido light, 250g",5604260324316,11554,11549,,PorSi Viva Bem,,"8,76€/Kg","2,19€",https://cdn.intermarche.pt/pt/Content/images/boitmal/produit/zoom/BE38D07AE63C2138CC3C506896523F12.jpg,,/product/queijo-fundido-light-250g/5604260324316
51913,"Queijo fundido light, 250g",3073781193190,11554,11549,,A Vaca Que Ri,,"13,16€/Kg","3,29€",https://cdn.intermarche.pt/pt/Content/images/boitmal/produit/zoom/0AF115DC9B4C36E3FF67E44C80A86F7A.jpg,,/product/queijo-fundido-light-250g/3073781193190
7244,Queijo em palitos,3073781050196,11554,11549,Embalagem de 140g,A Vaca Que Ri,,"17,79€/Kg","2,49€",https://cdn.intermarche.pt/pt/Content/images/boitmal/produit/zoom/D85AB49CD10B93D1670A1C9148A74D22.jpg,,/product/queijo-em-palitos/3073781050196
36552,Queijo mini light,3073780897358,11554,11549,Embalagem de 12 x 20 g,Babybel,,"19,13€/Kg","4,59€",https://cdn.intermarche.pt/pt/Content/images/boitmal/produit/zoom/F3A7D257D75E911FE904FE5213D4AF12.jpg,,/product/queijo-mini-light/3073780897358
7241,"Queijo light, mini",3073780902441,11554,11549,Embalagem de 120g,Babybel,,"20,67€/Kg","2,48€",https://cdn.intermarche.pt/pt/Content/images/boitmal/produit/zoom/0AA8A610862F0A5133BDCC7393F67A54.jpg,,/product/queijo-light-mini/3073780902441
43644,Queijo P'tits Fondants 8 Porções,5604260307722,11554,11549,Embalagem de 140 g,PorSi,,"7,07€/Kg","0,99€",https://cdn.intermarche.pt/pt/Content/images/boitmal/produit/zoom/4D2C2D7042FBF856D27ECBE73633B3DC.jpg,,/product/queijo-p'tits-fondants-8-porcoes/5604260307722
31141,Queijo fundido vaca que ri palitos light 140g,3073781094930,11554,11549,Embalagem de 140g,A Vaca Que Ri,,"17,79€/Kg","2,49€",https://cdn.intermarche.pt/pt/Content/images/boitmal/produit/zoom/4BFD7554CB8C51365C2135BFB8F8E399.jpg,,/product/queijo-fundido-vaca-que-ri-palitos-light-140g/3073781094930
51912,"Queijo fundido, 125g",3073781193060,11554,11549,,A Vaca Que Ri,,"15,92€/Kg","1,99€",https://cdn.intermarche.pt/pt/Content/images/boitmal/produit/zoom/52EED388D17247E1C298DD87B42A4B0B.jpg,,/product/queijo-fundido-125g/3073781193060
45427,Queijo fundido palitos,3073781083811,11554,11549,Embalagem de 35g,A Vaca Que Ri,,"22,57€/Kg","0,79€",https://cdn.intermarche.pt/pt/Content/images/boitmal/produit/zoom/4CDA1F4D62115AA8E0D5061A62EDFC22.jpg,,/product/queijo-fundido-palitos/3073781083811
52049,"Queijo fundido, 250g",3073781193091,11554,11549,,A Vaca Que Ri,,"13,16€/Kg","3,29€",https://cdn.intermarche.pt/pt/Content/images/boitmal/produit/zoom/22695527D16149CC2BB35EE9F91D7781.jpg,,/product/queijo-fundido-250g/3073781193091
42840,Queijo snack gouda,5604260307852,11554,11549,Embalagem de 100g,PorSi,,"21,90€/Kg","2,19€",https://cdn.intermarche.pt/pt/Content/images/boitmal/produit/zoom/A7FFCA007E7147C0C3A43B44427AADBA.jpg,,/product/queijo-snack-gouda/5604260307852
8323,Queijo fundido surpresa,5601030007028,11554,11549,Embalagem de 80 g,Eru,,"21,88€/Kg","1,75€",https://cdn.intermarche.pt/pt/Content/images/boitmal/produit/zoom/EBFBF83EE1F7EF39581C507C08B59104.jpg,,/product/queijo-fundido-surpresa/5601030007028
33383,Queijo fresco meio gordo,5604260282500,11555,11549,80 g,PorSi,,"0,54€/Unidade","0,54€",https://cdn.intermarche.pt/pt/Content/images/boitmal/produit/zoom/CE898506FAE4F0C4F57E45D4A491C921.jpg,,/product/queijo-fresco-meio-gordo/5604260282500
46731,Queijo mozzarella,5604260318636,11555,11549,Embalagem 125G,PorSi,,"7,92€/Kg","0,99€",https://cdn.intermarche.pt/pt/Content/images/boitmal/produit/zoom/0368AB398C29415851DC4D24B2A25D21.jpg,,/product/queijo-mozzarella/5604260318636
36708,Queijo fresco clássico,5604260296767,11555,11549,Embalagem de 4 x 62.5 g,PorSi,,"7,96€/Kg","1,99€",https://cdn.intermarche.pt/pt/Content/images/boitmal/produit/zoom/501283D1641A27CD2A252EEB33B7589C.jpg,,/product/queijo-fresco-classico/5604260296767
42181,Queijo Feta Grego,5604260304875,11555,11549,Embalagem de 200 g,PorSi Select,,"11,95€/Kg","2,39€",https://cdn.intermarche.pt/pt/Content/images/boitmal/produit/zoom/2162DD6951C1B71566103373F2366F22.jpg,,/product/queijo-feta-grego/5604260304875
46598,Queijo fresco meio gordo,5604260314218,11555,11549,200 g,PorSi,,"5,75€/Kg","1,15€",https://cdn.intermarche.pt/pt/Content/images/boitmal/produit/zoom/A714A58F33688FBFC58C420F301BF501.jpg,,/product/queijo-fresco-meio-gordo/5604260314218
46839,Queijo mozzarella mini bolas,5604260318643,11555,11549,Embalagem 125G,PorSi,,"13,52€/Kg","1,69€",https://cdn.intermarche.pt/pt/Content/images/boitmal/produit/zoom/08694AB6BC0EB45B2431AC5E6BEAE9D2.jpg,,/product/queijo-mozzarella-mini-bolas/5604260318643
9989,Queijo mozzarella fresca,8000430133035,11555,11549,Embalagem de 125 g,Galbani,,"14,32€/Kg","1,79€",https://cdn.intermarche.pt/pt/Content/images/boitmal/produit/zoom/605C9FB94611B32191667C7EDC36EC8E.jpg,,/product/queijo-mozzarella-fresca/8000430133035
37633,Queijo fresco sem lactose,5604260301010,11274,10118,Embalagem de 2 x 62.5 g,PorSi Viva Bem,,"10,69€/Kg","1,39€",https://cdn.intermarche.pt/pt/Content/images/boitmal/produit/zoom/4252FCB6E53C7C78182709B5BBFC1A58.jpg,,/product/queijo-fresco-sem-lactose/5604260301010
42573,Requeijão de ovelha,5604260280537,11555,11549,Embalagem de 250g,PorSi,,"7,56€/Kg","1,89€",https://cdn.intermarche.pt/pt/Content/images/boitmal/produit/zoom/9FB2C52B2C61BAF07F126C56BC4154BC.jpg,,/product/requeijao-de-ovelha/5604260280537
47801,Requeijão de vaca,5604260322169,11555,11549,Embalagem de 200 g,PorSi,,"4,95€/Kg","0,99€",https://cdn.intermarche.pt/pt/Content/images/boitmal/produit/zoom/6D2861511B52FA5024B5200AEE3E2B28.jpg,,/product/requeijao-de-vaca/5604260322169
36709,Queijo fresco ligth,5604260296750,11555,11549,Embalagem de 4 x 62.5 g,PorSi,,"7,96€/Kg","1,99€",https://cdn.intermarche.pt/pt/Content/images/boitmal/produit/zoom/016DDE500AE133B937F52004E46C0F36.jpg,,/product/queijo-fresco-ligth/5604260296750
10943,Queijo mascarpone,3250390679653,11555,11549,Embalagem 250G,Páturages,,"6,76€/Kg","1,69€",https://cdn.intermarche.pt/pt/Content/images/boitmal/produit/zoom/07FB819C71F3A111A352B67FF8897142.jpg,,/product/queijo-mascarpone/3250390679653
25383,Queijo fresco de cabra,5602384000703,11555,11549,Embalagem de 130g,Santiago,,"13,00€/Kg","1,69€",https://cdn.intermarche.pt/pt/Content/images/boitmal/produit/zoom/81F38C6E800B5B5CBD7E5AD456E8539B.jpg,,/product/queijo-fresco-de-cabra/5602384000703
35284,Queijo cottage corpos danone,5601050035346,11555,11549,Embalagem de 180 g,Danone,,"9,94€/Kg","1,79€",https://cdn.intermarche.pt/pt/Content/images/boitmal/produit/zoom/D284C07250CA9411851DD5F436E10AA0.jpg,,/product/queijo-cottage-corpos-danone/5601050035346
46599,Queijo fresco magro,5604260314201,11555,11549,200 g,PorSi,,"5,80€/Kg","1,16€",https://cdn.intermarche.pt/pt/Content/images/boitmal/produit/zoom/CCBD356EAFB777833FD9F3530DEAAA5B.jpg,,/product/queijo-fresco-magro/5604260314201
11873,"Queijo fresco original, 1 unidade de 200 g",5602384000024,11555,11549,Embalagem de 200g,Santiago,,"7,95€/Kg","1,59€",https://cdn.intermarche.pt/pt/Content/images/boitmal/produit/zoom/D950BDA922245A458B818D0073FA67DF.jpg,,/product/queijo-fresco-original-1-unidade-de-200-g/5602384000024
30047,Queijo quark,5602384002172,11555,11549,Embalagem de 200g,Santiago,,"6,95€/Kg","1,39€",https://cdn.intermarche.pt/pt/Content/images/boitmal/produit/zoom/385AA86B61C66F705582508F7B5E2649.jpg,,/product/queijo-quark/5602384002172
11872,Queijo fresco,5602384000017,11555,11549,Embalagem de 80g,Santiago,,"8,63€/Kg","0,69€",https://cdn.intermarche.pt/pt/Content/images/boitmal/produit/zoom/E7EA3490E0BA2E89A499BB50F8F8DE43.jpg,,/product/queijo-fresco/5602384000017
46717,Queijo fresco cabra,5604260314225,11555,11549,Embalagem de 130g,PorSi,,"11,46€/Kg","1,49€",https://cdn.intermarche.pt/pt/Content/images/boitmal/produit/zoom/F92846449E943EEFC8B9DC5555B12D20.jpg,,/product/queijo-fresco-cabra/5604260314225
53234,"Queijo Fresco Proteína, 215g",5603722522963,11555,11549,,Matinal,,"11,58€/Kg","2,49€",https://cdn.intermarche.pt/pt/Content/images/boitmal/produit/zoom/9912C016802A3BBD03C8EA17AE2A4CDF.jpg,,/product/queijo-fresco-proteina-215g/5603722522963
47803,Requeijão ovelha e cabra,5604260322183,11555,11549,Embalagem de 200 g,PorSi,,"7,95€/Kg","1,59€",https://cdn.intermarche.pt/pt/Content/images/boitmal/produit/zoom/6C47A5ABA5840258A54167A39CD9C9BA.jpg,,/product/requeijao-ovelha-e-cabra/5604260322183
52564,Queijo Fresco Cabra,5604260330126,11555,11549,Embalagem de 2 x 62.5 g,PorSi,,"15,92€/Kg","1,99€",https://cdn.intermarche.pt/pt/Content/images/boitmal/produit/zoom/BA224976ADF4DE2B8B2F17F836BF1319.jpg,,/product/queijo-fresco-cabra/5604260330126
11874,Queijo fresco magro,5602384000123,11555,11549,Embalagem de 70g,Santiago,,"9,86€/Kg","0,69€",https://cdn.intermarche.pt/pt/Content/images/boitmal/produit/zoom/C157D4E6882C61DC18E085392160FED9.jpg,,/product/queijo-fresco-magro/5602384000123
11875,Queijo fresco de ovelha,5602384000505,11555,11549,Embalagem de 70g,Santiago,,"14,14€/Kg","0,99€",https://cdn.intermarche.pt/pt/Content/images/boitmal/produit/zoom/91A0276762B46706C53BF8B6B7A1F130.jpg,,/product/queijo-fresco-de-ovelha/5602384000505
33382,Queijo fresco magro,5604260282517,11555,11549,80 g,PorSi,,"0,54€/Unidade","0,54€",https://cdn.intermarche.pt/pt/Content/images/boitmal/produit/zoom/C069B8FD6B91BEB7211055A522DACF1F.jpg,,/product/queijo-fresco-magro/5604260282517
36710,"Queijo fresco sem sal, 4 x 62.5 g",5604260296743,11555,11549,,PorSi,,"7,96€/Kg","1,99€",https://cdn.intermarche.pt/pt/Content/images/boitmal/produit/zoom/BC97CB98C60FDD9901A75BBAC25561E5.jpg,,/product/queijo-fresco-sem-sal-4-x-62.5-g/5604260296743
18132,"Queijo Fondue, 400g",3250390492900,11555,11549,,Páturages,,"11,23€/Kg","4,49€",https://cdn.intermarche.pt/pt/Content/images/boitmal/produit/zoom/E9814BD63B7A54E7F6462B407BEA74ED.jpg,,/product/queijo-fondue-400g/3250390492900
24649,"Queijo fresco magro, 200g",5602384000130,11555,11549,,Santiago,,"7,50€/Kg","1,50€",https://cdn.intermarche.pt/pt/Content/images/boitmal/produit/zoom/B0E79E7769575FC2943BC4790B607F01.jpg,,/product/queijo-fresco-magro-200g/5602384000130
49990,"Queijo Fresco Cottage Magro, 180g",5603722520785,11555,11549,,Matinal,,"11,00€/Kg","1,98€",https://cdn.intermarche.pt/pt/Content/images/boitmal/produit/zoom/6347351EF12999888BF6F01754206073.jpg,,/product/queijo-fresco-cottage-magro-180g/5603722520785
17242,Ricotta,3250391334667,11555,11549,Uma unidade,Páturages,,"8,20€/Kg","1,64€",https://cdn.intermarche.pt/pt/Content/images/boitmal/produit/zoom/3D741FF0799AB3422F00F75640F2F05F.jpg,,/product/ricotta/3250391334667
41437,Chouriço de porco preto,5604260305773,11560,11550,Embalagem de 170 g,PorSi Select,,"15,24€/Kg","2,59€",https://cdn.intermarche.pt/pt/Content/images/boitmal/produit/zoom/16DF7BA5B7924A228EE0C45A34B3B2B7.jpg,,/product/chourico-de-porco-preto/5604260305773
3551,Chourição,2894314000000,11560,11550,"Vendido ao peso, fatiado a partir de 100 gr",PorSi,,"9,99€/Kg","1,00€",https://cdn.intermarche.pt/pt/Content/images/boitmal/produit/zoom/601A8E9FBA864702708B78B835491B8B.jpg,,/product/chouricao/2894314000000
14235,Chourico vinho das beiras,5604260274352,11560,11550,Embalagem de 280g,PorSi,,"16,04€/Kg","4,49€",https://cdn.intermarche.pt/pt/Content/images/boitmal/produit/zoom/133E60D7C55199AE3A2A7571F92625D7.jpg,,/product/chourico-vinho-das-beiras/5604260274352
15374,Chourico carne das beiras,5604260274369,11560,11550,Embalagem de 290g,PorSi,,"10,31€/Kg","2,99€",https://cdn.intermarche.pt/pt/Content/images/boitmal/produit/zoom/46B35ACCB67804D9827108165F23AB5F.jpg,,/product/chourico-carne-das-beiras/5604260274369
5788,Chouriço corrente,5604260033447,11560,11550,Embalagem de 200 g,PorSi,,"6,75€/Kg","1,35€",https://cdn.intermarche.pt/pt/Content/images/boitmal/produit/zoom/6D1F24C972CEA3CB10523A1E14CFE37E.jpg,2024-10-04T22:59:59.999Z,/product/chourico-corrente/5604260033447
43374,Morcela assar fundao,5604260307166,11560,11550,Embalagem de 250g,PorSi,,"10,36€/Kg","2,59€",https://cdn.intermarche.pt/pt/Content/images/boitmal/produit/zoom/5B948CF368C9F6C3F111EEDBD8629DAF.jpg,,/product/morcela-assar-fundao/5604260307166
42777,Farinheira do fundão,5604260307159,11560,11550,Embalagem de 250g,PorSi,,"9,96€/Kg","2,49€",https://cdn.intermarche.pt/pt/Content/images/boitmal/produit/zoom/E2584A437DEFA9EC6F869D8BD4A89D5B.jpg,,/product/farinheira-do-fundao/5604260307159
15178,Farinheira das beiras,5604260274338,11560,11550,Embalagem de 260G,PorSi,,"7,65€/Kg","1,99€",https://cdn.intermarche.pt/pt/Content/images/boitmal/produit/zoom/3709BE2662A3ADF1E09832458884ECF9.jpg,,/product/farinheira-das-beiras/5604260274338
15277,"Chourico picante beiras, 290g",5604260276059,11560,11550,,PorSi,,"16,86€/Kg","4,89€",https://cdn.intermarche.pt/pt/Content/images/boitmal/produit/zoom/9A95415657D9441FAE7B230F98460ADE.jpg,,/product/chourico-picante-beiras-290g/5604260276059
18351,Salsichão fat,8410320029971,11560,11550,Embalagem de 80g,Campofrio,,"19,88€/Kg","1,59€",https://cdn.intermarche.pt/pt/Content/images/boitmal/produit/zoom/522F54407A09BACA8592684E0563A486.jpg,2024-09-25T22:59:59.999Z,/product/salsichao-fat/8410320029971
15373,Chouriço cebola beiras,5604260274345,11560,11550,Embalagem de 300g,PorSi,,"13,30€/Kg","3,99€",https://cdn.intermarche.pt/pt/Content/images/boitmal/produit/zoom/8489B6FBB52DE58FA16643247B8CF493.jpg,,/product/chourico-cebola-beiras/5604260274345
41870,Farinheira do Ribatejo,5604260306640,11560,11550,Embalagem de 180g,PorSi,,"16,61€/Kg","2,99€",https://cdn.intermarche.pt/pt/Content/images/boitmal/produit/zoom/75EDA9BC485D4E6E7C599B526F0AC075.jpg,,/product/farinheira-do-ribatejo/5604260306640
41123,Chouriço Extra do Ribatejo,5604260306626,11560,11550,200 g,PorSi,,"19,95€/Kg","3,99€",https://cdn.intermarche.pt/pt/Content/images/boitmal/produit/zoom/B3337265D64FBB76BDBD22958D4C2A1C.jpg,,/product/chourico-extra-do-ribatejo/5604260306626
7071,Paiola de Sousel,2894302000000,11560,11550,Vendido ao peso a partir de 250 g,PorSi,,"19,99€/Kg","5,00€",https://cdn.intermarche.pt/pt/Content/images/boitmal/produit/zoom/502C2FE42BE95C27A4276F02CC507E3D.jpg,,/product/paiola-de-sousel/2894302000000
41869,Chouriço negro ribatejo,5604260306633,11560,11550,Embalagem de 200g,PorSi,,"17,45€/Kg","3,49€",https://cdn.intermarche.pt/pt/Content/images/boitmal/produit/zoom/1D203519CE131ECD2EE05F63035297BA.jpg,,/product/chourico-negro-ribatejo/5604260306633
48216,Salpicão Regional do Paiva,2894700000000,11560,11550,Vendido ao peso,Terras do Demo,,"25,99€/Kg","7,80€",https://cdn.intermarche.pt/pt/Content/images/boitmal/produit/zoom/3C6AE46D141B1A53425A1DA282AA67DA.jpg,,/product/salpicao-regional-do-paiva/2894700000000
31932,Chouriço transmontano damatta 225 g,5602348094342,11560,11550,Embalagem de 230g,Damatta,,"16,48€/Kg","3,79€",https://cdn.intermarche.pt/pt/Content/images/boitmal/produit/zoom/CBE417AA7F51A73640066AA550558F59.jpg,2024-10-02T22:59:59.999Z,/product/chourico-transmontano-damatta-225-g/5602348094342
41871,Painho do Ribatejo,5604260306657,11560,11550,200 g,PorSi,,"27,45€/Kg","5,49€",https://cdn.intermarche.pt/pt/Content/images/boitmal/produit/zoom/017792EEFE2D20185891EAA469391D29.jpg,,/product/painho-do-ribatejo/5604260306657
51571,Salpicão da beira baixa,5604260327812,11560,11550,Embalagem de 390g,PorSi,,"15,36€/Kg","5,99€",https://cdn.intermarche.pt/pt/Content/images/boitmal/produit/zoom/C8CBB473A03106B33CCE131E501CF9F9.jpg,,/product/salpicao-da-beira-baixa/5604260327812
15372,Paio das beiras,5604260274321,11560,11550,Embalagem de 380g,PorSi,,"19,45€/Kg","7,39€",https://cdn.intermarche.pt/pt/Content/images/boitmal/produit/zoom/0E67A2AD7CC79B7270C86FA4EEF73065.jpg,,/product/paio-das-beiras/5604260274321
41868,"Chouriço Extra Vinho Ribatejo, 200g",5604260306619,11560,11550,,PorSi,,"19,95€/Kg","3,99€",https://cdn.intermarche.pt/pt/Content/images/boitmal/produit/zoom/FF7F83556A1C2BD308A900B739DC7952.jpg,,/product/chourico-extra-vinho-ribatejo-200g/5604260306619
7069,Painho de Sousel,2894294000000,11560,11550,"Vendido ao peso, fatiado a partir de 100 gr",PorSi,,"16,99€/Kg","1,70€",https://cdn.intermarche.pt/pt/Content/images/boitmal/produit/zoom/8D16829C28740B80D79821C54DE1C2D7.jpg,,/product/painho-de-sousel/2894294000000
14893,Paio do Lombo,2894281000000,11560,11550,"Vendido ao peso, a partir de 100g",PorSi,,"11,99€/Kg","2,40€",https://cdn.intermarche.pt/pt/Content/images/boitmal/produit/zoom/B9DCE3B4C07DE545114CE271F7762F63.jpg,,/product/paio-do-lombo/2894281000000
18778,Alheira de mirandela,5604260274963,11560,11550,Embalagem de 200 g,PorSi Select,,"7,45€/Kg","1,49€",https://cdn.intermarche.pt/pt/Content/images/boitmal/produit/zoom/86249D8CF2E191833513126A977B2787.jpg,,/product/alheira-de-mirandela/5604260274963
41379,Fuet extra,5604260306299,11560,11550,170 g,PorSi,,"12,88€/Kg","2,19€",https://cdn.intermarche.pt/pt/Content/images/boitmal/produit/zoom/E72FBE14A87755C6B100EA1587C2FA99.jpg,,/product/fuet-extra/5604260306299
52574,"Chouriço Extra Longo Ribatejo, 320 g",5604260329441,11560,11550,,PorSi,,"17,16€/Kg","5,49€",https://cdn.intermarche.pt/pt/Content/images/boitmal/produit/zoom/C0D45E28B031F29A65F80C4CCD030444.jpg,,/product/chourico-extra-longo-ribatejo-320-g/5604260329441
5924,Chouriço corrente,5604260255719,11560,11550,Embalagem de 1kg,PorSi,,"5,29€/Kg","5,29€",https://cdn.intermarche.pt/pt/Content/images/boitmal/produit/zoom/1A395BFDDDEC712AFC7A14B067630C01.jpg,,/product/chourico-corrente/5604260255719
9392,"Linguíca, 4 unidades",5604260034147,11560,11550,Embalagem de 180 g,PorSi,,"7,17€/Kg","1,29€",https://cdn.intermarche.pt/pt/Content/images/boitmal/produit/zoom/13B9E5810DBA62A243CC4BD740114E34.jpg,,/product/linguica-4-unidades/5604260034147
9389,Chouriço de carne extra de porco,5604260033454,11560,11550,Embalagem de 240 g,PorSi,,"7,46€/Kg","1,79€",https://cdn.intermarche.pt/pt/Content/images/boitmal/produit/zoom/5BA7F7DA0ECB32AD1F163B880A8C60B2.jpg,,/product/chourico-de-carne-extra-de-porco/5604260033454
17667,Chourição,2894441000000,11560,11550,1 un = 100 gr (aprox.),Salsicharia Limiana,,"6,99€/Kg","0,70€",https://cdn.intermarche.pt/pt/Content/images/boitmal/produit/zoom/5CBAE8286CA636C8895C6C56B7142118.jpg,,/product/chouricao/2894441000000
30170,Alheira Especial de Trás-Os-Montes,5604260274956,11560,11550,200 g,PorSi,,"6,95€/Kg","1,39€",https://cdn.intermarche.pt/pt/Content/images/boitmal/produit/zoom/19929337FCFE5B600DFE0ACDB988D2AA.jpg,,/product/alheira-especial-de-tras-os-montes/5604260274956
21485,Paio do Lombo,2894336000000,11560,11550,"Vendido ao peso, fatiado a partir de 100 gr",Salsicharia Limiana,,"14,99€/Kg","1,50€",https://cdn.intermarche.pt/pt/Content/images/boitmal/produit/zoom/EC7C10B9E19F3C38DFA5992B34951E1C.jpg,,/product/paio-do-lombo/2894336000000
50933,"Alheira de Aves de Trás-Os-Montes, 200 g",5604260325764,11560,11550,,PorSi,,"6,95€/Kg","1,39€",https://cdn.intermarche.pt/pt/Content/images/boitmal/produit/zoom/D9BDEA9DF314A0B630BE73D5F5149EB2.jpg,,/product/alheira-de-aves-de-tras-os-montes-200-g/5604260325764
33319,Chouriço Nobreza,2894722000000,11560,11550,Vendido ao peso,Elpozo,,"21,99€/Kg","3,30€",https://cdn.intermarche.pt/pt/Content/images/boitmal/produit/zoom/8A3774809D37CC1BBB9D8722A760DF89.jpg,,/product/chourico-nobreza/2894722000000
43749,Salpicão de Ponte de Lima,5604260311293,11560,11550,270 g,PorSi,,"14,78€/Kg","3,99€",https://cdn.intermarche.pt/pt/Content/images/boitmal/produit/zoom/C0124910CEED7B8CFB47705A493639B7.jpg,,/product/salpicao-de-ponte-de-lima/5604260311293
33520,Chouriço corrente,2894499000000,11560,11550,Vendido ao peso,Primor,,"6,49€/Kg","3,25€",https://cdn.intermarche.pt/pt/Content/images/boitmal/produit/zoom/392C6D1906DA775C80BE2E650A29BB9B.jpg,,/product/chourico-corrente/2894499000000
20418,Moira,5605466202644,11560,11550,Embalagem de 180 g,Prisca,,"13,28€/Kg","2,39€",https://cdn.intermarche.pt/pt/Content/images/boitmal/produit/zoom/29F75353B56DC0DFDA686E47FA6B60EC.jpg,,/product/moira/5605466202644
33202,Salsichão fino de porco ibérico 180g,5601998100076,11560,11550,Embalagem de 180g,Casa do Porco Preto,,"33,28€/Kg","5,99€",https://cdn.intermarche.pt/pt/Content/images/boitmal/produit/zoom/E70172D63C46E1B82A17E8D5471FF52F.jpg,,/product/salsichao-fino-de-porco-iberico-180g/5601998100076
9681,Chouriço mouro fundão,5604260270194,11560,11550,Embalagem de 250g,PorSi,,"11,28€/Kg","2,82€",https://cdn.intermarche.pt/pt/Content/images/boitmal/produit/zoom/FDE53FE7EBEA498C807D9E3C80B1CD88.jpg,,/product/chourico-mouro-fundao/5604260270194
20432,Linguiça de porco ibérico,5601998100083,11560,11550,Embalagem de 180g,Casa do Porco Preto,,"27,72€/Kg","4,99€",https://cdn.intermarche.pt/pt/Content/images/boitmal/produit/zoom/EB84CA6A520A0EBFFC6E85D3DC17AAEA.jpg,,/product/linguica-de-porco-iberico/5601998100083
23202,Peito de peru,2894713000000,11558,11550,"Vendido ao peso, fatiado",Salsicharia Limiana,,"12,99€/Kg","1,30€",https://cdn.intermarche.pt/pt/Content/images/boitmal/produit/zoom/29F9EE7AF84F23C81385C37BBE8ABCC4.jpg,,/product/peito-de-peru/2894713000000
3527,Peito de frango,2894037000000,11558,11550,"Vendido ao peso, fatiado a partir de 150 g",PorSi,,"10,99€/Kg","1,65€",https://cdn.intermarche.pt/pt/Content/images/boitmal/produit/zoom/829366D42F07A2DCE469F3439A7ABF57.jpg,,/product/peito-de-frango/2894037000000
42171,Peito peru fatias finas,5604260306312,11558,11550,Embalagem de 150g,PorSi,,"13,27€/Kg","1,99€",https://cdn.intermarche.pt/pt/Content/images/boitmal/produit/zoom/4745120C076A71957E43E5924195D471.jpg,,/product/peito-peru-fatias-finas/5604260306312
8537,Peito frango forno lenha  fatias clássicas,5601119957206,11558,11550,Embalagem de 120g,Campofrio,,"24,08€/Kg","2,89€",https://cdn.intermarche.pt/pt/Content/images/boitmal/produit/zoom/316713CBE56425C1457B9A3672568B05.jpg,,/product/peito-frango-forno-lenha-fatias-classicas/5601119957206
38258,Peito de peru fatias finas baixo teor de gordura,5604260299690,11558,11550,Embalagem de 200 g,PorSi Viva Bem,,"14,95€/Kg","2,99€",https://cdn.intermarche.pt/pt/Content/images/boitmal/produit/zoom/CD58FB02E1BBB9562CEFBD580D01B466.jpg,,/product/peito-de-peru-fatias-finas-baixo-teor-de-gordura/5604260299690
41818,Peito de peru fatiado,5604260306336,11558,11550,Embalagem de 200g,PorSi,,"11,45€/Kg","2,29€",https://cdn.intermarche.pt/pt/Content/images/boitmal/produit/zoom/1D27B9B577574FB70E19594E4FA31CE1.jpg,,/product/peito-de-peru-fatiado/5604260306336
44740,Peito de frango forno de lenha fatias finas,5601119354272,11558,11550,Embalagem de 220g,Campofrio,,"18,14€/Kg","3,99€",https://cdn.intermarche.pt/pt/Content/images/boitmal/produit/zoom/47087F1AA00C3F49E12993217E569C42.jpg,,/product/peito-de-frango-forno-de-lenha-fatias-finas/5601119354272
49465,Fiambre de Peru Fatias Finas,5601119370456,11558,11550,económico de 140g,Nobre,,"14,93€/Kg","2,09€",https://cdn.intermarche.pt/pt/Content/images/boitmal/produit/zoom/2C10B6C72DA6E9A5F7CF9395D9048213.jpg,,/product/fiambre-de-peru-fatias-finas/5601119370456
41817,Peito de frango fatiado,5604260306350,11558,11550,Embalagem de 200g,PorSi,,"11,45€/Kg","2,29€",https://cdn.intermarche.pt/pt/Content/images/boitmal/produit/zoom/2F93BB0342698AC7929A6BF7942DCEC0.jpg,,/product/peito-de-frango-fatiado/5604260306350
7041,Peito de peru,2894066000000,11558,11550,"Vendido ao peso, fatiado a partir de 150 g",PorSi,,"9,99€/Kg","1,50€",https://cdn.intermarche.pt/pt/Content/images/boitmal/produit/zoom/50DFCFCFD4FECF73D2341052259F321A.jpg,,/product/peito-de-peru/2894066000000
42169,Peito frango fatias finas,5604260306343,11558,11550,Embalagem de 150g,PorSi,,"13,27€/Kg","1,99€",https://cdn.intermarche.pt/pt/Content/images/boitmal/produit/zoom/C3628942B1B2340AA70445D124D8568B.jpg,,/product/peito-frango-fatias-finas/5604260306343
7043,Peito de peru forno lenha,2894074000000,11558,11550,1 un = 150 gr (aprox.),Campofrio,,"17,99€/Kg","2,70€",https://cdn.intermarche.pt/pt/Content/images/boitmal/produit/zoom/EF3CEFEECAD2391EED6F65839052F87D.jpg,,/product/peito-de-peru-forno-lenha/2894074000000
8534,Peito peru forno lenha  fatias clássicas,5601119957183,11558,11550,Embalagem de 120g,Campofrio,,"24,08€/Kg","2,89€",https://cdn.intermarche.pt/pt/Content/images/boitmal/produit/zoom/963799DA88555602C0BE8ACB0150C34E.jpg,,/product/peito-peru-forno-lenha-fatias-classicas/5601119957183
8538,Peito frango forno lenha fatias finas,5601119957213,11558,11550,Embalagem de 120g,Campofrio,,"24,58€/Kg","2,95€",https://cdn.intermarche.pt/pt/Content/images/boitmal/produit/zoom/A07912C7AB7FD404926F35358863642D.jpg,,/product/peito-frango-forno-lenha-fatias-finas/5601119957213
8535,Peito peru forno lenha fatias finas,5601119957190,11558,11550,Embalagem de 120g,Campofrio,,"24,58€/Kg","2,95€",https://cdn.intermarche.pt/pt/Content/images/boitmal/produit/zoom/3F7CA3E554D26446A53C31E60BAEBF76.jpg,,/product/peito-peru-forno-lenha-fatias-finas/5601119957190
17419,Peito de frango fatias finas,5601119243781,11558,11550,Embalagem de 110g,Nobre,,"27,18€/Kg","2,99€",https://cdn.intermarche.pt/pt/Content/images/boitmal/produit/zoom/4072E19884EA23783C2756624F40B76A.jpg,,/product/peito-de-frango-fatias-finas/5601119243781
25238,Peito de peru extra original fatias finas,5601119276185,11558,11550,Embalagem de 110g,Nobre,,"27,18€/Kg","2,99€",https://cdn.intermarche.pt/pt/Content/images/boitmal/produit/zoom/0162B0C206E91F840D83379F80C760DF.jpg,,/product/peito-de-peru-extra-original-fatias-finas/5601119276185
49466,Fiambre de Frango Fatias Finas,5601119370463,11558,11550,económico de 140g,Nobre,,"14,93€/Kg","2,09€",https://cdn.intermarche.pt/pt/Content/images/boitmal/produit/zoom/7EB1E4E09F396B97F534896C7528268C.jpg,,/product/fiambre-de-frango-fatias-finas/5601119370463
7050,Peito frango forno de lenha,2894090000000,11558,11550,1 un = 150 gr (aprox.),Campofrio,,"17,99€/Kg","2,70€",https://cdn.intermarche.pt/pt/Content/images/boitmal/produit/zoom/6772968344189119743079B1997DCA88.jpg,,/product/peito-frango-forno-de-lenha/2894090000000
23286,Peito de frango forno a lenha,2894688000000,11558,11550,"Vendido ao peso, fatiado a partir de 100 gr",Primor,,"14,99€/Kg","1,50€",https://cdn.intermarche.pt/pt/Content/images/boitmal/produit/zoom/BECE4C8D9195451607BB82C721DC485B.jpg,,/product/peito-de-frango-forno-a-lenha/2894688000000
5163,Peito de peru fatias finas,5601119225459,11558,11550,Embalagem de 110g,Nobre,,"27,18€/Kg","2,99€",https://cdn.intermarche.pt/pt/Content/images/boitmal/produit/zoom/BF716188DB8C31D6F1ED667C2A8EA2C9.jpg,,/product/peito-de-peru-fatias-finas/5601119225459
14258,Peito peru fumado fatias finas cuida-te +,5601119225466,11558,11550,Embalagem de 110g,Nobre,,"27,18€/Kg","2,99€",https://cdn.intermarche.pt/pt/Content/images/boitmal/produit/zoom/15846501D5E00A09FB0225E9CAA68997.jpg,,/product/peito-peru-fumado-fatias-finas-cuida-te-+/5601119225466
44739,Peito de peru fatias finas forno de lenha,5601119354289,11558,11550,Embalagem de 220g,Campofrio,,"18,14€/Kg","3,99€",https://cdn.intermarche.pt/pt/Content/images/boitmal/produit/zoom/C7C4FDCE98CB96914BB764FD818178A1.jpg,,/product/peito-de-peru-fatias-finas-forno-de-lenha/5601119354289
38257,Peito de frango fatias finas baixo teor de gordura,5604260299706,11558,11550,Embalagem de 200 g,PorSi Viva Bem,,"14,95€/Kg","2,99€",https://cdn.intermarche.pt/pt/Content/images/boitmal/produit/zoom/342A8D5859472AC35E77DFD2BD334395.jpg,,/product/peito-de-frango-fatias-finas-baixo-teor-de-gordura/5604260299706
3526,Fiambre da Perna Extra,2894034000000,11559,11550,1 un = 150 gr (aprox.),Nobre,,"14,99€/Kg","2,25€",https://cdn.intermarche.pt/pt/Content/images/boitmal/produit/zoom/557B46964D51EA0529BF496E616F76D8.jpg,2024-09-25T22:59:59.999Z,/product/fiambre-da-perna-extra/2894034000000
42154,Fiambre da perna extra,5604260304707,11559,11550,Pack Poupança de 2 x 170 g,PorSi,,"9,74€/Kg","3,31€",https://cdn.intermarche.pt/pt/Content/images/boitmal/produit/zoom/522CF7C8AF248AB65F1CD031BC66A250.jpg,2024-10-04T22:59:59.999Z,/product/fiambre-da-perna-extra/5604260304707
8521,Fiambre perna extra fatiado,5601119956810,11559,11550,Embalagem de 120g,Nobre,,"16,58€/Kg","1,99€",https://cdn.intermarche.pt/pt/Content/images/boitmal/produit/zoom/92F6E974DF0D1BEE6EC9B9E40F884B8B.jpg,2024-09-25T22:59:59.999Z,/product/fiambre-perna-extra-fatiado/5601119956810
8520,Fiambre perna extra finissimos fatiado,5601119956490,11559,11550,Embalagem de 120g,Nobre,,"16,58€/Kg","1,99€",https://cdn.intermarche.pt/pt/Content/images/boitmal/produit/zoom/A7AE9A4CE77B2E0C74B78D8E6FD0475C.jpg,2024-09-25T22:59:59.999Z,/product/fiambre-perna-extra-finissimos-fatiado/5601119956490
47648,Fiambre Perna Extra Braseado Finissimas,5601119355378,11559,11550,Embalagem de 120g,Nobre,,"16,58€/Kg","1,99€",https://cdn.intermarche.pt/pt/Content/images/boitmal/produit/zoom/45073CAB30F31F6D40B3DBFB7E59A4B9.jpg,2024-09-25T22:59:59.999Z,/product/fiambre-perna-extra-braseado-finissimas/5601119355378
44736,Fiambre da perna extra fatias finas,5601119354296,11559,11550,Embalagem de 220g,Nobre,,"14,95€/Kg","3,29€",https://cdn.intermarche.pt/pt/Content/images/boitmal/produit/zoom/A78050C7BB155B5DB1353AC09A55C6E3.jpg,2024-09-25T22:59:59.999Z,/product/fiambre-da-perna-extra-fatias-finas/5601119354296
42776,Fiambre da pá fatiado,5604260304714,11559,11550,200 g,PorSi,,"7,95€/Kg","1,59€",https://cdn.intermarche.pt/pt/Content/images/boitmal/produit/zoom/07DD45F16B211F1D583B1FE45014C95A.jpg,,/product/fiambre-da-pa-fatiado/5604260304714
3564,Fiambre da Perna Extra,2894493000000,11559,11550,1 un = 150 gr (aprox.),PorSi,,"8,99€/Kg","1,35€",https://cdn.intermarche.pt/pt/Content/images/boitmal/produit/zoom/49AE3FB33A4713700D81E8B473AE23AB.jpg,,/product/fiambre-da-perna-extra/2894493000000
7039,Fiambre da Pá,2894063000000,11559,11550,1 un = 150 gr (aprox.),PorSi,,"6,99€/Kg","1,05€",https://cdn.intermarche.pt/pt/Content/images/boitmal/produit/zoom/B87BAC127B58478623C2B11B6464A879.jpg,,/product/fiambre-da-pa/2894063000000
9444,"Fiambre extra, fatias finas",5604260055531,11559,11550,Embalagem de 150 g,PorSi,,"9,93€/Kg","1,49€",https://cdn.intermarche.pt/pt/Content/images/boitmal/produit/zoom/CFC79107274226ACB7B010A1495C4480.jpg,,/product/fiambre-extra-fatias-finas/5604260055531
14653,Fiambre da perna extra fatias finas cuida-t+,5601119225442,11559,11550,Embalagem de 110g,Nobre,,"24,45€/Kg","2,69€",https://cdn.intermarche.pt/pt/Content/images/boitmal/produit/zoom/D5E0C522AAF17703A5791C561676C67A.jpg,,/product/fiambre-da-perna-extra-fatias-finas-cuida-t+/5601119225442
5772,"Fiambre extra, fatiado",5604260025275,11559,11550,Embalagem de 200g,PorSi,,"9,95€/Kg","1,99€",https://cdn.intermarche.pt/pt/Content/images/boitmal/produit/zoom/E1FD3B6764CBA26BBE33F1BC49A13FA3.jpg,,/product/fiambre-extra-fatiado/5604260025275
43625,Fiambre cubos 2x70g,5604260309047,11559,11550,Embalagem de 140g,PorSi,,"9,21€/Kg","1,29€",https://cdn.intermarche.pt/pt/Content/images/boitmal/produit/zoom/74596E6CBC12FC7A424970E315AAA987.jpg,,/product/fiambre-cubos-2x70g/5604260309047
36742,Fiambre da perna extra baixo teor de gordura fatias finas,5604260299713,11559,11550,Embalagem de 200 g,PorSi Viva Bem,,"13,95€/Kg","2,79€",https://cdn.intermarche.pt/pt/Content/images/boitmal/produit/zoom/C20693ACEF4C409F9F2FE3A46A8B3BA3.jpg,,/product/fiambre-da-perna-extra-baixo-teor-de-gordura-fatias-finas/5604260299713
9184,Presunto sabor português fatiado,5602348062754,11556,11550,Embalagem de 70 g,Damatta,,"32,71€/Kg","2,29€",https://cdn.intermarche.pt/pt/Content/images/boitmal/produit/zoom/0A14ED361A0023E1AFBFC3FC3C5833B1.jpg,2024-10-02T22:59:59.999Z,/product/presunto-sabor-portugues-fatiado/5602348062754
41436,"Presunto de porco preto 24 meses de cura, 70 g",5604260305810,11556,11550,,PorSi Select,,"65,57€/Kg","4,59€",https://cdn.intermarche.pt/pt/Content/images/boitmal/produit/zoom/67037E7B9C2FEBA6321AD97F5269889E.jpg,,/product/presunto-de-porco-preto-24-meses-de-cura-70-g/5604260305810
14977,Presunto fatiado,5604260276035,11556,11550,Embalagem de 200g,PorSi,,"15,95€/Kg","3,19€",https://cdn.intermarche.pt/pt/Content/images/boitmal/produit/zoom/058BAF093B6BA015CDD01C70DCC67D2F.jpg,,/product/presunto-fatiado/5604260276035
52525,"Presunto do Minho Fatias Finas 9 Meses de Cura, 150 g",5604260328048,11556,11550,,PorSi,,"26,60€/Kg","3,99€",https://cdn.intermarche.pt/pt/Content/images/boitmal/produit/zoom/3619E0972A8912E0C6EE6B6C229868AC.jpg,,/product/presunto-do-minho-fatias-finas-9-meses-de-cura-150-g/5604260328048
49337,Barriga fumada forno lenha,5605466204358,11556,11550,Embalagem de 150g,Prisca,,"22,60€/Kg","3,39€",https://cdn.intermarche.pt/pt/Content/images/boitmal/produit/zoom/3297FD62DE2811642FB08C85D2C940E1.jpg,2024-10-02T22:59:59.999Z,/product/barriga-fumada-forno-lenha/5605466204358
25726,Presunto C/ Osso Cura 9 Meses,2894736000000,11556,11550,Vendido ao peso (1un = 7 kg aprox.),Salsicharia Limiana,,"9,99€/Kg","69,93€",https://cdn.intermarche.pt/pt/Content/images/boitmal/produit/zoom/99931B8F35110FB574C8B556B3845BF7.jpg,2024-10-02T22:59:59.999Z,/product/presunto-c-ou-osso-cura-9-meses/2894736000000
28473,Entremeada salgada,5605466204303,11556,11550,Embalagem de 150g,Prisca,,"22,60€/Kg","3,39€",https://cdn.intermarche.pt/pt/Content/images/boitmal/produit/zoom/D3701D853A6DB102A832BDE66638E345.jpg,2024-10-02T22:59:59.999Z,/product/entremeada-salgada/5605466204303
48215,Pernil Fumado,2894703000000,11556,11550,1 un = 800 gr (aprox.),Terras do Demo,,"12,49€/Kg","9,99€",https://cdn.intermarche.pt/pt/Content/images/boitmal/produit/zoom/5F3815E40606F2E33034FA8ACC2F73B8.jpg,,/product/pernil-fumado/2894703000000
48217,Orelheira Fumada,2894704000000,11556,11550,1 un = 800 gr (aprox.),Terras do Demo,,"12,49€/Kg","9,99€",https://cdn.intermarche.pt/pt/Content/images/boitmal/produit/zoom/FB7818C60C26682FE151E6AB47C620DF.jpg,,/product/orelheira-fumada/2894704000000
52524,"Presunto do Minho Fatiado 9 Meses de Cura, 200 g",5604260328031,11556,11550,,PorSi,,"24,95€/Kg","4,99€",https://cdn.intermarche.pt/pt/Content/images/boitmal/produit/zoom/2CF21234C9A555047F81CC953356A65E.jpg,,/product/presunto-do-minho-fatiado-9-meses-de-cura-200-g/5604260328031
42152,Tiras de bacon fumado,5604260309009,11556,11550,Embalagem de 2 x 100 g,PorSi,,"10,95€/Kg","2,19€",https://cdn.intermarche.pt/pt/Content/images/boitmal/produit/zoom/370FF2BC2013B8923987037050A2F519.jpg,,/product/tiras-de-bacon-fumado/5604260309009
49881,Toucinho fumado fatiado,5604260319312,11556,11550,Embalagem de 200g,PorSi,,"9,95€/Kg","1,99€",https://cdn.intermarche.pt/pt/Content/images/boitmal/produit/zoom/2FFAEDF3919E8DD517C2208CF216AEDB.jpg,,/product/toucinho-fumado-fatiado/5604260319312
9443,Presunto fatias finas,5604260055524,11556,11550,Embalagem de 150g,PorSi,,"17,27€/Kg","2,59€",https://cdn.intermarche.pt/pt/Content/images/boitmal/produit/zoom/4E487548A3BA58BA3CD92F5F13C76B96.jpg,,/product/presunto-fatias-finas/5604260055524
32137,Bacon Extra Nacos,5604925003488,11556,11550,200 g,Porminho,,"14,95€/Kg","2,99€",https://cdn.intermarche.pt/pt/Content/images/boitmal/produit/zoom/E6636A09D99376F54587B0A7FBB6DF05.jpg,,/product/bacon-extra-nacos/5604925003488
47780,Tiras de bacon fumado,5604260320240,11556,11550,Embalagem de 300g,PorSi,,"11,63€/Kg","3,49€",https://cdn.intermarche.pt/pt/Content/images/boitmal/produit/zoom/80CC41CC9F6FBD3532F6CC19AABCD569.jpg,,/product/tiras-de-bacon-fumado/5604260320240
48146,Presunto serrano 9 meses,5604260321247,11556,11550,Embalagem de 200g,PorSi,,"17,45€/Kg","3,49€",https://cdn.intermarche.pt/pt/Content/images/boitmal/produit/zoom/15C33CE96B70F0F0464EE7553428A7A5.jpg,,/product/presunto-serrano-9-meses/5604260321247
49380,Tiras de bacon 2x75g,5604260323586,11556,11550,Embalagem de 150g,PorSi,,"9,93€/Kg","1,49€",https://cdn.intermarche.pt/pt/Content/images/boitmal/produit/zoom/735CC8D6AA1B0795677327FEDBB9FA34.jpg,,/product/tiras-de-bacon-2x75g/5604260323586
7053,Toucinho Fumado,2894104000000,11556,11550,fatiado a partir de 100 gr,PorSi,,"9,99€/Kg","1,00€",https://cdn.intermarche.pt/pt/Content/images/boitmal/produit/zoom/F09624FA8C2F1A78EEFD14294DF2DEAF.jpg,,/product/toucinho-fumado/2894104000000
7105,Bacon Extra,2894508000000,11556,11550,"Vendido ao peso, fatiado a partir de 100 gr",Primor,,"11,99€/Kg","1,20€",https://cdn.intermarche.pt/pt/Content/images/boitmal/produit/zoom/11A9EC567F982E26800D8DF9E4043FCC.jpg,,/product/bacon-extra/2894508000000
15208,Pernil Fumado Ponte de Lima,2894120000000,11556,11550,1 un = 800 gr (aprox.),PorSi,,"6,99€/Kg","5,59€",https://cdn.intermarche.pt/pt/Content/images/boitmal/produit/zoom/81329ECFE9C1B435AD507814A2D53E78.jpg,,/product/pernil-fumado-ponte-de-lima/2894120000000
41094,"Toucinho fumado extra, 200 g",5604260303632,11556,11550,,PorSi,,"12,45€/Kg","2,49€",https://cdn.intermarche.pt/pt/Content/images/boitmal/produit/zoom/528743AFA2F5CE58EDD5371D858F299C.jpg,,/product/toucinho-fumado-extra-200-g/5604260303632
3538,"Presunto Metades, 6 meses de cura",2894213000000,11556,11550,"Vendido ao peso, fatiado a partir de 100 gr",PorSi,,"14,99€/Kg","1,50€",https://cdn.intermarche.pt/pt/Content/images/boitmal/produit/zoom/4E174EE10BB3E88456A3A926B928C05D.jpg,,/product/presunto-metades-6-meses-de-cura/2894213000000
3539,Presunto Bodega,2894220000000,11556,11550,"Vendido ao peso, fatiado a partir de 100 g",Elpozo,,"23,99€/Kg","2,40€",https://cdn.intermarche.pt/pt/Content/images/boitmal/produit/zoom/B08B3C208782FD0824215A2662A05581.jpg,,/product/presunto-bodega/2894220000000
43335,Presunto 12 meses fatiado,5604260309023,11556,11550,Embalagem de 150g,PorSi Select,,"24,60€/Kg","3,69€",https://cdn.intermarche.pt/pt/Content/images/boitmal/produit/zoom/F6B6FA5A8B125D70C012277B988060A3.jpg,,/product/presunto-12-meses-fatiado/5604260309023
51567,Presunto naco 6 meses,5604260323784,11556,11550,Embalagem de 250g,PorSi,,"19,96€/Kg","4,99€",https://cdn.intermarche.pt/pt/Content/images/boitmal/produit/zoom/50EB17B08F1A391912910A6A82F6CC8E.jpg,,/product/presunto-naco-6-meses/5604260323784
38015,Toucinho de porco preto de sousel,2894103000000,11556,11550,vendido ao peso,PorSi,,"8,99€/Kg","2,25€",https://cdn.intermarche.pt/pt/Content/images/boitmal/produit/zoom/C294E10AE824FC783DE51C1481B1C11F.jpg,,/product/toucinho-de-porco-preto-de-sousel/2894103000000
6005,Cubos de bacon,5604925010257,11556,11550,Embalagem de 2x75 g,Porminho,,"21,93€/Kg","3,29€",https://cdn.intermarche.pt/pt/Content/images/boitmal/produit/zoom/E68DA14D01ADEEEA9208B9350C98F8DE.jpg,,/product/cubos-de-bacon/5604925010257
23289,Lombo do cachaço,2894735000000,11556,11550,"Vendido ao peso, fatiado a partir de 100 gr",Quinta dos Fumeiros,,"21,99€/Kg","2,20€",https://cdn.intermarche.pt/pt/Content/images/boitmal/produit/zoom/4CC565D6264CCA42453F5140DEE78A32.jpg,,/product/lombo-do-cachaco/2894735000000
52523,"Presunto do Minho com 9 Meses de Cura Pedaço, 350 g",5604260328055,11556,11550,,PorSi,,"19,97€/Kg","6,99€",https://cdn.intermarche.pt/pt/Content/images/boitmal/produit/zoom/F9E40BBB929D827DFFFD372732D1826D.jpg,,/product/presunto-do-minho-com-9-meses-de-cura-pedaco-350-g/5604260328055
17493,Bacon Extra fatiado,5604925010509,11556,11550,Embalagem 80g,Porminho,,"18,13€/Kg","1,45€",https://cdn.intermarche.pt/pt/Content/images/boitmal/produit/zoom/F0D98B07A6FB04BB1720CF262063B20D.jpg,,/product/bacon-extra-fatiado/5604925010509
18350,Chouriço fatiado,8410320148245,11557,11550,Embalagem de 80g,Campofrio,,"19,88€/Kg","1,59€",https://cdn.intermarche.pt/pt/Content/images/boitmal/produit/zoom/C935719A57D5E81DA0BFC4CFFF1CE04A.jpg,2024-09-25T22:59:59.999Z,/product/chourico-fatiado/8410320148245
22232,Salame fat,8410320104500,11557,11550,Embalagem de 80g,Campofrio,,"19,88€/Kg","1,59€",https://cdn.intermarche.pt/pt/Content/images/boitmal/produit/zoom/55984918C252981E6C8956EFD4419256.jpg,2024-09-25T22:59:59.999Z,/product/salame-fat/8410320104500
41439,"Paio do lombo de porco preto, 70 g",5604260305803,11557,11550,,PorSi Select,,"64,14€/Kg","4,49€",https://cdn.intermarche.pt/pt/Content/images/boitmal/produit/zoom/1A1214D309B6C42168E4FFF7664F6DE9.jpg,,/product/paio-do-lombo-de-porco-preto-70-g/5604260305803
49880,Paio york fatiado,5604260319329,11557,11550,Embalagem de 200g,PorSi,,"8,45€/Kg","1,69€",https://cdn.intermarche.pt/pt/Content/images/boitmal/produit/zoom/05B942FD662FDC50C46148F866480E8B.jpg,,/product/paio-york-fatiado/5604260319329
9390,Chourição fatiado,5604260033461,11557,11550,Embalagem de 200g,PorSi,,"8,95€/Kg","1,79€",https://cdn.intermarche.pt/pt/Content/images/boitmal/produit/zoom/73FBBDA610443727507C31CA2DA52A8C.jpg,,/product/chouricao-fatiado/5604260033461
3523,Mortadela de peru com azeitonas,2894015000000,11557,11550,1 un = 150 gr (aprox.),PorSi,,"8,99€/Kg","1,35€",https://cdn.intermarche.pt/pt/Content/images/boitmal/produit/zoom/6F31029C85ED204A4425F6F2A7ADDD8B.jpg,,/product/mortadela-de-peru-com-azeitonas/2894015000000
49888,Salame fatiado,5604260319343,11557,11550,Embalagem de 200g,PorSi,,"9,95€/Kg","1,99€",https://cdn.intermarche.pt/pt/Content/images/boitmal/produit/zoom/2931D94D170977E434390B7BBEBFA4F8.jpg,,/product/salame-fatiado/5604260319343
5771,Mortadela fatiada,5604260025268,11557,11550,Embalagem de 200 g,PorSi,,"4,95€/Kg","0,99€",https://cdn.intermarche.pt/pt/Content/images/boitmal/produit/zoom/5569886E37250A2C08A3199482948E3F.jpg,,/product/mortadela-fatiada/5604260025268
9466,Mortadela fatiada com azeitonas,5604260057856,11557,11550,Embalagem de 200 g,PorSi,,"4,95€/Kg","0,99€",https://cdn.intermarche.pt/pt/Content/images/boitmal/produit/zoom/10FD8F53FBEB7E3F379C93446CED2923.jpg,,/product/mortadela-fatiada-com-azeitonas/5604260057856
9698,Mortadela de peru fatiada,5604260271047,11557,11550,Embalagem de 200g,PorSi,,"12,45€/Kg","2,49€",https://cdn.intermarche.pt/pt/Content/images/boitmal/produit/zoom/3B9C433B2EDADBA753EBE9458E88B36E.jpg,,/product/mortadela-de-peru-fatiada/5604260271047
9445,Mortadela mini,5604260056590,11557,11550,Embalagem de 350g,PorSi,,"7,11€/Kg","2,49€",https://cdn.intermarche.pt/pt/Content/images/boitmal/produit/zoom/2C0DAA521787BCAB0CADEA315BF91316.jpg,,/product/mortadela-mini/5604260056590
49882,Paio lombo fatiado,5604260319336,11557,11550,Embalagem de 200g,PorSi,,"14,95€/Kg","2,99€",https://cdn.intermarche.pt/pt/Content/images/boitmal/produit/zoom/E7445BC8FB8E956A86FB5204A0825A2D.jpg,,/product/paio-lombo-fatiado/5604260319336
3522,Mortadela de peru,2894014000000,11557,11550,1 un = 150 gr (aprox.),PorSi,,"6,99€/Kg","1,05€",https://cdn.intermarche.pt/pt/Content/images/boitmal/produit/zoom/8908D3D61C26BC57FA54B224526FE0AE.jpg,,/product/mortadela-de-peru/2894014000000
7032,Mortadela c/azeitonas,2894007000000,11557,11550,1 un = 150 gr (aprox.),PorSi,,"6,99€/Kg","1,05€",https://cdn.intermarche.pt/pt/Content/images/boitmal/produit/zoom/918E7ED0C2C3D60783558CB6C33BC651.jpg,,/product/mortadela-c-ou-azeitonas/2894007000000
7029,Mortadela Simples,2894003000000,11557,11550,1 un = 150 gr (aprox.),PorSi,,"6,99€/Kg","1,05€",https://cdn.intermarche.pt/pt/Content/images/boitmal/produit/zoom/834EEBC66312A7CC9FC724974301A923.jpg,,/product/mortadela-simples/2894003000000
48144,Lombo curado fatiado,5604260322121,11557,11550,100 g,PorSi,,"19,90€/Kg","1,99€",https://cdn.intermarche.pt/pt/Content/images/boitmal/produit/zoom/52C607861390252049968608CE69C6D2.jpg,,/product/lombo-curado-fatiado/5604260322121
29630,Salsicha p/Churrasco Picante,5605564000081,11561,11550,1 Embalagem 360G,Carne Sorraia,,"7,47€/Kg","2,69€",https://cdn.intermarche.pt/pt/Content/images/boitmal/produit/zoom/55A5A4E62A6CCA888686A5B368C61444.jpg,,/product/salsicha-p-ou-churrasco-picante/5605564000081
29700,Salsicha p/Churrasco XL,5605564000074,11561,11550,1 Embalagem 360G,Carne Sorraia,,"2,69€/Unidade","2,69€",https://cdn.intermarche.pt/pt/Content/images/boitmal/produit/zoom/54454A9168E42EBB4FE912EB5FF8CFED.jpg,,/product/salsicha-p-ou-churrasco-xl/5605564000074
48174,Salsichas de churrasco c/ queijo,5604260322206,11561,11550,Embalagem de 250g,PorSi,,"7,96€/Kg","1,99€",https://cdn.intermarche.pt/pt/Content/images/boitmal/produit/zoom/C8C363CCBA437B1639CEDA7D3C6A253A.jpg,,/product/salsichas-de-churrasco-c-ou-queijo/5604260322206
48175,Salsichas de churrasco c/ presunto,5604260322213,11561,11550,Embalagem de 250g,PorSi,,"9,16€/Kg","2,29€",https://cdn.intermarche.pt/pt/Content/images/boitmal/produit/zoom/145C0BE604435FE29D7599FFC71C61A2.jpg,,/product/salsichas-de-churrasco-c-ou-presunto/5604260322213
5840,Salsichas churrasco picantes,5604260318865,11561,11550,Embalagem de 250g,PorSi,,"7,96€/Kg","1,99€",https://cdn.intermarche.pt/pt/Content/images/boitmal/produit/zoom/2D17BDCE91682B0A57872BB6776938BB.jpg,,/product/salsichas-churrasco-picantes/5604260318865
48196,Salsichas churrasco clássicas,5604260318841,11561,11550,Embalagem de 250 g,PorSi,,"7,96€/Kg","1,99€",https://cdn.intermarche.pt/pt/Content/images/boitmal/produit/zoom/D178C6DF89410BA67386226AB159EDA8.jpg,,/product/salsichas-churrasco-classicas/5604260318841
36694,Salsichas churrasco com ervas aromáticas,5604260318858,11561,11550,Embalagem de 250 g,PorSi,,"7,96€/Kg","1,99€",https://cdn.intermarche.pt/pt/Content/images/boitmal/produit/zoom/9D47A2518F6F955123D699AAD6ECC149.jpg,,/product/salsichas-churrasco-com-ervas-aromaticas/5604260318858
